2003 3322
181 230 201 256 2
210 233 230 267 7
239 230 258 255 2
879 228 997 260 opus
1021 229 1358 262 EVANGELICUM
1600 218 1705 272 [CAP.
1725 228 1778 255 lx.

467 345 508 369 se
537 333 636 369 enim
670 345 789 370 orare
819 341 957 370 nature
988 341 1055 382 est,
1083 347 1160 383 pro
1191 335 1316 371 altero
1348 343 1473 371 autem
1505 336 1664 386 gracie;
1700 348 1777 385 pro

467 403 507 427 se
544 403 662 427 orare
700 392 905 428 necessitas
943 392 1001 428 rei
1037 393 1155 443 cogit,
1194 405 1271 442 pro
1310 394 1435 429 altero
1473 402 1598 429 autem
1632 394 1777 429 caritas

457 450 729 498 fraternitatis
779 450 972 485 hortatur.
1026 450 1194 486 Dulcior
1244 458 1299 487 est
1351 459 1477 487 autem
1521 458 1608 487 ante
1650 451 1776 487 Deum

471 507 601 543 oracio
646 520 719 543 non
764 519 876 556 quam
928 508 1132 544 necessitas
1176 509 1235 544 rei
1270 509 1509 545 transmittat
1558 509 1627 545 sed
1663 521 1776 558 quam

471 565 616 601 caritas
637 565 910 614 fraternitatis
942 567 1195 602 commendat.

235 635 393 674 Havingss
535 623 613 667 Qui
647 635 686 658 es
724 623 759 658 in
799 623 900 661 celis.
953 624 1035 659 Vult
1067 624 1174 660 Deus
1213 631 1252 659 ut
1281 625 1484 672 faciamus
1522 636 1589 660 nos
1623 631 1777 673 patrem

236 671 349 698 Father
368 678 397 697 ¹¹¹
472 680 613 717 habere
651 680 826 717 celestem
866 688 907 716 ut
939 682 1165 717 erubescant
1195 693 1235 717 se
1266 683 1430 718 terrenis
1464 682 1577 718 rebus
1608 682 1778 718 subster-

178 706 293 732 heaven
309 713 354 732 we
375 709 458 732 must

221 745 274 767 not
295 738 414 773 subject
473 751 562 774 nere
610 738 770 774 scientes
819 751 859 774 se
897 746 1053 787 patrem
1099 739 1240 775 habere
1284 740 1472 776 celestem.
1528 740 1634 776 Sicut
1679 739 1778 775 enim

188 775 444 845 effiffisslvtffintgs,
473 797 644 846 degener
674 796 788 846 filius
830 797 882 831 ad
925 797 1177 846 opprobrium
1218 798 1385 846 pertinet
1421 798 1606 848 generosi
1637 797 1778 846 patris,

471 854 525 890 sic
563 861 598 889 et
636 854 869 890 christianus
908 854 1067 890 iniustus
1105 855 1157 890 ad
1193 855 1469 904 blasphemiam
1506 855 1675 905 pertinet
1705 855 1782 890 Dei

471 912 569 948 iusti.
604 912 705 947 Nam
738 912 835 948 sicut
861 924 937 961 per
968 913 1084 948 bonos
1116 912 1347 949 christianos
1379 913 1486 949 Deus
1516 913 1780 963 glorificatur,

470 970 525 1006 sic
551 982 627 1019 per
659 970 783 1006 malos
815 970 1119 1019 blasphematur,

190 1040 219 1079 tf
237 1039 335 1067 God’s
356 1047 445 1077 name
531 1027 803 1077 Sanctificetur
845 1040 979 1064 nomen
1023 1035 1140 1064 tuum.
1203 1029 1404 1072 Quomodo
1436 1029 1702 1078 sanctificatur
1734 1028 1779 1063 ab

196 1073 446 1140 ¹{JJaQL‘g‘2ffistn
473 1085 625 1121 homine
671 1086 735 1134 qui
778 1086 994 1135 sanctificat
1032 1098 1162 1122 omnes
1198 1093 1264 1121 aut
1301 1087 1401 1134 quod
1435 1094 1609 1122 sanctum
1649 1093 1704 1122 est
1742 1093 1781 1121 ut

180 1144 330 1182 shunthe
351 1142 564 1192 soilofqul‘d
606 1144 879 1193 sanctificetur,
923 1144 992 1180 sed
1034 1144 1069 1179 in
1113 1156 1153 1180 se
1189 1144 1340 1193 quidem
1385 1152 1557 1180 sanctum
1601 1151 1678 1189 est;
1721 1144 1781 1179 hic

290 1186 348 1205 sm.
473 1208 600 1237 autem
634 1202 822 1250 queritur,
869 1209 909 1237 ut
940 1202 976 1237 in
1009 1202 1116 1238 nobis
1146 1202 1419 1252 sanctificetur,
1463 1202 1503 1237 id
1535 1209 1602 1248 est,
1642 1209 1682 1237 ut
1713 1213 1782 1237 nos

472 1259 581 1294 illum
619 1260 907 1310 sanctificamus
944 1260 979 1295 in
1019 1259 1140 1306 nobis,
1184 1267 1224 1295 ut
1255 1272 1339 1296 cum
1373 1272 1442 1296 nos
1474 1260 1581 1296 illum
1614 1260 1781 1309 sanctffi-

472 1317 690 1353 caverimus
712 1318 746 1353 in
771 1317 889 1364 nobis,
923 1324 1010 1353 tunc
1043 1325 1077 1353 et
1109 1318 1173 1353 ille
1205 1330 1271 1353 nos
1301 1318 1511 1367 sanctificet
1542 1318 1577 1352 in
1609 1330 1671 1362 se,·
1692 1330 1780 1353 nam

469 1375 534 1424 qui
564 1388 636 1411 non
668 1375 883 1426 sanctificat
904 1375 1030 1411 Deum
1064 1388 1137 1411 non
1160 1376 1429 1426 sanctificatur
1450 1389 1471 1411 a
1494 1376 1591 1412 Deo.
1629 1375 1778 1411 Sancti-

458 1433 630 1482 ficamus
662 1441 788 1469 autem
813 1434 939 1469 Deum
973 1434 1008 1468 in
1042 1433 1161 1480 nobis,
1192 1434 1346 1482 quando
1378 1434 1537 1470 scientes
1560 1445 1644 1469 eum
1668 1445 1778 1470 sanc-

471 1499 549 1527 tum
594 1491 771 1528 timemus
815 1503 898 1527 eum
936 1499 971 1527 et
1006 1491 1169 1527 sollicite
1208 1492 1429 1542 vigilamus,
1476 1504 1520 1528 ne
1547 1492 1662 1540 forte
1702 1491 1779 1527 vio-

471 1549 592 1585 lemus
623 1549 864 1586 sanctitatem
898 1549 1060 1585 nominis
1093 1549 1170 1585 eius
1203 1550 1238 1585 in
1272 1550 1378 1586 nobis
1400 1562 1476 1599 per
1505 1562 1624 1599 opera
1648 1557 1780 1585 nostra

471 1607 589 1654 mala,
632 1604 729 1644 sicut
765 1607 831 1656 qui
860 1608 1049 1656 preclara
1083 1614 1186 1643 veste
1217 1608 1373 1644 vestitus
1406 1615 1462 1644 est
1482 1607 1599 1658 sugit
1630 1619 1778 1643 omnem

472 1677 552 1701 rem
585 1666 800 1710 sordidam,
835 1678 879 1701 ne
899 1666 1014 1714 forte
1040 1665 1252 1714 coinquinet
1274 1678 1356 1701 eam
1381 1673 1415 1702 et
1435 1666 1578 1714 perdat
1598 1665 1778 1716 graciam

471 1724 653 1759 candoris
692 1724 792 1768 eius,·
836 1723 891 1759 sic
927 1723 992 1772 qui
1026 1723 1183 1772 suscipit
1214 1724 1340 1759 Deum
1380 1724 1415 1758 in
1449 1735 1615 1773 corpore
1645 1735 1713 1759 suo
1746 1729 1780 1758 et

472 1781 508 1816 in
532 1781 680 1830 Spiritu
704 1782 846 1817 Sancto
877 1781 1065 1817 sollicitus
1097 1792 1177 1817 esse
1209 1782 1318 1817 debet
1350 1793 1394 1817 ne
1414 1782 1530 1829 forte
1552 1780 1781 1817 contaminet

471 1851 555 1875 eum
598 1839 721 1875 sciens
764 1839 864 1887 quia,
909 1839 943 1875 si
984 1839 1266 1875 contaminatus
1293 1839 1423 1888 fuerit
1462 1839 1497 1874 in
1537 1839 1656 1885 nobis,
1701 1838 1781 1888 ipse

470 1896 622 1946 quidem
655 1897 690 1932 in
722 1909 792 1933 sua
826 1904 966 1933 natura
998 1896 1346 1933 incontaminabilis
1379 1904 1508 1933 manet
1539 1909 1623 1933 cum
1648 1903 1781 1932 conta-

473 1955 697 1991 minacionis
739 1955 919 1991 iniuriam
963 1954 1145 2006 graviter
1188 1963 1320 1991 nostro
1367 1955 1574 1991 vindicabit
1611 1954 1778 1990 interitu.

473 2014 556 2048 Hec
589 2012 873 2049 Crisostomus.

530 2070 720 2119 Sequitur
757 2071 796 2107 in
835 2079 941 2107 textu
980 2070 1190 2118 evangelii:
1231 2071 1421 2106 Adveniat
1459 2083 1623 2121 regnum
1663 2078 1780 2106 tuum.

473 2130 602 2177 Super
643 2142 722 2177 quo
759 2129 1023 2177 Augustinus:
1073 2129 1178 2165 Sicut
1221 2129 1300 2178 ipse
1342 2128 1532 2165 Dominus
1574 2136 1705 2165 noster
1747 2128 1783 2163 in

473 2187 674 2237 evangelio
704 2188 826 2235 docet,
855 2195 943 2223 tunc
961 2187 1147 2236 futurum
1180 2199 1261 2223 esse
1293 2187 1390 2223 diem
1414 2186 1555 2233 iudicii,
1588 2199 1671 2223 cum
1690 2198 1783 2235 pre-

474 2245 641 2281 dicatum
684 2245 815 2293 fuerit
866 2245 1109 2296 evangelium
1162 2245 1198 2280 in
1251 2245 1423 2281 omnibus
1473 2245 1663 2295 gentibus,
1714 2256 1785 2293 que

474 2314 536 2339 res
554 2303 723 2352 pertinet
744 2304 780 2338 in
802 2301 1150 2353 sanctificacionem
1182 2303 1343 2339 nominis
1366 2302 1536 2338 Domini.
1570 2303 1655 2338 Non
1685 2302 1782 2337 enim

474 2367 509 2396 et
540 2361 600 2396 hic
632 2361 683 2396 ita
715 2361 855 2397 dictum
886 2368 962 2397 est:
993 2360 1183 2397 Adveniat
1215 2372 1380 2410 regnum
1404 2368 1522 2407 tuum,
1555 2359 1666 2409 quasi
1686 2372 1784 2395 nunc

474 2419 581 2454 Deus
614 2431 687 2455 non
721 2426 881 2469 regnet;
916 2419 985 2455 sed
1006 2419 1122 2467 forte
1160 2418 1243 2467 quis
1283 2419 1385 2454 dicat
1416 2418 1608 2453 Adveniat
1641 2417 1781 2453 dictum

474 2488 554 2513 esse
591 2477 627 2512 in
666 2484 830 2523 terram,
876 2476 986 2525 quasi
1023 2488 1114 2512 vero
1147 2489 1219 2512 non
1253 2476 1373 2512 eciam
1406 2476 1486 2525 ipse
1518 2488 1615 2512 nunc
1647 2482 1784 2525 regnet

474 2534 510 2569 in
551 2541 659 2570 terra
706 2547 933 2584 semperque
970 2534 1006 2570 in
1047 2547 1090 2570 ea
1124 2534 1351 2584 regnaverit
1383 2546 1405 2569 a
1439 2533 1573 2569 mundi
1602 2533 1782 2569 constitu-

543 2692 579 2727 15,
602 2691 644 2719 16.
666 2691 704 2718 B:
728 2691 784 2719 lzoc
802 2694 903 2718 autem
922 2692 1072 2726 queritur.
1148 2690 1186 2719 18.
1208 2692 1251 2718 A:
1273 2698 1344 2718 nam
1364 2698 1444 2718 nam.
1520 2698 1560 2723 19.
1582 2691 1609 2717 A
1624 2690 1652 2717 in
1669 2698 1782 2725 marg:

472 2725 564 2754 Nota.
638 2734 681 2753 22.
696 2727 734 2754 B:
747 2726 954 2754 sanctitatem.
1027 2725 1070 2753 32.
1086 2726 1154 2753 Ain
1169 2734 1265 2761 marg.
1276 2735 1282 2752 ε
1295 2726 1495 2762 Augustinus.
1567 2724 1614 2753 36.
1631 2725 1669 2752 B:
1682 2728 1713 2752 ul
1726 2725 1783 2752 hic.

545 2800 598 2832 31.
624 2798 742 2830 Matth.
773 2799 827 2838 VI,
859 2809 908 2830 10.
1006 2798 1058 2831 32.
1085 2799 1118 2830 S.
1136 2798 1362 2840 Augustinus,
1388 2798 1439 2829 De
1463 2808 1625 2829 sermone
1642 2797 1782 2829 Domini

474 2846 509 2876 in
535 2852 664 2886 monte,
692 2845 712 2877 1.
739 2856 767 2877 c.
793 2856 826 2887 p.
855 2844 930 2876 208.
1028 2844 1079 2877 35.
1107 2844 1225 2876 Matth.
1252 2844 1352 2884 XXII,
1384 2854 1433 2885 14.

1800 870 1838 891 10

1800 1149 1836 1180 15

1797 1448 1838 1469 20

1796 1727 1835 1759 25

1799 2306 1839 2339 ‘55
