2003 3322
219 194 309 222 CAP.
330 186 425 239 rvr]
739 197 876 228 PRIMA
905 197 1030 227 PARs.

222 312 331 353 patet
370 305 418 340 de
457 303 717 351 spiritualiter
760 302 1017 351 percuciente
1062 302 1253 350 animam,
1300 310 1342 338 ut
1386 302 1537 338 faciunt

222 370 454 411 peccatores
487 362 537 398 ad
577 373 816 398 consensum
861 361 1016 409 peccati
1055 360 1260 408 proximos
1300 359 1534 406 incitantes3

224 429 260 457 et
290 421 337 456 de
369 419 437 456 illo
469 420 627 456 locutus
651 428 708 455 est
738 418 932 465 Christus,
967 420 1129 467 quando
1164 419 1298 455 docuit
1334 419 1534 454 maxillam

223 479 390 515 alteram
425 477 537 513 reddi
571 476 705 513 taliter
737 476 906 513 ferienti.
941 476 981 512 Si
1015 485 1149 513 autern
1179 476 1326 513 iniuria
1350 476 1399 512 sit
1423 475 1536 512 resti-

190 535 388 582 5tuibilis‚
434 537 509 571 hoc
551 535 746 583 contingit
791 530 1021 582 dupliciter,
1067 534 1219 571 scilicet
1264 533 1436 582 pecunia
1474 534 1535 570 vel

222 595 377 639 labore;
411 592 583 641 pecunia
607 594 767 641 quando
791 592 1031 640 temporalia
1055 601 1145 629 sunt
1169 592 1301 628 ablata
1327 600 1363 628 et
1395 604 1535 628 secun-

223 653 316 687 dum
343 650 660 699 equivalenciam
684 650 952 697 restituenda3
978 658 1014 686 et
1038 651 1112 686 hoc
1137 649 1328 686 intellexit
1353 649 1534 686 Christus

222 710 262 745 in
295 709 470 745 secundo
503 721 573 745 suo
608 709 801 756 exemplo,
837 709 999 756 quando
1040 708 1154 744 dixit:
1203 708 1245 743 Si
1282 708 1364 757 quis
1403 708 1535 756 aufert

221 780 242 803 α
275 775 310 803 te
342 767 523 815 tunicam,
558 767 606 802 da
631 767 665 802 ei
684 774 720 803 et
736 766 916 816 pallium)
949 779 1030 802 non
1063 768 1248 813 negando
1282 765 1378 814 quin
1412 765 1530 802 liceat

170 838 207 858 10
222 825 285 873 pie
325 824 549 861 restituenti
590 825 697 872 quod
743 824 889 860 iniuste
934 824 1130 860 detulerat
1170 823 1402 871 recipiendo
1442 836 1534 860 con-

223 884 464 919 descendere
497 883 565 918 sed
590 884 697 930 quod
720 891 885 930 propter
917 882 1039 918 talem
1074 881 1263 918 iniuriam
1298 894 1379 918 non
1413 883 1533 918 debes

222 940 264 977 in
308 949 518 988 peccatum
564 940 738 976 vindicte
776 940 928 976 irruere
966 940 1028 977 vel
1066 940 1272 976 voluntate
1312 940 1372 976 vel
1412 951 1533 987 opere

223 998 394 1047 proximi
430 998 616 1034 odiendo.
672 999 925 1046 Quandoque
964 1005 1098 1034 autem
1140 997 1336 1045 contingit
1375 997 1533 1033 restitu-

224 1056 380 1093 cionem
414 1055 558 1092 iniurie
591 1068 674 1092 esse
706 1068 776 1103 per
809 1056 988 1092 laborem
1024 1055 1315 1103 equivalentem
1350 1055 1532 1103 pecunie,

171 1114 327 1150 15sicut
360 1113 541 1151 Christus
575 1113 882 1162 exemplificavit
915 1114 956 1150 in
995 1113 1120 1150 tercia
1160 1113 1442 1149 similitudine:
1493 1113 1536 1148 Si

223 1172 318 1221 quis,
359 1171 501 1220 inquit,
541 1179 576 1207 te
614 1172 885 1222 angariaverit
924 1171 1028 1208 mille
1055 1183 1209 1220 passus,
1244 1171 1341 1207 vade
1373 1184 1456 1207 cum
1491 1184 1533 1207 eo

225 1230 397 1279 duplum,
431 1231 506 1266 hoc
540 1238 610 1276 est,
646 1230 792 1266 habeas
816 1231 965 1266 bonum
1001 1229 1180 1265 animum
1215 1229 1332 1277 longe
1360 1228 1534 1276 amplius

223 1287 408 1336 paciendi
448 1295 485 1323 et
523 1286 578 1324 sic
616 1289 737 1324 verba
777 1287 970 1336 evangelii
1015 1296 1106 1323 sunt
1151 1287 1270 1335 plena
1315 1286 1451 1323 subtili
1498 1296 1534 1323 et

224 1345 374 1382 salubri
407 1344 624 1381 sentencia.

1747 188 1822 223 205

1597 541 1711 568 Others
1731 541 1779 568 for

1567 575 1668 602 which
1691 576 1711 602 it
1733 584 1800 603 can.

167 1417 208 1437 20
283 1405 360 1440 Sed
404 1402 570 1439 omnino
617 1404 840 1439 notandum
890 1412 947 1439 est
992 1404 1099 1451 quod
1145 1403 1326 1439 Christus
1370 1402 1410 1439 in
1456 1402 1652 1454 fisseMercy
1674 1418 1747 1445 does
1770 1423 1823 1445 not

223 1460 393 1509 precipit
417 1462 623 1509 quomodo
639 1461 805 1509 quilibet
820 1462 933 1497 daret
952 1460 1102 1509 petenti
1126 1460 1288 1497 cuilibet
1310 1469 1352 1497 ut
1374 1460 1532 1497 iusticia

225 1528 262 1555 et
296 1518 573 1555 misericordia
597 1520 730 1567 quoad
763 1520 932 1555 salutem
967 1519 1099 1555 anime
1122 1527 1159 1555 te
1183 1518 1393 1567 instigant3
1427 1520 1532 1555 unde

225 1578 467 1625 quandoque
521 1585 577 1613 est
634 1589 734 1625 opus
793 1576 1068 1614 misericordie
1121 1578 1216 1613 dare
1269 1576 1531 1613 elemosinam

224 1636 475 1683 corporalem
500 1644 537 1671 et
560 1634 788 1671 communis
811 1636 912 1671 foret
937 1634 1154 1671 elemosina
1179 1636 1274 1671 dare
1304 1634 1531 1671 doctrinam

164 1694 203 1727 25
222 1692 493 1741 correpcionis
539 1702 575 1729 et
620 1694 857 1740 prudentem
902 1692 1248 1741 reprobacionem,
1288 1701 1330 1729 ut
1371 1694 1532 1741 quando

221 1751 427 1787 mendicus
449 1751 603 1787 validus
637 1759 705 1787 aut
728 1751 866 1787 avidus
900 1751 1131 1799 importune
1156 1751 1255 1799 petit
1279 1751 1529 1799 corporalem

219 1808 496 1855 elemosinam,
543 1808 608 1845 ubi
648 1809 749 1845 foret
788 1808 920 1845 anime
960 1821 1028 1845 sue
1073 1809 1207 1845 utilius
1256 1810 1331 1845 hoc
1377 1821 1530 1846 cavere.

218 1868 333 1903 Unde
367 1866 459 1914 quia
494 1866 655 1903 difficile
689 1875 746 1902 est
780 1866 915 1903 multis
949 1866 988 1902 in
1022 1879 1116 1903 casu
1148 1867 1224 1903 isto
1258 1867 1359 1903 iuste
1395 1868 1532 1903 decer-

218 1937 325 1967 nere,
379 1924 469 1961 ideo
517 1924 696 1961 securius
742 1933 800 1961 est
851 1924 1049 1971 spirituali
1095 1924 1207 1972 operi
1254 1924 1531 1961 misericordie

162 1985 203 2017 30
218 1983 438 2030 prudenter
470 1982 697 2029 intendere3
732 1991 769 2018 et
802 1984 943 2019 eodem
979 1984 1098 2019 modo
1131 1982 1436 2030 intelligendum
1473 1991 1531 2018 est

219 2041 266 2076 de
300 2040 571 2086 mutuacione,
605 2039 814 2076 innitendo
847 2040 910 2076 isti
944 2040 1145 2077 sentencie
1178 2049 1389 2088 tamquam
1425 2040 1532 2088 prin-

217 2097 336 2145 cipio,
376 2099 484 2145 quod
519 2097 766 2146 impossibile
801 2107 858 2134 est
890 2098 1049 2134 Christo
1085 2098 1301 2146 quicquam
1325 2098 1531 2146 precipere

92 2155 173 2199 376¹>
215 2155 276 2191 vel
321 2156 530 2192 consulere
577 2155 652 2192 nisi
697 2155 793 2191 illud
824 2152 828 2208 Ι
858 2165 971 2192 sonet
1014 2156 1055 2192 in
1099 2156 1301 2192 iusticiam
1347 2165 1384 2192 et
1429 2169 1530 2204 opus

217 2212 469 2249 meritorium
509 2213 694 2250 faciendi.
752 2215 800 2249 Et
838 2213 930 2250 hinc
963 2213 1113 2250 sollerti
1146 2214 1279 2250 studio
1312 2213 1529 2250 videndum

161 2272 200 2306 35
217 2279 273 2307 est
306 2270 345 2306 in
380 2271 453 2307 hiis
476 2270 603 2307 verbis
628 2283 704 2319 que
732 2271 805 2307 fuit
838 2271 1013 2308 intencio
1037 2271 1257 2308 Salvatoris
1289 2285 1370 2308 non
1393 2284 1530 2319 presu-

218 2329 375 2374 mendo,
401 2328 503 2365 sicut
526 2341 598 2365 nec
620 2329 867 2376 Augustinus
891 2329 1136 2377 presumpsit
1166 2330 1377 2377 imponere
1400 2330 1529 2366 verbis

218 2386 364 2422 Christi
397 2386 644 2423 sentenciam
678 2386 754 2422 nisi
787 2387 986 2435 glossator
1019 2389 1066 2423 de
1105 2399 1222 2423 sensu
1255 2387 1446 2435 imposito
1479 2387 1529 2424 sit

216 2456 393 2489 securus,
428 2453 470 2480 ut
503 2453 614 2492 puta,
654 2446 762 2492 quod
795 2457 933 2481 sensus
968 2453 1083 2481 sonet
1116 2445 1156 2481 in
1190 2445 1399 2482 caritatem
1435 2458 1528 2482 con-

216 2501 396 2538 formiter
418 2503 467 2538 ad
491 2502 748 2550 scripturam,
772 2511 816 2539 ut
838 2503 966 2550 legem
985 2511 1161 2539 veterem
1178 2503 1315 2540 dicunt
1340 2503 1527 2540 catholici

285 2699 311 2726 7.
332 2692 376 2719 A:
398 2692 561 2731 intellexit.
654 2700 682 2728 9.
705 2693 743 2721 B:
763 2694 844 2722 licet.
949 2703 988 2728 ¹7-
1009 2696 1053 2722 A:
1075 2696 1184 2722 bonum
1204 2697 1277 2722 arm.
1380 2703 1425 2722 20.
1446 2696 1474 2723 A
1494 2696 1524 2723 in

216 2734 331 2761 marga
353 2726 458 2758 Nota:
478 2727 499 2754 Β
521 2735 549 2754 m
573 2735 686 2763 marga:
707 2728 830 2756 Petenti
846 2729 994 2756 retribue.

286 2808 316 2841 8.
344 2809 461 2841 Matth.
488 2811 529 2848 V,
554 2820 609 2851 40.
712 2811 761 2843 15.
789 2811 833 2843 ib.
859 2822 914 2853 41.

1634 1453 1735 1480 forbid

1577 1488 1741 1528 discretior]
1763 1488 1792 1515 in

1629 1531 1742 1558 givmg.
