2003 3322
233 179 321 207 CAP.
342 171 454 224 xva]
702 181 913 212 SECUNDA
941 181 1066 212 PARS.
1749 171 1822 207 303

231 289 440 324 remanebit
461 288 785 337 formidolosum,
824 299 890 322 nec
922 287 1073 322 omnino
1106 288 1308 322 metuenda
1347 287 1420 321 erit
1459 288 1538 322 ulla

230 347 444 395 temptacio.
486 346 600 389 Quod
631 354 756 380 tamen
790 346 825 380 in
858 346 930 380 lzac
962 345 1037 379 vita
1071 345 1254 393 quamdiu
1288 345 1399 380 istam
1434 357 1537 380 mor-

228 405 413 440 talitatem
448 403 777 451 circumferimus,
821 403 856 437 in
890 414 1002 450 quam
1035 402 1254 451 serpentina
1283 403 1537 450 persuasione

227 462 374 497 inducti
403 474 548 504 sumus,
582 474 654 497 non
686 461 923 509 sperandum
957 469 1011 496 est
1038 473 1153 509 posse
1172 460 1280 509 fieri,
1313 461 1381 495 sea'
1412 468 1538 496 tamen

195 520 432 567 §aliquando
457 520 643 567 futurum
682 519 918 567 sperandum
965 526 1044 563 est,·
1086 525 1121 554 et
1159 519 1227 553 lzec
1266 525 1321 553 est
1351 530 1437 566 spes
1469 531 1539 566 que

108 577 187 609 385³
227 590 299 613 non
345 578 508 613 videtur.
554 576 616 613 De
660 588 730 624 qua
777 588 860 611 cum
906 576 1130 624 loqueretur
1171 571 1175 627 Ι
1213 575 1419 624 Apostolus
1465 577 1539 611 ait:

227 636 322 683 Spes
344 643 469 670 autem
492 646 562 683 que
586 634 739 670 videtur
761 646 833 669 non
864 641 917 669 est
946 646 1053 682 spes‚·
1084 646 1170 682 spes
1191 640 1316 668 tamen
1349 634 1539 682 sapiencie

226 704 295 741 que
328 692 362 727 in
396 693 468 728 lzac
499 704 646 740 quoque
679 692 753 726 vita
788 703 966 727 concessa
1000 699 1066 737 est,
1089 691 1275 740 fidelihus
1306 692 1432 727 servis
1464 693 1540 727 Dei

226 762 297 786 non
343 757 397 786 est
442 750 695 798 desperanda.
745 749 804 784 Ea
846 757 901 785 est
931 757 1056 785 autem
1093 756 1130 784 ut
1163 749 1202 784 id
1234 750 1335 796 quod
1368 748 1537 785 Domino

173 820 210 840 10
226 808 421 844 revelante
444 808 683 857 fugiendum
718 819 798 843 esse
830 807 1149 853 intellexerimus,
1183 807 1403 842 cautissima
1438 807 1535 857 vigi—

225 866 348 901 lancia
362 866 574 915 fugiamus
602 872 636 900 et
658 865 696 900 ial
719 866 820 913 quod
853 863 1023 900 Domino
1054 865 1250 900 revelante
1279 866 1534 913 appetendum

224 935 304 959 esse
334 923 652 967 intellexerimus,
687 923 849 958 caritate
861 922 1177 972 flagrantissima
1207 929 1443 971 appetamus.
1479 924 1534 958 Ita

223 982 318 1016 enim
344 982 378 1017 in
404 981 549 1029 reliquo
583 981 832 1016 mortalitatis
865 981 976 1016 liuius
998 992 1113 1016 onere
1145 980 1226 1028 ipsa
1259 987 1384 1016 morte
1417 982 1532 1029 depo-

222 1039 295 1074 sito
329 1051 379 1075 ex
410 1039 513 1074 omni
544 1038 707 1074 hominis
735 1046 851 1087 parte
883 1046 1072 1087 oportuno
1106 1046 1278 1086 tempore
1306 1038 1533 1087 perficietur

170 1097 414 1132 15beat1'tud0
453 1109 523 1144 que
560 1096 595 1131 in
635 1096 706 1131 lzac
745 1096 822 1131 vita
866 1096 1041 1131 inchoata
1087 1103 1152 1142 est7
1202 1096 1264 1131 cui
1299 1098 1532 1144 capessende

223 1162 335 1203 atque
358 1154 558 1190 obtinende
581 1154 786 1202 aliquando
811 1166 907 1189 nunc
940 1154 1059 1189 omnis
1092 1161 1250 1189 conatus
1283 1154 1526 1202 impenditur.

279 1212 356 1248 Sed
387 1213 525 1247 harum
565 1218 707 1260 septem
742 1211 975 1260 peticionum
1020 1211 1302 1247 consideranda
1348 1219 1381 1247 et
1425 1224 1527 1247 com-
1554 1219 1709 1257 Thgzfirst
1730 1219 1814 1245 three

221 1269 658 1314 mendanda‚distinccio
681 1276 745 1305 est.
770 1270 870 1304 Nam
896 1282 980 1304 cum
1006 1269 1081 1304 vita
1105 1276 1237 1305 nostra
1261 1271 1530 1318 temporaliter
1558 1254 1816 1323 Ρῖἒῃξρῐξῗῇζξὲῗῐέ

220 1340 318 1363 nunc
349 1334 496 1377 agatur
526 1335 638 1376 atque
676 1334 808 1363 eterna
847 1334 1028 1376 speretur
1059 1334 1094 1363 et
1127 1334 1258 1363 eterna
1286 1328 1426 1376 priora
1458 1328 1533 1363 sint
1626 1323 1741 1357 things,

164 1397 204 1417 20
220 1386 409 1435 dignitate
451 1392 485 1421 et
529 1385 757 1434 temporalia
801 1385 875 1421 sint
926 1392 1103 1421 extrema
1157 1385 1314 1431 vilitate,
1359 1386 1534 1433 quamvis

219 1443 497 1492 temporalibus
544 1444 659 1492 prius
709 1443 855 1478 actibus
907 1443 958 1478 ad
1003 1443 1069 1478 illa
1114 1450 1351 1489 transeatur,
1407 1451 1532 1479 tamen

213 1502 435 1550 primarum
455 1501 688 1550 peticionum
712 1501 1021 1550 impetraciones,
1051 1513 1279 1549 quamquam
1303 1502 1338 1536 in
1362 1502 1433 1537 hac
1458 1502 1532 1536 vita

218 1571 287 1607 que
308 1559 343 1594 in
370 1559 440 1594 hoc
461 1560 588 1594 seculo
609 1559 746 1609 agitur
770 1559 976 1594 exordium
1007 1559 1161 1607 capiant
1190 1559 1296 1606 (nam
1332 1566 1366 1594 et
1394 1560 1532 1595 sancti-

209 1616 351 1666 ficacio
385 1616 546 1652 nominis
578 1617 738 1653 Domini
775 1617 850 1651 Dei
887 1617 932 1652 ab
971 1616 1053 1665 ipso
1093 1616 1342 1652 lizunanitatis
1375 1617 1536 1653 Domini

162 1676 200 1707 25
217 1675 382 1709 adventu
415 1674 485 1724 agi
515 1675 613 1723 cepit
644 1681 678 1709 et
710 1674 897 1710 adventus
930 1674 1045 1724 regni
1074 1674 1166 1715 eius,
1200 1686 1272 1722 quo
1295 1674 1330 1709 in
1357 1675 1534 1710 claritate

219 1745 362 1782 magna
403 1739 437 1767 et
469 1732 667 1768 maiestate
706 1739 888 1768 venturus
926 1739 994 1778 est,
1035 1744 1107 1767 non
1147 1732 1221 1766 iam
1251 1732 1368 1781 finito
1406 1734 1532 1768 seculo

218 1790 287 1826 sed
319 1790 354 1825 in
374 1790 459 1839 fine
490 1790 610 1825 seculi
648 1790 984 1838 manifestabitur‚·
1027 1797 1061 1825 et
1088 1790 1286 1838 perfeccio
1327 1791 1533 1826 voluntatis

219 1848 310 1893 eius,
348 1848 444 1884 sicut
481 1848 517 1883 in
556 1848 636 1883 celo
681 1855 715 1884 et
747 1848 782 1883 in
815 1855 938 1893 terra,
977 1848 1056 1883 sive
1095 1848 1214 1884 iustos
1246 1855 1281 1883 et
1307 1855 1533 1897 peccatores

220 1906 340 1941 celum
382 1913 416 1941 et
453 1912 601 1941 terram
642 1906 839 1955 intelligas
877 1906 957 1941 sive
987 1905 1166 1954 spiritum
1200 1913 1235 1941 et
1267 1918 1420 1942 carnem
1453 1906 1533 1942 sive

162 1965 203 1997 30
219 1963 429 1999 Dominum
454 1970 488 1999 et
510 1964 707 1999 ecclesiam
742 1964 822 1999 sive
853 1963 979 1998 omnia
1012 1963 1140 2009 simul,
1175 1964 1257 2012 ipsa
1286 1965 1533 2012 perfeccione

218 2028 349 2057 nostre
371 2021 613 2057 beatitudinis
636 2029 670 2056 et
692 2021 775 2057 ia'eo
804 2021 923 2057 seculi
943 2021 1216 2057 terminacione
1244 2018 1531 2073 complebitur),

218 2086 343 2114 tamen
377 2079 503 2114 omnia
536 2079 611 2114 tria
645 2079 680 2114 in
714 2086 886 2115 eternum
926 2079 1141 2114 manebunt.
1191 2079 1291 2114 Nam
1325 2087 1359 2115 et
1390 2080 1530 2115 sancti-

206 2136 350 2185 ficacio
396 2137 557 2173 nominis
601 2137 762 2173 Domini
802 2137 1036 2185 sempiterna
1088 2136 1161 2172 erit
1213 2145 1250 2172 et
1294 2138 1410 2187 regni
1452 2137 1530 2172 eius

219 2194 346 2230 nullus
378 2194 451 2229 erit
470 2195 567 2243 finis
599 2202 633 2230 et
661 2194 838 2244 perfecte
871 2201 1002 2230 nostre
1033 2194 1259 2229 beatitudini
1289 2202 1418 2230 eterna
1453 2195 1528 2230 vita

162 2252 470 2301 35promittitur.
530 2253 814 2288 Permanebunt
865 2264 961 2302 ergo
1013 2252 1084 2288 ista
1137 2252 1212 2287 tria
1265 2260 1527 2288 consummata

217 2317 329 2358 atque
361 2310 554 2345 cumulata
587 2310 621 2345 in
655 2311 721 2345 illa
755 2310 830 2346 vita
864 2322 934 2358 que
965 2310 1070 2345 nohis
1098 2310 1355 2358 promittitur.

276 2367 437 2415 Reliqua
483 2380 574 2404 vero
622 2375 788 2416 quatuor
841 2380 910 2416 que
957 2368 1123 2417 petimus
1173 2369 1224 2403 ad
1275 2368 1526 2417 temporalem
1563 2376 1629 2403 The
1649 2377 1705 2403 last
1726 2377 1795 2403 {0111-

217 2425 328 2460 istam
375 2426 491 2460 vitam
532 2426 728 2474 pertinere
773 2426 866 2461 mihi
909 2426 1098 2463 videntur.
1145 2426 1320 2468 Quorum
1355 2426 1527 2475 primum
1577 2416 1606 2437 1⁰
1627 2413 1788 2446 temporal.

288 2583 308 2602 1.
330 2575 605 2612 B:form1'dosunz.
723 2576 747 2603 3.
776 2578 819 2605 A:
848 2578 878 2604 in
899 2585 990 2612 quam
1015 2577 1241 2612 sempiternam.
1350 2586 1375 2612 7.
1398 2578 1435 2604 B:
1462 2586 1529 2613 spes

217 2614 327 2637 aulem.
426 2618 454 2645 9.
476 2611 513 2638 B:
535 2610 582 2637 Ea
603 2611 697 2638 deest.
797 2620 839 2639 10.
861 2613 899 2639 ss:
921 2612 1136 2639 intelleximus.
1247 2620 1281 2640 11.
1304 2610 1526 2648 Azfuganzus.

218 2652 257 2679 12,
279 2643 315 2671 13.
336 2646 379 2671 A:
401 2645 445 2672 ita
465 2646 507 2672 in.
581 2646 618 2673 15.
640 2646 756 2674 Codd.:
778 2650 809 2674 et
826 2647 858 2674 ei
875 2646 1068 2682 capessende.
1143 2646 1184 2673 16.
1208 2646 1323 2674 Codd.:
1352 2647 1528 2682 impeditur.

218 2679 258 2706 18.
271 2681 314 2706 A:
328 2683 361 2706 ut
373 2681 445 2706 vita.
515 2687 556 2710 10.
575 2681 612 2707 ss:
628 2684 705 2708 sunt.
773 2690 829 2708 21.:
853 2682 1037 2716 temporalia
1052 2681 1096 2708 sin
1107 2684 1276 2716 postrema.
1344 2690 1389 2714 ιη.
1406 2683 1449 2708 Α;
1468 2682 1528 2708 Do-

218 2714 294 2741 mini
312 2714 411 2748 deest3
443 2715 483 2741 ib.
508 2715 624 2743 Coeia:
653 2716 780 2743 Domini
798 2716 874 2743 after
894 2716 1097 2743 humanitatis
1117 2716 1210 2743 deest.
1284 2715 1330 2749 31.
1353 2717 1391 2743 13:
1419 2717 1526 2743 nostri.

288 2796 317 2826 7.
344 2786 446 2817 Rom.
472 2787 559 2826 VIH⁷
587 2796 639 2827 24.
