2003 3322
210 190 302 218 CAP.
323 182 449 236 xxix]
742 193 883 224 PRIMA
910 193 1036 225 PARS.

271 301 348 336 Sed
389 299 453 336 hic
492 298 650 336 videtur
690 300 877 336 addenda
916 299 1026 336 racio
1067 299 1191 337 tercia
1236 302 1345 349 quod
1390 301 1533 348 prelati

211 357 337 394 nostri
384 356 568 393 moderni
613 370 696 393 non
740 358 889 393 habent
932 366 1087 395 tantam
1122 366 1379 406 potestatem,
1432 358 1534 396 sicut

213 417 437 452 habuerunt
476 414 660 463 apostoli,
706 414 800 464 quia
839 417 887 451 de
932 416 1095 464 prelatis
1140 416 1287 453 nostris
1335 416 1533 464 preteritis

213 482 270 510 est
302 482 454 510 certum
492 474 601 521 quod
634 486 717 509 non
749 481 907 509 tantum
941 473 1181 510 edificarunt
1221 474 1432 511 ecclesiam
1472 476 1533 511 vel

178 532 446 580 §profuerant
476 530 552 567 sibi
583 530 699 579 ipsis3
735 543 828 579 ergo
861 531 970 568 iuxta
1003 531 1250 569 evidenciam
1276 539 1358 569 tam
1382 532 1531 569 dictam

209 602 291 626 non
317 590 541 626 habuerant
568 597 722 625 tantam
752 597 1008 637 potestatem,
1042 591 1112 626 sed
1139 589 1301 638 ipsimet
1323 590 1532 638 potissime

212 656 304 684 sunt
335 647 378 684 in
412 659 545 693 causa,
581 646 675 695 quia
707 659 788 684 non
810 656 1034 696 sequuntur
1057 648 1263 685 Christum
1286 648 1328 684 in
1352 648 1532 686 moribus

210 707 279 742 sed
313 718 490 751 carnem,
524 704 732 741 diabolum
765 705 846 742 sive
880 707 1091 742 mundum.

268 766 316 800 Et
354 763 445 800 ideo
484 776 529 800 ex
569 763 782 800 mendacio
826 763 1060 812 pompatico
1093 777 1163 801 sue
1208 765 1420 812 potestatis
1464 778 1532 802 ne-

156 836 195 858 10
210 821 384 858 cessario
417 830 508 857 sunt
532 821 734 869 culpandi.
768 823 1094 859 Fundamentum
1118 831 1251 859 autem
1278 831 1531 872 assumptum

209 879 250 915 in
282 881 357 916 hac
395 879 568 926 racione,
602 879 754 916 scilicet
786 881 896 928 quod
935 893 1018 916 non
1051 889 1109 917 est
1146 889 1324 928 potestas
1365 881 1442 917 nisi
1481 883 1532 918 ad

210 937 399 986 possibile
433 946 471 974 et
510 950 580 986 per
614 950 864 986 consequens
903 937 979 974 nisi
1012 939 1063 975 ad
1096 938 1196 975 illud
1229 940 1337 986 quod
1378 939 1445 976 fiet
1483 940 1531 976 de

207 996 327 1043 facto,
367 1008 411 1032 ex
449 996 525 1032 hoc
564 994 694 1032 evidet
727 997 836 1044 quod
881 1008 954 1032 non
999 1004 1054 1032 est
1080 1004 1255 1046 potestas
1287 997 1361 1033 nisi
1390 1010 1411 1033 α
1445 998 1530 1034 Deo

207 1055 427 1091 secundum
461 1054 722 1102 Apostolum3
767 1055 836 1090 sed
869 1055 975 1090 Deus
1007 1054 1127 1091 nimis
1168 1055 1371 1103 superflue
1416 1056 1530 1091 daret

154 1115 190 1148 15
208 1120 447 1160 potestatem
496 1113 547 1148 ad
592 1110 819 1148 faciendum
859 1111 958 1148 illud
998 1114 1106 1161 quod
1145 1125 1226 1149 non
1259 1121 1390 1161 potest
1423 1112 1528 1159 fieri3

208 1182 302 1218 ergo
335 1182 416 1207 non
448 1179 506 1207 est
537 1178 715 1218 potestas
749 1169 884 1218 aliqua
916 1171 966 1206 ad
998 1169 1098 1207 illud
1131 1172 1180 1207 ab
1213 1170 1349 1220 aliquo
1381 1170 1530 1208 facien-

208 1229 318 1264 dum.

266 1286 322 1322 Ex
344 1299 424 1334 qua
447 1285 695 1323 deduccione
719 1298 810 1322 cum
835 1285 1057 1323 manifestis
1080 1285 1182 1323 veris
1206 1287 1323 1335 plane
1346 1287 1528 1336 sequitur

209 1345 317 1392 quod
361 1343 506 1392 prelati
554 1343 738 1380 moderni
777 1356 859 1380 non
907 1344 1055 1381 habent
1099 1357 1237 1393 parem
1282 1354 1523 1393 potestatem

150 1416 191 1437 20
207 1414 296 1438 cum
337 1401 542 1450 apostoliS,
587 1414 724 1449 ymmo
763 1402 871 1450 quod
911 1402 1025 1438 multi
1064 1404 1295 1440 sacerdotes
1340 1403 1525 1440 moderni

205 1459 409 1508 simplices
442 1459 530 1496 illos
562 1468 754 1507 superant
786 1459 827 1496 in
859 1459 1090 1496 huiusmodi
1124 1469 1337 1509 potestate.
1371 1463 1420 1498 Et
1452 1462 1524 1498 hec

204 1518 314 1554 racio
348 1530 439 1555 cum
473 1517 553 1554 suis
588 1517 730 1554 mediis
763 1526 973 1565 persecuta
1005 1519 1154 1555 faceret
1178 1518 1298 1555 finem
1323 1520 1371 1555 de
1394 1519 1525 1556 verbis

204 1575 448 1625 pompaticis
471 1575 694 1624 potestatis.
729 1577 807 1612 Sed
830 1575 924 1624 quia
948 1576 1066 1624 pauci
1099 1576 1141 1613 in
1172 1577 1248 1613 hoc
1282 1577 1526 1614 conveniunt

204 1636 313 1683 quod
346 1634 483 1671 omnia
506 1647 583 1683 que
616 1633 797 1670 evenient
827 1635 876 1670 de
902 1634 1139 1671 necessitate
1172 1634 1367 1681 evenient,
1401 1635 1526 1673 immo

148 1695 187 1728 25
204 1692 433 1741 superiores
455 1691 583 1729 nostri
607 1691 785 1728 dicerent
801 1693 909 1740 quod
933 1693 1009 1729 hoc
1032 1692 1081 1729 sit
1104 1706 1261 1730 summe
1284 1693 1524 1741 hereticum,

204 1750 294 1787 ideo
327 1763 409 1787 non
441 1749 482 1786 in
514 1749 591 1787 ista
623 1749 786 1787 racione
819 1750 895 1786 nisi
929 1763 1020 1786 cum
1045 1751 1267 1799 prudencia
1291 1760 1348 1788 est
1371 1751 1524 1788 instan-

204 1810 313 1845 dum.
363 1811 411 1844 Et
448 1808 605 1845 videtur
643 1809 752 1856 quod
790 1808 880 1845 talis
920 1808 1012 1845 ficta
1050 1817 1228 1857 potestas
1269 1809 1391 1846 crevit
1431 1822 1521 1846 cum

204 1866 332 1903 heresi
371 1868 418 1903 de
458 1866 589 1903 hostia
633 1875 879 1912 consecrata,
927 1875 965 1903 et
1004 1879 1094 1903 cum
1134 1880 1240 1904 nunc
1280 1866 1331 1903 sit
1369 1867 1410 1904 in
1448 1880 1521 1905 suo

203 1937 376 1971 summo,
410 1933 581 1973 utraque
614 1923 763 1960 heresis
797 1924 828 1960 si
862 1927 967 1961 Deus
1000 1924 1184 1972 voluerit,
1219 1926 1460 1962 destruetur.

146 1986 188 2018 30
259 1984 416 2019 Fratres
440 1991 573 2019 autem
597 1982 886 2030 prudenciores
919 1982 1115 2019 sustinent
1138 1985 1247 2031 quod
1270 1983 1358 2032 ipsa
1388 1983 1520 2020 hostia

203 2049 435 2077 consecrata
468 2040 518 2077 sit
548 2040 673 2077 nichil
704 2039 745 2076 in
773 2041 903 2077 forma
931 2041 1083 2077 nichili.
1117 2040 1251 2078 Nichil
1273 2041 1434 2090 quidem
1461 2050 1518 2079 est

201 2099 292 2147 quia
316 2099 377 2136 vel
399 2107 456 2135 est
472 2098 688 2147 quantitas,
712 2107 754 2135 ut
778 2098 916 2135 dicunt
934 2098 1224 2145 PredicatoreS,
1248 2100 1308 2136 vel
1331 2099 1516 2149 qualitas,

200 2165 244 2193 ut
289 2157 428 2193 dicunt
460 2156 648 2203 Minores,
689 2156 750 2193 vel
789 2156 1028 2205 aggregacio
1073 2169 1116 2193 ex
1160 2157 1330 2204 eisdem3
1375 2167 1518 2195 neutra

201 2214 380 2263 priorum
413 2214 594 2263 parcium
629 2223 685 2251 est
717 2216 891 2251 tenenda
923 2218 981 2260 (ut
1003 2216 1162 2251 Fratres
1192 2217 1290 2252 bene
1312 2216 1516 2263 fatentur),

145 2275 185 2309 35
202 2285 292 2309 cum
325 2285 407 2309 non
440 2273 587 2309 habent
620 2285 783 2308 causam
824 2271 1064 2309 diversitatis
1102 2273 1163 2309 vel
1202 2273 1406 2310 racionem
1449 2282 1518 2311 aut

83 2332 166 2367 365³
202 2330 450 2367 evidenciam
483 2343 561 2379 qua
593 2331 670 2366 hoc
701 2331 883 2369 fundent.
925 2330 966 2367 Si
998 2339 1132 2367 autem
1165 2330 1215 2367 sit
1244 2327 1248 2384 Ι
1277 2331 1516 2380 aggregacio

202 2387 438 2437 quantitatis
455 2397 493 2425 et
508 2387 711 2437 qualitatis
727 2400 919 2436 generum
934 2397 1018 2425 tam
1035 2388 1273 2437 disparium,
1289 2389 1516 2426 necessario

202 2446 277 2482 erit
314 2445 450 2493 nichil,
496 2459 587 2483 cum
624 2445 748 2482 nichil
786 2445 836 2482 sit
874 2447 995 2483 homo
1035 2455 1073 2483 et
1111 2447 1246 2483 asinus
1284 2447 1352 2496 qui
1391 2447 1516 2496 magis

204 2504 459 2551 conveniunt,
494 2513 532 2541 et
554 2503 609 2541 sic
632 2507 691 2550 (ut
713 2505 855 2541 fratres
878 2505 1054 2541 fatentur
1076 2504 1251 2553 publice)
1276 2505 1363 2554 ipsa
1385 2505 1516 2543 hostia

270 2684 310 2711 18.
330 2684 374 2711 A:
406 2683 488 2711 veris
513 2683 609 2711 deest.
716 2691 759 2711 22.
785 2684 830 2711 A:
859 2687 1039 2720 prosecuta.
1148 2691 1192 2719 27.
1219 2685 1248 2712 A
1268 2684 1299 2712 in
1319 2692 1436 2719 marg:
1470 2685 1515 2712 De

200 2717 412 2746 Eucharistia.
485 2717 527 2745 32.
546 2719 590 2746 A:
611 2719 695 2756 quod
713 2719 796 2754 quia.

274 2813 324 2846 13.
349 2813 451 2845 Rom.
477 2813 563 2854 XIII,
593 2823 620 2845 1.

1754 199 1821 223 101

1549 307 1640 336 Since
1660 309 1697 336 all
1719 317 1826 344 power

1575 342 1601 370 is
1622 344 1657 371 of
1674 344 1756 379 God,
1776 344 1799 372 it

1578 385 1634 405 can
1657 378 1691 405 be
1711 378 1800 413 given

1572 413 1644 449 only
1664 417 1696 440 to
1716 414 1804 441 those

1557 448 1628 475 who
1650 447 1809 510 doHGod⁷s

1653 491 1691 510 w1
1719 502 1726 509 .

1571 1292 1638 1320 The
1658 1293 1790 1328 prelates

1541 1335 1673 1363 oppress
1693 1328 1730 1355 all
1747 1329 1818 1355 who

1615 1370 1669 1389 use
1690 1363 1739 1390 the

1546 1401 1708 1432 argument
1728 1398 1808 1425 from

1597 1432 1758 1469 necessity.

1545 1999 1614 2027 The
1633 2001 1725 2029 friars
1746 2009 1800 2037 say

1577 2035 1628 2062 the
1649 2036 1719 2063 host
1739 2036 1765 2064 is

1550 2070 1681 2106 nothing
1699 2071 1730 2098 in
1750 2071 1800 2099 the

1607 2105 1688 2133 form
1710 2105 1745 2133 of

1602 2141 1741 2176 nothing.
