2003 3322
202 202 291 231 CAP.
311 192 438 247 XXXI]
677 203 889 235 SECUNDA
916 203 1042 234 PARS.

259 311 366 357 Item,
381 311 416 346 si
428 310 676 358 manifestam
693 309 919 345 edacitatem
936 309 1272 356 ebriositatemque
1285 309 1519 358 cognoveris

202 376 237 404 et
280 369 332 403 ita
372 367 670 417 reprehenderis
707 367 817 416 quasi
859 379 1050 416 nunquam
1096 366 1161 402 ille
1200 366 1324 414 possit
1367 367 1521 417 corrigi

200 433 313 475 atque
351 426 508 472 mutari,
549 425 665 461 nihilo
704 425 831 461 minus
869 432 1013 461 temere
1052 423 1251 460 iudicabis.
1298 424 1386 459 Non
1419 436 1517 474 ergo

201 483 533 533 reprehendamus
571 496 614 519 ea
654 494 724 532 que
761 483 952 519 nescimus
983 495 1054 532 quo
1087 482 1216 518 animo
1236 481 1356 531 fiant,
1400 493 1519 530 neque

167 541 326 590 5itaque
357 541 689 590 reprehendamus
721 552 791 589 que
822 541 1030 589 manifesta
1061 547 1162 586 sunt,
1195 546 1236 575 ut
1268 540 1518 589 desperemus

198 599 401 636 sanitatem
446 606 481 635 et
524 599 728 635 vitabimus
772 598 968 645 iudicium,
1014 599 1061 634 de
1102 610 1176 648 quo
1220 609 1319 633 nunc
1361 597 1517 648 agitur.-

198 657 329 694 Nolite
360 656 548 707 iudicare,
582 669 627 693 ne
659 656 851 693 iudicetur
883 657 930 692 de
962 657 1079 694 vobis.

255 715 387 751 Potest
431 722 559 751 autem
599 726 756 751 movere
790 715 895 763 quod
932 714 1007 750 ait:
1052 714 1095 749 In
1128 726 1200 762 quo
1242 713 1340 749 enim
1374 713 1514 749 iudicio

198 772 474 819 iudicaveritis,
525 772 757 809 iudicabitur
807 772 854 808 de
897 772 1015 819 vobis,
1060 779 1095 808 et
1137 772 1174 808 in
1211 783 1285 821 qua
1330 783 1512 807 mensura

144 844 183 864 10
198 830 319 866 mensi
339 830 517 879 fueritis,
551 830 587 866 in
620 843 663 866 ea
696 830 927 867 remecietur
961 830 1076 866 vobis.
1118 829 1318 878 Numquid
1348 829 1448 865 enim
1480 829 1514 865 si

197 900 266 924 nos
297 888 333 924 in
366 888 575 925 temerario
608 888 749 924 iudicio
782 887 1096 935 iudicaverimus,
1143 894 1288 923 temere
1327 887 1374 924 de
1406 887 1512 923 vobis

196 946 315 982 eciam
338 945 447 983 Deus
469 946 683 982 iudicabit?
713 946 790 981 Aut
820 946 1005 994 numquid
1036 946 1072 982 si
1100 945 1136 981 in
1170 957 1352 981 mensura
1384 945 1511 994 iniqua

196 1004 318 1040 mensi
337 1004 552 1052 fuerimus,
583 1011 619 1040 et
649 1004 755 1053 apud
777 1004 905 1040 Deum
937 1015 1119 1040 mensura
1151 1003 1279 1052 iniqua
1311 1010 1379 1047 est,
1412 1003 1513 1039 unde

195 1061 302 1098 nobis
324 1062 586 1098 remecietur?
611 1062 713 1098 Nam
736 1069 772 1098 et
793 1074 973 1098 mensure
1000 1061 1152 1098 nomine
1180 1062 1306 1111 ipsum
1329 1061 1510 1097 iudicium

142 1122 179 1154 15
195 1119 393 1170 signatum
425 1119 612 1156 arbitror.
647 1120 766 1156 Nullo
800 1120 914 1156 modo
955 1127 1103 1156 temere
1134 1119 1242 1155 Deus
1276 1119 1336 1155 vel
1367 1119 1512 1155 iudicat

196 1178 257 1213 vel
287 1177 453 1227 iniquam
487 1190 706 1214 mensuram
739 1178 914 1227 cuiquam
949 1177 1144 1227 rependit:
1173 1177 1243 1214 sed
1273 1178 1344 1213 hoc
1367 1177 1509 1213 dictum

195 1242 251 1272 est
281 1235 460 1284 quoniam
493 1236 692 1272 temeritas
723 1248 798 1285 qua
825 1235 942 1284 punis
972 1236 1091 1271 alium
1125 1236 1258 1272 eadem
1291 1234 1374 1284 ipsa
1404 1243 1444 1271 ut
1475 1242 1511 1270 te

189 1293 328 1342 puniat
359 1306 511 1330 necesse
543 1301 609 1330 est.
645 1294 733 1330 Nisi
753 1293 870 1342 forte
906 1293 1178 1329 arbitrandum
1219 1300 1274 1329 est
1304 1294 1407 1341 quod
1438 1293 1509 1328 ini-

194 1351 319 1400 quitas
351 1351 385 1387 ei
416 1359 548 1388 noceat
578 1352 726 1400 aliquid
757 1351 792 1387 in
826 1363 934 1400 quem
961 1351 1156 1400 procedit,
1190 1351 1224 1387 ei
1254 1358 1381 1387 autem
1415 1351 1511 1386 nihil

137 1421 215 1444 20a
238 1421 311 1458 quo
328 1410 523 1458 procedit,
556 1410 673 1446 immo
706 1421 798 1445 vero
830 1421 918 1458 sepe
949 1409 1044 1445 nihil
1075 1416 1183 1445 nocet
1216 1409 1250 1445 ei
1276 1409 1341 1458 qui
1357 1409 1510 1458 patitur

194 1467 389 1514 iniuriam,
422 1467 458 1503 ei
486 1474 613 1504 autem
646 1467 712 1516 qui
732 1467 839 1516 facit
870 1479 1021 1504 necesse
1052 1474 1107 1503 est
1140 1474 1179 1502 ut
1218 1474 1363 1503 noceat.
1406 1467 1510 1511 Quid

193 1524 292 1561 enim
345 1525 472 1561 nocuit
522 1525 751 1561 martiribus
794 1525 972 1573 iniquitas
1011 1525 1360 1574 persequencium?
1410 1525 1509 1573 Ipsis

193 1590 319 1618 autem
348 1583 664 1632 persecutoribus
690 1583 921 1632 plurimum.
972 1583 1073 1627 Quia
1110 1583 1181 1619 etsi
1217 1583 1336 1631 aliqui
1373 1595 1507 1619 eorum

193 1641 361 1676 correcti
409 1648 509 1687 sunt,
561 1653 604 1677 eo
649 1648 775 1677 tamen
827 1648 1001 1690 tempore
1058 1652 1129 1689 quo
1174 1641 1509 1690 persequebantur

136 1699 175 1733 25
193 1699 400 1734 excecabat
431 1711 495 1735 eos
525 1699 679 1735 malicia
712 1711 858 1735 eorum.
893 1699 957 1735 Sic
985 1706 1020 1735 et
1043 1699 1294 1735 temerarium
1324 1699 1506 1735 iudicium

186 1756 417 1805 plerumque
454 1756 550 1792 nihil
586 1764 695 1793 nocet
738 1757 784 1803 ei,
829 1757 876 1793 de
914 1769 988 1806 quo
1027 1764 1171 1793 temere
1208 1756 1424 1793 iudicatur:
1475 1757 1510 1793 ei

189 1821 316 1850 autem
355 1815 420 1863 qui
455 1821 598 1851 temere
638 1815 795 1861 iudicat,
834 1815 916 1863 ipsa
954 1815 1152 1851 temeritas
1191 1827 1343 1851 necesse
1379 1821 1435 1851 est
1467 1822 1507 1850 ut

190 1878 334 1908 noceat.
381 1872 459 1908 Ista
499 1873 640 1923 regula
678 1872 797 1909 eciam
831 1873 930 1908 illud
962 1872 1104 1908 dictum
1138 1873 1335 1909 arbitror:
1372 1873 1507 1909 Omnis

189 1929 252 1978 qui
278 1930 520 1978 percusserit
550 1930 687 1981 gladio
720 1930 911 1966 morietur
931 1931 1081 1981 gladio.
1120 1930 1247 1974 Quam
1273 1931 1387 1966 multi
1406 1931 1505 1967 enim

133 1988 326 2038 3ogladio
368 1988 610 2036 percuciunt,
663 2000 730 2024 nec
775 1995 902 2024 tamen
945 1988 1083 2039 gladio
1129 1989 1363 2035 moriuntur,
1408 1989 1507 2025 sicut

189 2057 306 2094 neque
333 2045 413 2095 ipse
434 2046 588 2082 Petrus.
622 2046 701 2082 Sed
731 2058 777 2081 ne
808 2047 931 2096 ipsum
965 2046 1074 2082 venia
1102 2054 1354 2095 peccatorum
1387 2047 1505 2082 talem

183 2115 325 2152 penam
368 2104 535 2140 evasisse
578 2104 661 2153 quis
698 2110 822 2152 putet,
866 2115 1098 2153 quamquam
1143 2105 1238 2141 nihil
1283 2105 1503 2152 absurdius,

188 2173 302 2209 quam
336 2168 375 2196 ut
407 2162 594 2198 maiorem
622 2168 732 2211 putet
762 2162 893 2212 gladii
917 2174 1059 2211 penam
1093 2174 1174 2198 esse
1202 2162 1389 2211 potuisse,
1434 2174 1505 2211 que

187 2217 303 2255 Petro
336 2231 408 2254 non
441 2219 594 2266 accidit,
633 2231 747 2268 quam
787 2220 915 2256 crucis
945 2231 1016 2268 que
1046 2219 1198 2256 accidit.
1239 2220 1344 2264 Quid
1375 2227 1503 2256 tamen

130 2278 170 2311 35
188 2276 234 2312 de
278 2276 493 2312 latronibus
537 2277 713 2313 dicturus
756 2285 825 2325 est,
871 2278 937 2326 qui
978 2290 1062 2313 cum
1109 2278 1277 2314 Domino
1322 2278 1506 2327 crucifixi

186 2341 287 2381 sunt,
331 2341 366 2370 et
404 2334 470 2370 ille
506 2335 571 2383 qui
606 2335 748 2370 meruit
786 2335 949 2381 veniam,
988 2342 1242 2384 posteaquam
1287 2336 1504 2384 crucifixus

187 2398 243 2428 est
275 2392 428 2438 meruit,
460 2399 495 2428 et
526 2393 628 2428 alter
649 2393 802 2428 omnino
834 2405 908 2428 non
942 2394 1116 2429 meruit?
1146 2394 1204 2428 An
1225 2399 1341 2442 sorte
1372 2405 1504 2430 omnes

187 2461 281 2498 quos
332 2450 554 2486 occiderant
603 2450 885 2500 crucifixerunt
929 2458 965 2486 et
1006 2459 1221 2500 propterea
1265 2451 1337 2487 hoc
1381 2452 1501 2488 eciam

187 2507 262 2557 ipsi
293 2508 379 2557 pati
415 2508 671 2544 meruerunt?
714 2509 936 2544 Ridiculum
982 2517 1037 2545 est
1081 2509 1152 2545 hoc
1191 2517 1347 2558 putare.
1398 2509 1504 2552 Quid

127 2576 173 2607 4ο
188 2577 285 2616 ergo
328 2565 436 2601 aliud
479 2566 622 2602 dictum
669 2573 747 2602 est:
804 2566 937 2603 Omnis
972 2567 1039 2616 qui
1072 2567 1209 2617 gladio
1247 2568 1498 2617 percusserit,

257 2745 304 2774 29.
325 2740 369 2766 A:
390 2739 502 2767 Petrus
520 2740 631 2777 gladio
652 2740 729 2768 after
748 2741 910 2768 morietur.

258 2820 310 2853 29.
337 2811 456 2843 Matth.
482 2812 601 2852 XXVI,
631 2812 684 2844 52.
781 2814 834 2854 34.
861 2814 977 2845 Lucae
1001 2813 1101 2854 XXII⁷
1131 2814 1183 2847 32.

1729 193 1808 241 359

1556 715 1626 743 God
1646 716 1707 744 will
1729 721 1782 744 not

1557 750 1650 786 judge
1671 752 1775 786 rashly

1538 785 1668 813 because
1688 794 1734 813 we
1754 786 1794 814 do

1570 828 1616 852 so,
1638 820 1691 848 but
1709 829 1768 848 our

1554 855 1700 883 rashness
1719 856 1780 883 will
1794 878 1797 880 .

1601 890 1692 925 bring
1712 898 1728 917 a

1561 924 1774 960 punishment.
