2003 3322
181 206 269 237 CAP.
290 197 402 255 xxx-J
657 211 869 246 SECUNDA
897 212 1022 245 PARS.
1703 202 1778 240 353

181 319 370 356 secularis
413 319 528 356 timet
571 320 704 356 dicere
750 320 810 356 vel
861 321 1072 356 defendere
1122 319 1344 365 veritatem,
1399 320 1493 369 quia
1530 328 1603 367 *We
1626 328 1737 368 refraip

181 377 295 413 timet
317 379 484 425 perdere
508 377 746 414 beneficium
772 377 1103 424 ecclesiasticum,
1127 379 1351 425 temporale
1375 380 1493 414 bene·
1520 365 1770 426 taegitrslffiaifflirg

183 434 316 471 ficium
360 435 421 471 vel
464 435 661 483 favorem3
713 437 780 471 sed
825 436 893 472 ubi
938 435 1067 472 maior
1109 435 1326 472 infidelitas
1371 448 1491 484 quam
1519 434 1755 497 temsffrzlolfoss

181 494 480 541 preponderare
525 494 596 529 hec
635 493 876 541 temporalia
914 493 1040 530 eciam
1087 505 1231 541 corpus
1271 494 1331 529 vel
1370 493 1492 530 vitam
1586 477 1603 504 p
1760 490 1765 495 ”

149 563 165 594 5
182 550 388 598 propriam
412 563 532 598 supra
555 550 757 587 iusticiam
780 559 848 587 aut
866 550 1154 588 beatitudinem
1180 550 1493 599 acquirendam?

182 610 263 644 Nec
308 617 465 644 moveat
509 610 619 656 quod
657 610 804 656 Joseph
847 608 945 645 vidit
985 608 1186 645 caristiam
1233 609 1409 645 futuram
1451 621 1495 645 ex

181 665 390 702 sterilitate
421 666 617 714 septennii
642 675 680 703 et
702 678 745 702 ex
776 667 849 703 hoc
880 666 984 703 circa
1008 666 1308 714 providenciam
1339 676 1494 715 tempo-

181 723 326 760 ralium
371 723 445 760 fuit
488 723 696 771 sollicitus,
752 733 838 760 tum
891 724 985 772 quia
1033 723 1249 760 assumitur
1295 724 1495 773 culpabile

181 793 261 817 non
292 782 521 829 probatum,
555 781 706 818 scilicet
729 784 839 830 quod
866 783 1012 830 Joseph
1045 781 1118 818 fuit
1151 782 1257 818 circa
1280 782 1355 818 ista
1388 781 1494 818 solli-

128 850 167 870 10
182 839 296 885 citus,
330 847 412 875 tum
449 839 575 876 eciam
610 839 704 888 quia
737 841 926 887 ponendo
958 839 1073 887 paria
1107 839 1214 875 circa
1247 852 1320 876 nos
1341 839 1494 877 viantes

181 896 330 933 scilicet
363 898 471 945 quod
505 899 610 933 Deus
649 897 817 945 inspiret
856 910 929 934 nos
969 906 1006 933 et
1037 897 1247 934 necessitet
1280 899 1329 934 ad
1363 898 1495 935 taliter

181 955 505 1003 prophetandum
571 964 736 1003 propter
788 968 950 992 causam
996 955 1263 1002 consimilem,
1318 964 1355 992 et
1399 964 1494 992 tunc

179 1012 282 1048 foret
314 1012 518 1049 evidencia
543 1014 652 1061 quod
679 1013 919 1061 temporalia
948 1013 1036 1061 plus
1067 1025 1253 1049 curemus
1282 1014 1351 1049 sed
1378 1013 1495 1050 nobis

181 1070 372 1106 deficiunt
400 1070 475 1107 ista
503 1070 628 1118 paria.
659 1071 865 1119 Numquid
888 1071 1090 1108 credimus
1113 1071 1183 1107 has
1211 1083 1335 1108 novas
1367 1080 1495 1108 sectas
1509 1082 1576 1109 The
1598 1082 1785 1121 sectsshow

128 1140 164 1173 15
182 1137 357 1176 quatuor
400 1129 547 1165 habere
592 1128 904 1176 inspiracionem
951 1141 973 1165 a
1017 1128 1209 1173 Domino,
1254 1138 1297 1165 ut
1338 1138 1494 1166 tantum
1536 1125 1766 1181 ὃοῇζξξξζὲνξοῑ

182 1185 260 1222 sint
288 1185 458 1222 sollicite
487 1185 593 1223 circa
626 1186 844 1223 mundialia
878 1195 915 1223 et
948 1186 1300 1223 conservacionem
1331 1187 1495 1224 eorum?
1520 1187 1599 1214 their
1618 1191 1777 1215 convents.

184 1244 353 1280 Constat
400 1256 443 1280 ex
488 1244 566 1280 fide
604 1243 679 1280 ista
718 1246 825 1292 quod
870 1257 967 1291 non,
1012 1244 1107 1292 quia
1145 1246 1230 1280 Deo
1269 1253 1326 1281 est
1367 1244 1497 1282 maior

184 1313 279 1338 cura
302 1301 407 1338 circa
431 1302 657 1350 generalem
690 1302 871 1338 ordinem
899 1302 1175 1347 christianum,
1214 1310 1252 1338 et
1275 1304 1494 1339 secundum

182 1371 319 1396 curam
361 1358 431 1395 Dei
471 1360 588 1396 debet
635 1368 771 1396 nostra
810 1359 988 1397 intencio
1034 1359 1251 1396 moderari.
1297 1360 1362 1397 Sic
1402 1373 1494 1408 ergo

125 1436 166 1457 20
181 1416 339 1453 videtur
370 1425 451 1453 tam
485 1417 753 1465 Augustinum
788 1431 909 1466 quam
944 1417 1238 1454 Crisostomum
1272 1417 1496 1467 intelligere

181 1487 252 1523 per
295 1475 399 1511 diem
446 1475 663 1512 crastinum
710 1475 980 1512 attencionem
1022 1475 1127 1512 circa
1173 1476 1377 1523 superflua
1423 1489 1495 1524 pro

181 1533 256 1569 hac
308 1532 401 1579 vita,
455 1541 492 1570 et
537 1532 648 1569 illam
708 1533 1023 1569 sollicitudinem
1083 1534 1276 1570 debemus
1328 1534 1496 1571 omnino

181 1589 394 1636 dimittere,
435 1590 529 1639 quia
560 1590 709 1627 sufficit
747 1591 973 1639 cuicunque
1004 1591 1179 1639 tempori
1218 1604 1288 1628 sua
1323 1591 1496 1639 malicia,

181 1649 257 1684 hoc
289 1657 360 1698 est,
393 1648 488 1685 satis
521 1661 711 1697 magnum
735 1649 796 1685 vel
828 1648 948 1685 nimis
983 1661 1172 1697 magnum
1207 1649 1310 1686 foret
1344 1650 1495 1686 malum

125 1703 389 1754 25insurgens
428 1719 471 1742 ex
511 1719 604 1743 cura
646 1707 851 1754 superflua
883 1707 1023 1743 talium
1059 1707 1360 1754 temporalium,
1401 1709 1495 1744 dum

182 1772 341 1812 tempus
371 1763 543 1811 affuerit,
577 1764 670 1801 licet
701 1764 830 1801 viator
863 1777 944 1801 non
977 1764 1033 1801 sic
1066 1764 1164 1801 illud
1197 1773 1355 1814 tempus
1389 1765 1497 1802 solli-

183 1821 259 1858 cite
297 1821 539 1870 preveniret;
580 1831 617 1858 et
663 1822 704 1858 in
748 1822 823 1859 isto
862 1830 1031 1870 peccant
1074 1822 1227 1859 viantes
1272 1823 1419 1871 singuli
1460 1832 1497 1860 et

183 1879 411 1927 specialiter
443 1879 517 1916 iste
550 1888 723 1929 quatuor
754 1892 855 1917 nove
889 1889 1008 1919 secte.
1036 1878 1040 1933 Ι

58 2006 138 2047 392⁰
668 2004 805 2046 CAP.
838 2005 1008 2046 XXX.

127 2110 168 2142 30
240 2099 430 2148 Sequitur
463 2099 502 2135 in
535 2109 642 2136 textu
675 2101 889 2149 evangelii:
932 2101 1087 2151 Sufficit
1119 2101 1196 2137 diei
1226 2101 1380 2137 malicia
1411 2114 1494 2138 sua.
1554 2116 1742 2150 Augustine:

183 2158 311 2202 Quem
357 2166 505 2194 textum
551 2158 798 2206 Augustinus
838 2158 893 2195 sic
939 2159 1117 2206 exponit:
1164 2159 1204 2194 id
1243 2167 1310 2205 est,
1349 2159 1498 2208 sufficit
1518 2150 1777 2213 (ffa'iffi'i‘gssdjrgnad

181 2216 284 2263 quod
310 2216 381 2251 ista
409 2228 562 2251 sumere
590 2217 746 2266 urgebit
768 2217 850 2265 ipsa
884 2217 1099 2253 necessitas.
1138 2217 1263 2261 Quam
1283 2225 1496 2265 propterea
1512 2220 1714 2282 pffiisqhnssgegg
1735 2221 1786 2282 ἐξ

183 2273 376 2308 maliciam
409 2273 642 2309 nominatam
676 2286 756 2310 esse
787 2275 974 2321 arbitror,
1007 2275 1092 2322 quia
1112 2273 1264 2323 penalis
1294 2282 1348 2311 est
1371 2275 1498 2319 nobis;
1614 2289 1683 2316 evil.

178 2331 346 2379 pertinet
368 2331 465 2367 enim
490 2332 541 2366 ad
563 2332 662 2368 hanc
672 2332 941 2382 fragilitatem
965 2339 1000 2368 et
1023 2332 1299 2370 mortalitatem
1324 2340 1495 2368 nostram

128 2396 167 2428 35
183 2400 295 2436 quam
335 2390 532 2437 peccando
577 2390 800 2425 meruimus.
845 2389 952 2425 Huic
996 2402 1093 2440 ergo
1127 2402 1226 2439 pene
1270 2391 1498 2439 temporalis

184 2446 418 2482 necessitatis
456 2447 536 2482 noli
565 2454 603 2481 tu
637 2448 783 2482 addere
814 2448 960 2495 aliquid
990 2448 1156 2497 gravius
1195 2455 1234 2483 ut
1268 2460 1340 2484 non
1372 2448 1495 2484 solum

254 2613 282 2640 6.
304 2614 330 2640 A
350 2613 379 2640 in
404 2622 516 2648 marg:
553 2613 696 2641 th'eccio
717 2614 796 2641 hona
818 2622 884 2641 cum
903 2615 1072 2641 solucione.
1182 2623 1216 2642 ιι.
1242 2616 1287 2642 A:
1321 2616 1496 2650 inspiceret.

185 2655 223 2674 21.
244 2650 288 2675 A:
310 2649 522 2675 intencionem.
633 2648 678 2675 28.
700 2650 727 2675 A
754 2649 783 2675 in
814 2657 927 2683 marg:
957 2649 1158 2683 Augustinus.
1187 2649 1332 2683 Sequitur
1360 2651 1389 2676 in
1416 2655 1497 2677 textu

185 2682 348 2743 evangelii:
370 2682 493 2718 Sufficit
513 2683 577 2710 diei
593 2684 715 2709 malicia
735 2691 802 2710 sua.
836 2683 930 2717 Quem
950 2687 1064 2711 textum
1084 2684 1278 2716 Augustinus
1297 2686 1341 2711 sic
1360 2686 1497 2719 exponit.

186 2724 232 2778 ἔς).
288 2727 294 2744 :
314 2716 470 2744 Numerus
485 2718 609 2753 capituli
626 2718 718 2744 deest.
793 2717 835 2745 32.
853 2719 880 2744 A
895 2718 923 2744 in
942 2726 1054 2753 marg:
1070 2720 1273 2753 Augustinuv.
1347 2719 1393 2746 30.
1409 2722 1452 2746 A:
1466 2723 1498 2746 tu

208 2756 279 2778 cest.

257 2819 309 2849 30.
324 2818 506 2857 Matth.V1‚
518 2819 570 2858 34.
622 2819 1060 2851 31.Desermone1)omini
1077 2819 1109 2849 in
1126 2825 1255 2858 monte,
1272 2819 1371 2860 l.c.p.
1384 2820 1484 2862 222s3

1317 2877 1357 2908 23
