2003 3322
201 205 290 233 CAP.
312 196 405 249 ΗΧ]
708 207 847 239 PRlMA
874 207 999 238 PARS.

200 313 240 350 in
273 313 472 350 iusticiam
512 322 549 349 et
594 312 911 349 misericordiam
953 326 998 349 ac
1037 324 1129 360 sepe
1167 312 1208 348 in
1248 314 1510 349 commodum

201 380 383 417 usurato;
447 372 516 407 sed
571 371 668 407 latet
725 383 921 407 venenum
979 372 1050 406 sub
1097 371 1225 416 melle,
1272 370 1367 418 quia
1419 383 1512 407 vera

201 428 487 475 misericordia,
505 428 577 464 Dei
594 427 831 465 ordinancia
854 437 891 465 et
907 441 999 465 vera
1021 427 1180 464 iusticia
1198 436 1509 476 postponuntur.

199 486 477 523 Misericordia
516 495 648 523 autem
689 499 767 535 qua
799 487 1001 523 fenerator
1033 485 1160 522 inficit
1198 494 1280 522 tam
1314 498 1354 522 se
1388 499 1509 534 quam

167 546 314 580 5suum
349 556 581 592 comparem
621 552 657 580 et
690 553 892 580 mercatur
925 557 1014 580 cum
1048 552 1230 591 tempore
1264 545 1372 593 quod
1406 546 1511 580 Deus

200 601 407 638 constituit
422 601 544 650 gratis
565 614 779 638 commune
799 601 910 638 omni
929 601 1096 652 homini,
1121 610 1158 637 et
1174 601 1290 647 (sicut
1308 614 1398 639 vere
1413 601 1511 637 dicit

200 659 483 704 Crisostomus)
506 659 641 696 vendit
673 661 745 696 hec
768 668 952 707 tempora
982 672 1058 708 que
1080 659 1276 696 veraciter
1306 672 1388 696 non
1420 668 1511 695 sunt

199 730 282 763 sua,
329 730 417 754 cum
453 719 559 753 Deus
598 717 770 753 instituit
813 717 1016 753 hominem
1051 725 1357 765 procuratorem
1391 729 1511 765 super

83 779 161 820 377⁰
198 776 270 811 hec
299 772 303 826 Ι
331 775 583 823 temporalia,
629 784 671 810 ut
715 775 802 823 ipsa
846 776 1065 823 prudenter
1109 775 1321 812 distribuat
1363 775 1510 811 Christi

145 846 183 866 10
199 832 406 880 egentibus
438 834 658 869 secundum
694 833 872 881 regulam
906 832 1003 880 legis
1036 844 1125 878 sue;
1181 841 1219 869 et
1259 832 1315 869 sic
1348 841 1511 881 propter

198 899 408 938 peccatum
442 891 547 927 cadit
571 904 593 927 a
616 890 908 938 procuracione
940 889 1119 938 legitima
1152 899 1273 938 atque
1306 890 1509 936 dominio3

198 957 235 984 et
268 950 343 985 hoc
376 957 434 985 est
465 950 574 996 quod
607 961 702 996 sepe
735 948 884 984 dictum
921 957 979 984 est
1011 947 1106 984 alibi
1140 949 1249 996 quod
1283 948 1507 985 dominium

198 1014 256 1042 est
279 1007 451 1055 quedam
485 1006 624 1054 religio
649 1018 726 1055 que
749 1006 917 1054 requirit
948 1005 989 1042 in
1012 1005 1148 1053 gracia
1177 1006 1509 1052 fundamentum3

196 1076 290 1100 nam
330 1064 513 1112 proditor
554 1064 625 1100 Dei
665 1063 857 1112 quicquid
898 1065 945 1100 de
984 1063 1098 1100 bonis
1137 1063 1296 1101 fortune
1337 1073 1510 1112 occupat

144 1121 373 1169 15possidet
412 1131 620 1170 tamquam
660 1122 777 1168 latro,
823 1121 916 1169 quia
962 1123 1068 1170 apud
1108 1123 1235 1157 Deum
1281 1122 1431 1158 furtum
1473 1131 1510 1158 et

196 1179 374 1227 perdicio
408 1179 576 1216 dominii
610 1181 660 1215 ad
693 1188 901 1227 peccatum
941 1178 1024 1215 sine
1064 1179 1276 1216 intervallo
1315 1180 1509 1228 temporis

196 1246 509 1285 consequuntur,

702 1350 841 1391 CAP.
875 1350 1003 1391 LIX.

253 1445 441 1493 Sequitur
474 1445 513 1481 in
544 1454 653 1482 textu
687 1446 899 1495 evangelii:
932 1446 1106 1483 Audistis
1136 1447 1223 1495 quia
1256 1447 1398 1482 dictum
1432 1454 1509 1483 est.-

139 1515 180 1536 20
197 1503 351 1553 Diliges
377 1504 606 1552 proximum
641 1511 745 1539 tuum
779 1512 814 1540 et
847 1505 933 1541 odio
968 1505 1124 1540 habebis
1157 1505 1351 1540 inimicum
1385 1511 1504 1540 tuum.

196 1561 286 1610 Ego
310 1568 434 1597 autem
459 1561 542 1598 a'ico
573 1562 691 1609 vobis,
726 1562 879 1613 diligite
901 1562 1076 1598 inimicos
1100 1569 1261 1609 vestros,
1295 1563 1508 1610 benefacite

196 1619 269 1654 hiis
313 1619 377 1667 qui
420 1619 585 1655 oderunt
628 1632 708 1665 vos,
753 1627 788 1656 et
833 1628 941 1656 orate
980 1633 1057 1669 pro
1103 1620 1421 1669 persequentibus
1473 1627 1507 1655 et

197 1677 546 1725 calumpniantibus
578 1689 657 1724 vos,
691 1685 731 1712 ut
761 1678 935 1727 sitisfilii
952 1678 1084 1726 patris
1117 1679 1236 1714 vestri
1263 1678 1327 1727 qui
1357 1678 1392 1713 in
1416 1678 1507 1713 celis

197 1741 262 1777 est,
295 1735 359 1782 qui
389 1735 507 1770 solem
540 1747 650 1771 suum
684 1736 783 1771 oriri
815 1736 913 1771 iubet
944 1748 1063 1784 super
1095 1736 1212 1772 bonos
1249 1743 1285 1772 et
1316 1736 1441 1772 malos
1472 1743 1507 1771 et

141 1792 292 1840 25pluit
323 1805 440 1841 super
472 1793 591 1829 iustos
623 1800 657 1829 et
690 1793 859 1830 iniustos.
895 1794 938 1828 Si
967 1794 1065 1829 enim
1100 1794 1317 1830 dilexeritis
1349 1806 1413 1830 eos
1445 1794 1510 1841 qui

198 1862 263 1885 vos
295 1850 474 1900 diligunt,
507 1862 619 1898 quam
653 1852 868 1887 mercedem
901 1851 1117 1887 habebitis?
1151 1852 1286 1888 Nonne
1318 1859 1352 1887 et
1379 1852 1506 1900 publi—

197 1908 282 1943 cani
324 1908 395 1943 hoc
428 1908 618 1956 faciunt?
668 1909 720 1944 Et
763 1909 798 1945 si
838 1909 1109 1945 salutaveritis
1145 1910 1306 1958 fratres
1359 1917 1508 1945 vestros

196 1972 358 2012 tantum,
390 1966 482 2014 quid
513 1967 679 2015 amplius
703 1967 873 2015 facitis?
905 1967 1040 2003 Nonne
1062 1975 1096 2002 et
1119 1968 1260 2003 ethnici
1288 1968 1359 2003 hoc
1381 1968 1505 2016 ipsum

187 2023 376 2071 faciunt?
418 2023 554 2060 Estote
585 2037 681 2074 ergo
716 2037 781 2060 vos
810 2025 990 2073 perfecti,
1034 2025 1132 2061 sicut
1171 2033 1205 2060 et
1233 2032 1350 2074 pater
1382 2033 1508 2061 vester

141 2083 181 2114 30
199 2081 347 2117 celestis
374 2082 575 2130 perfectus
607 2089 672 2118 est.

255 2140 383 2186 Super
415 2152 493 2186 quo
526 2140 788 2186 Augustinus:
824 2140 915 2175 Sine
947 2140 1018 2175 ista
1053 2140 1261 2176 dileccione
1283 2152 1354 2189 qua
1387 2140 1505 2176 eciam

197 2196 370 2232 inimicos
403 2197 601 2246 diligimus
623 2205 657 2233 et
676 2205 946 2246 persecutores
968 2205 1121 2234 nostros
1145 2198 1312 2248 diligere
1333 2198 1507 2233 iubemur

197 2266 240 2289 ea
272 2266 342 2302 que
372 2255 549 2302 superius
582 2255 683 2290 dicta
715 2263 801 2290 sunt
833 2255 994 2304 implere
1016 2256 1098 2304 quis
1115 2256 1273 2304 potest?
1304 2256 1505 2304 Perfeccio

197 2319 321 2347 autem
355 2312 623 2348 misericordie
661 2325 733 2361 qua
769 2313 984 2362 plurimum
1023 2314 1149 2349 anime
1187 2314 1382 2349 laboranti
1417 2326 1504 2350 con-

142 2369 352 2415 35sulitur‚
385 2370 489 2405 ultra
523 2371 769 2406 dileccionem
804 2370 949 2406 inimici
974 2371 1136 2421 porrigi
1166 2384 1237 2406 uon
1266 2379 1406 2420 potest.
1453 2372 1506 2406 Et

198 2427 280 2462 ideo
323 2428 377 2462 sic
423 2428 639 2463 clauditur:
691 2429 821 2464 Estote
873 2441 969 2478 ergo
1016 2441 1083 2464 vos
1120 2430 1291 2477 perfecti
1331 2429 1429 2465 sicut
1473 2436 1507 2465 et

193 2492 309 2533 pater
347 2493 472 2521 vester
510 2486 659 2521 celestis
693 2486 894 2535 perfectus
941 2494 1006 2522 est.
1053 2487 1111 2522 Ita
1151 2494 1277 2522 tamen
1317 2495 1356 2522 ut
1401 2488 1507 2523 Deus

266 2638 295 2663 4.
317 2630 355 2657 B:
376 2631 450 2664 quia
460 2629 642 2666 fenerator.
752 2639 776 2666 7.
798 2632 841 2658 A:
863 2632 1045 2667 temporali‚·
1072 2632 1094 2658 B
1115 2632 1257 2659 correxit.
1368 2639 1406 2659 12.
1428 2633 1457 2659 A
1476 2632 1506 2659 i11

199 2673 312 2698 mnrg.:
336 2664 418 2700 Quid
435 2669 480 2692 est
498 2666 675 2692 dominium.
794 2673 842 2699 24.
867 2667 903 2693 ss:
926 2666 1010 2693 oriri
1026 2667 1116 2693 iubet.
1236 2667 1276 2694 25.
1300 2667 1337 2693 B:
1360 2667 1505 2703 diligitis.

198 2699 243 2726 28.
266 2700 303 2725 B:
325 2700 423 2734 ipsum
444 2699 537 2726 deest.
613 2699 649 2727 31.
672 2701 700 2726 A
720 2700 749 2727 in
772 2709 885 2735 marg:
907 2701 1108 2736 Augustinus.

269 2781 320 2802 20.
348 2771 464 2802 Matth.
492 2773 532 2811 V,
558 2772 706 2812 43—48.
804 2774 856 2806 31.
883 2774 934 2805 De
959 2784 1121 2804 sermone
1146 2774 1287 2804 Domini
1314 2774 1348 2804 in
1374 2774 1504 2812 Monte,

200 2816 219 2847 l.
246 2827 274 2848 c.
301 2828 332 2858 p.
365 2818 437 2860 195·

1556 2157 1759 2193 Augustine's

1569 2197 1743 2220 comment:

1529 2228 1598 2255 The
1619 2227 1787 2262 perfection

1529 2263 1564 2290 of
1581 2270 1686 2298 mercy
1707 2263 1733 2289 is
1754 2266 1785 2288 to

1572 2298 1639 2324 love
1659 2298 1745 2324 one's

1598 2340 1716 2368 enemy.
