2062 3327
221 240 242 273 6
923 241 1041 272 opus
1068 241 1403 272 nvANoELicuixi
1664 227 1772 281 [CAP.
1794 236 1829 263 11.

509 349 665 397 turpius
699 357 765 385 aut
797 347 970 384 severius
994 349 1128 395 quoad
1154 349 1293 383 Deum.
1331 348 1422 383 ldeo
1456 347 1552 383 dicit
1582 346 1829 394 Augustinus

509 407 575 443 ubi
609 420 749 455 supra:
787 407 969 441 Salomon
1003 405 1093 440 dum
1118 405 1236 440 multe
1257 405 1446 454 sapiencie
1478 405 1829 453 transgressionem

509 465 686 511 incurrit,
721 464 842 500 tocius
874 463 1086 499 Israelitice
1114 463 1237 512 plebis
1270 463 1384 513 regni
1412 463 1688 512 dispersionem
1712 463 1831 499 solius

508 524 568 559 sui
607 523 743 559 merito
778 521 962 571 prestitit.
1027 521 1172 564 Quibus
1215 533 1313 570 ergo
1357 521 1649 557 committuntur
1697 521 1830 565 multa,

513 581 663 616 maiora
694 580 877 629 perdunt,
909 579 943 615 si
979 591 1051 614 non
1092 586 1195 614 recte
1233 579 1540 628 dispensaverint
1577 579 1741 615 rectoris
1773 579 1865 614 sitifi

510 651 669 675 munera
702 650 772 686 que
803 638 849 672 ab
868 649 909 673 eo
928 644 1197 686 perceperant.
1237 636 1309 672 Cui
1331 637 1428 672 enim
1448 637 1540 686 plus
1566 636 1831 683 committitur,

504 697 596 746 plus
627 697 674 731 ab
708 708 750 732 eo
783 695 981 745 exigitur,-
1018 702 1053 730 et
1084 707 1220 730 servus
1253 695 1317 743 qni
1350 695 1495 730 domini
1524 695 1584 730 sui
1614 695 1834 745 intelligens

511 755 743 790 voluntatem
788 765 860 789 non
890 752 1008 801 facit,
1050 752 1268 788 acrioribus
1308 760 1343 788 et
1378 753 1630 803 gravioribus
1654 753 1834 803 flagellis

511 812 708 861 vapulabit
746 814 803 855 (ut
836 819 945 858 patet
980 812 1085 846 Luce
1118 811 1230 855 XIV).

221 878 268 905 ΑΗ
292 878 337 904 sin
360 885 430 912 may
451 877 487 903 be
569 871 617 905 Et
662 870 712 906 ad
758 869 875 904 istam
922 868 1158 905 abusionem
1220 869 1418 904 reducunt
1473 868 1639 917 quidam
1694 867 1833 904 omnia
1854 880 1892 900 10

250 912 469 981 shoaxggiggtbe
511 935 678 976 peccata
711 935 794 963 tam
828 926 1059 963 racionibus
1105 939 1225 975 quam
1260 926 1463 974 exemplis.
1512 928 1602 963 Non
1635 925 1742 963 enim
1777 935 1835 962 est

262 981 451 1018 knowledge.
511 985 700 1033 possibile
735 993 961 1021 creaturam
996 984 1242 1021 racionalem
1277 986 1420 1021 debere
1452 984 1669 1034 quicquam
1704 985 1834 1020 facere

511 1043 586 1080 nisi
627 1042 726 1079 illud
772 1044 916 1079 debere
959 1043 1091 1079 luceat
1135 1042 1175 1078 in
1220 1042 1422 1091 sapiencia
1455 1043 1646 1089 increata,
1696 1051 1732 1079 et
1765 1055 1835 1090 per

513 1114 762 1150 consequens
810 1100 1037 1138 deficiendo
1096 1101 1171 1137 hoc
1230 1101 1365 1137 debito
1418 1101 1597 1137 abutitur
1650 1109 1835 1138 creatura

511 1172 684 1208 peccans
708 1158 1009 1207 exemplacione
1033 1158 1234 1207 sapiencie
1258 1158 1448 1204 increate‚
1474 1168 1511 1196 et
1534 1159 1589 1196 sic
1623 1165 1832 1208 (quantum
1856 1160 1891 1192 15

511 1218 551 1254 in
575 1218 663 1267 ipsa
689 1222 760 1264 est)
785 1217 952 1266 dissipat
974 1216 1250 1254 ordinanciam
1279 1217 1482 1253 creatoris.
1509 1220 1557 1254 Et
1580 1217 1656 1254 ista
1680 1217 1836 1254 videtur

511 1276 722 1313 luciferina
755 1275 957 1324 superbia,
1003 1288 1080 1324 qua
1128 1275 1336 1324 quiescens
1382 1285 1690 1324 presumptuose
1723 1275 1763 1312 in
1795 1288 1835 1313 se

512 1334 599 1382 ipso
632 1343 724 1383 post
765 1334 837 1370 Dei
870 1333 1061 1370 noticiam
1109 1342 1145 1370 et
1179 1346 1246 1370 sue
1280 1333 1442 1380 fabrice,
1477 1335 1560 1370 Deo
1592 1347 1673 1370 non
1706 1334 1836 1370 reddit

513 1394 650 1429 laudes
683 1392 836 1440 dignas,
872 1401 909 1428 et
932 1393 980 1429 ab
1011 1391 1098 1440 ipso
1124 1392 1370 1440 exemplatur
1393 1391 1611 1428 maximum
1646 1392 1834 1429 delictum

515 1451 680 1488 ecclesie
713 1451 834 1487 modo
867 1462 1051 1498 regnans.
1093 1452 1193 1486 Nam
1230 1449 1355 1498 patris
1388 1449 1593 1498 sapiencia
1626 1450 1894 1487 incarnatam

514 1522 555 1546 ex
590 1508 757 1546 caritate
792 1522 950 1545 summa
984 1517 1020 1544 et
1054 1508 1256 1556 sapiencia
1301 1508 1459 1544 infinita
1493 1509 1732 1557 exemplavit
1764 1522 1836 1558 pro

513 1577 694 1616 tempore
728 1566 1049 1604 conversacionis
1082 1579 1151 1602 sue
1195 1566 1234 1602 in
1279 1566 1395 1603 terris
1429 1568 1635 1615 quomodo
1670 1567 1838 1604 ecclesia

514 1639 584 1662 sua
619 1635 655 1662 et
695 1626 822 1661 clerus
867 1624 1095 1673 specialiter
1143 1626 1258 1661 debet
1304 1624 1433 1661 vivere
1468 1638 1549 1660 non
1582 1625 1838 1662 dominanter

514 1684 575 1720 vel
609 1683 845 1720 seculariter
891 1684 960 1719 sed
1006 1681 1233 1731 propinque
1279 1682 1399 1719 statui
1446 1682 1681 1719 innocencie
1713 1683 1837 1720 vitam

516 1754 737 1790 pauperem
772 1750 808 1777 et
847 1742 1055 1777 honestam
1091 1740 1197 1776 iuxta
1230 1740 1328 1776 illud
1362 1743 1386 1779 Ι.
1420 1740 1586 1787 Petrill,
1622 1751 1693 1777 21:
1725 1741 1894 1777 Chri-25

516 1807 598 1836 stus
625 1812 767 1849 passus
800 1807 855 1835 est
897 1812 973 1848 pro
1006 1799 1126 1846 nobis,
1151 1799 1256 1835 vobis
1293 1799 1511 1848 relinquens
1544 1800 1764 1849 exemplum
1798 1808 1837 1836 ut

515 1857 729 1906 sequamini
760 1858 921 1907 vestigia
955 1858 1044 1893 eius.

577 1917 654 1952 Sed
699 1915 788 1951 finis
834 1925 915 1951 tam
949 1915 1058 1951 utilis
1092 1924 1129 1950 et
1162 1924 1242 1951 tam
1273 1915 1470 1963 penaliter
1514 1928 1535 1951 a
1581 1924 1662 1951 tam
1697 1925 1836 1952 sancto

518 1973 693 2009 intentus
722 1986 791 2021 per
814 1972 1049 2010 Antichristi
1078 1972 1278 2009 versucias
1312 1982 1369 2009 est
1403 1982 1624 2021 quassatus.
1660 1975 1737 2010 Sed
1770 1974 1837 2010 ubi

519 2031 649 2068 maior
673 2031 782 2068 racio
817 2031 997 2079 peccati?
1030 2032 1122 2067 Ideo
1144 2044 1226 2067 non
1251 2030 1396 2067 mirum
1431 2030 1461 2066 si
1496 2030 1602 2067 istud
1625 2040 1834 2079 peccatum
1855 2033 1896 2065 30

518 2091 726 2138 perturbat
772 2089 980 2126 ecclesiam
1041 2089 1295 2127 militantem.
1354 2091 1482 2125 Immo
1529 2089 1700 2126 breviter
1745 2103 1836 2126 cum

518 2147 648 2184 omnis
692 2147 816 2185 virtus
862 2148 922 2183 vel
957 2147 1143 2195 potencia
1188 2160 1309 2195 quam
1345 2149 1451 2183 Deus
1485 2147 1624 2183 tribuit
1658 2156 1837 2184 creature

520 2215 589 2251 est,
624 2214 666 2241 ut
715 2205 800 2253 ipsa
844 2206 978 2242 laudet
1023 2207 1149 2241 Deum
1201 2214 1291 2241 actu
1337 2218 1406 2241 suo
1452 2206 1511 2241 vel
1560 2218 1694 2254 opere,
1731 2214 1838 2253 patet

519 2265 628 2312 quod
673 2277 753 2300 non
800 2273 856 2300 est
904 2263 1094 2311 possibile
1140 2273 1364 2299 creaturam
1415 2276 1581 2310 peccare
1627 2263 1701 2300 nisi
1743 2265 1836 2300 dum

521 2321 709 2358 defecerit
742 2323 790 2358 ab
825 2323 898 2357 hoc
934 2321 1023 2359 fine.
1071 2320 1110 2357 Si
1156 2321 1276 2369 igitur
1320 2323 1441 2358 habes
1473 2321 1664 2358 noticiam
1699 2335 1720 2358 a
1754 2324 1837 2358 Deo
1856 2323 1895 2357 35

520 2388 561 2415 ut
593 2379 769 2416 instruas
802 2380 861 2416 vel
894 2379 1053 2415 edifices
1101 2379 1324 2425 ecclesiam,
1370 2380 1430 2416 fac
1463 2381 1683 2416 secundum
1718 2380 1838 2416 finem

521 2450 640 2485 quem
677 2440 780 2474 Deus
814 2438 852 2474 in
894 2439 1030 2474 dando
1075 2436 1147 2473 tibi
1197 2438 1270 2473 hoc
1318 2437 1492 2474 medium
1535 2438 1745 2474 ordinavit.
1792 2440 1839 2474 Et

523 2496 593 2531 hec
627 2505 683 2532 est
706 2509 785 2532 una
809 2495 917 2532 racio
943 2508 1065 2544 quare
1090 2504 1299 2542 peccatum
1325 2496 1475 2531 diaboli
1500 2506 1556 2532 est
1589 2505 1669 2532 tam
1705 2508 1837 2544 grave,

594 2686 599 2703 1
635 2679 660 2703 Α
683 2677 711 2703 in
735 2685 848 2710 marg:
871 2676 1072 2713 Augustinus.
1158 2677 1185 2703 (Ξ.
1208 2678 1249 2705 A:
1271 2679 1498 2711 perceperunt:
1518 2677 1556 2703 ib.
1582 2677 1626 2703 A:
1653 2676 1711 2703 Cui
1727 2679 1836 2702 aulem.

525 2720 544 2738 ιι
587 2713 612 2738 Λ
641 2712 668 2738 iu
704 2720 817 2745 marg:
851 2711 1015 2739 johannes
1162 2711 1198 2738 13.
1233 2712 1271 2738 B:
1304 2712 1434 2743 debere,-
1466 2711 1494 2738 iu
1530 2720 1624 2744 ιηιιιῄεζ.
1659 2711 1759 2737 addit:
1794 2719 1836 2737 re.

526 2748 563 2773 ιδ’.
598 2748 641 2773 A:
677 2746 821 2773 mitti-tit.
909 2754 954 2773 20.
989 2747 1010 2773 Β
1045 2747 1072 2773 iu
1104 2755 1216 2781 marga
1252 2746 1342 2774 Nota.
1428 2745 1467 2772 35.
1492 2746 1528 2772 13:
1551 2754 1569 2772 a
1593 2746 1657 2772 Deo
1679 2745 1836 2772 noticiam.

595 2828 624 2848 2.
652 2820 684 2848 S.
706 2819 901 2858 Augustini,
922 2819 971 2849 Dc·
991 2819 1175 2850 duodecim
1196 2819 1404 2850 abusionum
1425 2818 1600 2860 gradibus,
1619 2818 1639 2848 l.
1659 2828 1686 2848 c.
1706 2828 1738 2859 p.
1761 2828 1795 2848 21
1812 2828 1836 2849 i.

525 2866 554 2894 8.
586 2865 698 2895 Lucae
728 2865 794 2903 ΧΗ,
822 2875 876 2906 47.
