2003 3322
188 220 262 256 168
885 227 1005 259 OPUS
1029 227 1366 259 EVANGELICUM
1544 215 1652 270 [CAP-
1674 224 1780 252 XLVI-

470 333 599 369 vivere
631 333 734 379 velit,
766 340 843 368 tam
878 333 1122 368 veliementer
1152 345 1192 368 se
1224 333 1264 368 id
1296 334 1392 369 velle
1415 345 1528 381 quam
1562 333 1662 369 illud
1684 333 1786 370 nolle

471 390 728 439 respondebit.
783 391 847 426 Sic
894 391 1087 426 invenitur
1132 403 1245 426 verus
1290 398 1325 426 et
1376 391 1495 427 bonus
1549 391 1785 427 christianus

471 448 638 498 diligere
676 448 712 484 in
752 460 825 484 una
856 448 1010 496 semina
1051 455 1274 484 creaturam
1309 448 1386 484 Dei
1422 461 1533 497 quam
1569 449 1787 497 reformari

470 513 505 542 et
538 506 724 542 renovari
753 506 964 551 desiderat,
1011 506 1137 542 odisse
1167 513 1293 542 autem
1329 507 1636 542 coniunccionem
1669 519 1784 555 copu-

471 564 731 612 lacionemque
769 563 1061 613 corruptibilem
1096 570 1131 599 et
1163 564 1383 609 mortalem,
1428 564 1499 600 hoc
1531 571 1587 600 est
1619 564 1818 614 diligere5

470 622 506 657 in
540 633 582 657 ea
615 622 719 670 quod
750 621 864 657 homo
897 628 952 657 est
984 629 1020 657 et
1051 621 1179 657 odisse
1201 622 1302 670 quod
1335 633 1440 657 uxor
1472 630 1538 660 est.
1574 622 1631 657 Ita
1665 622 1783 658 eciam

472 679 601 729 diligit
640 679 847 726 inimicum,
894 691 966 715 non
1007 679 1042 715 in
1083 686 1264 727 quantum
1307 679 1481 716 inimicus
1525 687 1592 726 est,
1637 680 1705 716 sed
1748 679 1783 715 in

471 744 653 786 quantum
687 737 800 773 homo
834 744 902 783 est,
948 744 987 772 ut
1031 737 1102 773 hoc
1141 737 1176 773 ei
1207 737 1297 773 velit
1324 738 1536 786 provenire
1568 738 1670 787 quod
1700 737 1783 783 sibi,

472 795 512 830 id
554 802 623 841 est,
667 802 707 830 ut
745 795 797 830 ad
834 807 999 845 regnum
1044 795 1215 831 celorum
1255 802 1455 831 correctus
1502 802 1784 844 renovatusque

467 852 684 902 perveniat.
721 853 807 888 Hoc
838 859 873 888 et
907 853 953 888 de
978 859 1095 902 patre
1126 859 1162 888 et
1190 853 1236 888 de
1258 859 1384 888 matre
1406 860 1440 889 et
1464 853 1602 889 ceteris
1625 853 1785 889 vinculis
1805 868 1845 889 10

471 910 674 960 sanguinis
705 910 1000 960 intelligendum
1025 917 1092 956 est,
1126 917 1166 945 ut
1188 909 1224 945 in
1247 910 1300 946 eis
1321 911 1518 947 oderimus
1541 912 1643 960 quod
1663 923 1786 961 genus

473 969 682 1004 humanum
717 969 908 1004 nascendo
941 975 975 1003 et
1008 968 1209 1006 moriendo
1241 968 1420 1004 sortitum
1460 976 1528 1012 est,
1574 969 1786 1019 diligamus

472 1033 598 1061 autem
633 1027 735 1074 quod
766 1026 961 1062 nobiscum
996 1033 1125 1075 potest
1163 1026 1215 1061 ad
1253 1038 1377 1076 regna
1418 1026 1485 1062 illa
1520 1027 1689 1076 perduci
1725 1026 1789 1062 ubi

474 1096 583 1120 nemo
612 1084 728 1119 dicit:
760 1084 880 1119 Pater
911 1096 1029 1130 meus,
1063 1084 1132 1120 sed
1164 1096 1295 1120 omnes
1327 1084 1393 1119 uni
1417 1091 1452 1120 et
1475 1085 1587 1120 unico
1621 1096 1788 1132 veroque

475 1141 628 1177 domino
660 1142 766 1177 Deo:
798 1142 918 1178 Pater
949 1149 1092 1185 noster,
1121 1137 1126 1195 Ι
1154 1154 1221 1178 nec
1258 1149 1385 1177 mater
1422 1154 1519 1188 mea,
1551 1143 1620 1178 sed
1657 1154 1789 1178 omnes
1828 1144 1909 1188 372¹³

474 1199 532 1235 illi
555 1199 771 1236 Jerusalem
805 1207 932 1235 mater
964 1207 1110 1245 nostra,
1146 1212 1213 1236 nec
1235 1199 1377 1248 frater
1407 1212 1526 1243 meus,
1559 1201 1628 1236 sed
1659 1211 1789 1236 omnes

474 1258 521 1293 de
564 1257 761 1293 omnibus:
803 1258 949 1293 Frater
996 1264 1147 1302 noster;
1190 1257 1410 1308 coniugium
1456 1270 1548 1294 vero
1592 1271 1676 1294 cum
1722 1258 1788 1293 illo

473 1315 590 1352 simul
628 1315 733 1351 nobis
773 1315 808 1351 in
849 1328 964 1351 unum
1005 1315 1174 1351 redactis
1218 1315 1328 1364 quasi
1364 1316 1474 1351 unius
1506 1316 1682 1366 coniugis
1715 1315 1789 1352 erit

475 1373 540 1422 qui
570 1385 637 1409 nos
670 1374 717 1409 de
738 1373 1021 1422 prostitucione
1052 1373 1163 1409 liuius
1195 1373 1316 1409 seculi
1346 1385 1506 1422 nequam
1539 1374 1603 1410 sui
1618 1373 1791 1423 preciosi

474 1431 676 1482 sanguinis
708 1431 937 1481 largissima
971 1431 1153 1480 effusione
1185 1431 1364 1467 liberavit
1401 1439 1436 1467 et
1475 1431 1578 1468 illius
1618 1431 1789 1482 regionis
1806 1445 1848 1467 20

473 1488 649 1540 gloriose
680 1489 888 1525 coheredes
920 1489 1053 1537 effecit,
1086 1501 1160 1525 non
1193 1489 1336 1525 nostris
1368 1489 1517 1525 meritis
1544 1489 1609 1538 qui
1642 1489 1792 1525 nonnisi

476 1546 794 1595 dampnacionem
828 1547 1040 1583 meruimus
1071 1548 1139 1583 sed
1169 1559 1238 1583 sua
1272 1547 1523 1583 miseracione
1554 1554 1632 1583 tam
1662 1559 1789 1583 neces-

475 1603 582 1641 saria
616 1616 729 1653 quam
768 1605 990 1653 salutifera.
1045 1605 1176 1655 Igitur
1219 1617 1369 1641 necesse
1412 1612 1468 1641 est
1506 1612 1547 1640 ut
1584 1605 1709 1641 oderit
1747 1617 1789 1641 ea

476 1674 548 1711 que
586 1669 786 1699 transeunt
824 1663 1037 1712 discipulus
1075 1662 1223 1699 Christi
1258 1663 1293 1698 in
1333 1662 1406 1699 hiis
1444 1674 1538 1711 quos
1573 1675 1701 1699 secum
1740 1663 1792 1698 ad

477 1732 519 1756 ea
553 1721 683 1756 venire
706 1721 902 1757 desiderat
934 1732 1004 1769 que
1035 1733 1190 1769 semper
1221 1721 1426 1756 manebunt
1458 1728 1493 1756 et
1524 1728 1630 1757 tanto
1661 1720 1792 1771 magis
1808 1724 1848 1757 25

480 1778 551 1814 hoc
584 1777 619 1813 in
651 1778 706 1814 eis
738 1778 864 1814 oderit
895 1785 1036 1827 quanto
1071 1779 1199 1828 magis
1231 1790 1294 1814 eos
1327 1778 1469 1829 diligit.

187 1843 215 1869 A
229 1841 376 1881 chrgstiap
395 1849 465 1878 may
540 1836 669 1872 Potest
689 1836 813 1886 igitur
834 1836 1068 1872 christianus
1090 1836 1336 1872 concorditer
1357 1848 1441 1872 cum
1466 1836 1629 1886 coniuge
1652 1836 1793 1883 vivere,

202 1877 448 1947 harrixlggynzvith
480 1894 560 1929 sive
592 1894 851 1944 indigenciam
884 1894 1080 1930 carnalem
1115 1906 1199 1930 cum
1233 1906 1275 1930 ea
1307 1895 1503 1943 supplens,
1537 1894 1638 1942 quod
1658 1906 1792 1929 secun-

251 1947 298 1975 his
319 1946 400 1974 wife.
485 1952 575 1987 dum
627 1952 773 1988 veniam
826 1964 898 1988 non
945 1952 1154 1988 secundum
1200 1952 1403 2001 imperium
1449 1952 1540 1988 dicit
1571 1952 1791 2001 Apostolus,

479 2009 559 2045 sive
578 2009 759 2059 filiorum
789 2010 1122 2060 propagacionem
1169 2010 1270 2058 quod
1314 2010 1388 2045 iam
1434 2010 1616 2046 nonnullo
1659 2010 1792 2060 gradu
1811 2015 1852 2046 30

474 2074 603 2117 potest
634 2080 716 2104 esse
747 2068 954 2113 laudabile,
987 2068 1067 2103 sive
1089 2068 1319 2116 fraternam
1351 2067 1570 2103 societatem
1603 2067 1683 2103 sine
1715 2067 1793 2103 ulla

480 2137 690 2174 corporum
743 2126 1017 2162 commixtione
1060 2126 1215 2171 habens,
1266 2137 1429 2161 uxorem
1475 2132 1670 2173 tamquam
1720 2137 1792 2161 non

480 2184 622 2219 habens
641 2184 743 2232 quod
765 2190 820 2220 est
843 2184 878 2219 in
902 2183 1080 2234 coniugio
1104 2183 1406 2219 christianorum
1430 2183 1792 2219 excellentissimum

480 2248 516 2276 et
558 2241 733 2287 sublime,
784 2248 826 2277 ut
869 2249 995 2277 tamen
1040 2241 1166 2277 oderit
1216 2241 1252 2276 in
1298 2253 1339 2276 ea
1384 2253 1518 2276 nomen
1568 2240 1794 2290 temporalis

481 2298 720 2335 necessitatis
753 2306 788 2335 et
822 2299 963 2349 diligat
993 2311 1099 2348 spem
1132 2299 1368 2348 sempiterne
1400 2298 1656 2334 beatitudinis.
1810 2302 1850 2335 35

546 2356 711 2393 Odimus
751 2357 849 2393 enim
883 2357 964 2393 sine
997 2357 1111 2392 dubio
1140 2356 1242 2405 quod
1273 2363 1377 2392 certe
1408 2363 1448 2392 ut
1480 2356 1688 2404 aliquando
1720 2368 1793 2391 non

480 2413 534 2450 sic
567 2422 757 2464 optamus,
790 2414 887 2450 sicut
920 2414 1031 2450 istam
1061 2414 1254 2463 presentis
1286 2414 1472 2463 temporis
1505 2414 1620 2449 vitam
1654 2414 1689 2449 in
1721 2425 1793 2461 qua

481 2472 608 2508 adhuc
641 2473 866 2508 laboramus
898 2479 933 2508 et
963 2473 1169 2522 gemimus,
1209 2484 1320 2521 quam
1355 2472 1504 2520 quidem
1539 2472 1792 2521 temporalem

552 2658 575 2678 2.
597 2653 641 2679 A:
665 2659 755 2678 verus
776 2654 805 2678 et
825 2651 919 2678 deest.
1010 2660 1039 2683 4.
1062 2652 1104 2678 A:
1125 2654 1155 2678 et
1175 2651 1326 2678 renovari
1345 2650 1442 2677 twice.
1533 2650 1557 2679 5.
1579 2651 1623 2678 A:
1645 2651 1795 2683 mortale;

482 2686 522 2713 ib.
545 2687 589 2713 A:
611 2686 670 2713 hoc
689 2686 778 2713 enim.
888 2686 915 2713 6.
936 2687 981 2713 A:
1009 2686 1100 2713 bomo
1120 2685 1223 2719 twi303
1252 2686 1292 2713 ib.
1315 2686 1357 2713 A:
1385 2688 1416 2712 et
1433 2685 1527 2712 deest.
1637 2694 1678 2713 10.
1701 2687 1745 2713 A:
1766 2688 1795 2713 et

482 2724 591 2748 matre.
700 2729 735 2754 11,
758 2728 796 2747 12.
817 2721 861 2748 A:
885 2723 918 2747 ut
937 2720 966 2748 in
988 2720 1032 2747 eis
1051 2736 1084 2740 -—
1104 2721 1247 2747 sortitum
1268 2723 1314 2747 est
1332 2720 1433 2752 deest;
1467 2720 1487 2747 B
1514 2719 1544 2747 in
1573 2728 1669 2755 marg.
1697 2719 1792 2747 addit.

483 2764 523 2789 14-
546 2755 583 2783 B:
606 2756 659 2782 uni
677 2758 705 2782 et
723 2755 800 2783 viro.
904 2754 946 2782 23.
969 2755 1006 2782 B:
1027 2754 1194 2792 salutifera
1204 2765 1215 2788 ‚·
1234 2756 1313 2782 ideo.
1416 2754 1462 2788 34.
1484 2755 1521 2782 B:
1544 2758 1577 2782 ut
1595 2763 1659 2782 cum
1681 2755 1793 2782 oderit.

554 2840 605 2871 30.
633 2839 656 2870 Ι.
684 2839 763 2870 Cor.
790 2839 861 2879 VII,
887 2838 918 2870 ὁ.
