2003 3322
195 249 269 284 190
888 241 1006 273 OPUS
1032 241 1371 273 EVANGELICUM
1604 228 1711 282 [CAP.
1732 238 1795 266 Lu.

254 359 388 387 Gradua]
465 347 592 395 facile
624 347 818 383 invenitur
850 347 914 395 qui
938 360 1075 398 pugno
1107 355 1262 397 accepto
1297 360 1474 398 pugnum
1509 348 1674 383 reddere
1708 347 1798 383 velit

197 393 448 457 laggvfflssggssfflfflgd
476 412 510 440 et
562 417 635 440 uno
667 405 903 441 conviciante
946 406 1062 441 verbo
1115 407 1262 453 audito,
1321 418 1435 441 unum
1480 406 1581 454 quod
1631 412 1798 440 tantum-

188 472 282 526 mvten
304 462 463 525 edsshtsssst
478 463 562 497 dem
598 462 724 498 valeat
757 463 914 511 referre
937 470 1136 499 contentus
1164 464 1224 506 si,t
1249 464 1317 499 sed
1343 464 1422 499 sive
1456 463 1515 498 ira
1544 463 1799 511 perturbatus

247 507 282 525 ⁰¹
308 507 323 525 Ἰ
349 506 391 525 ei
477 521 776 557 immoderacius
820 521 988 557 vindicat
1030 522 1109 557 si2e
1150 522 1236 569 quia
1280 522 1418 557 iustum
1459 528 1572 570 putat
1616 533 1699 556 eum
1738 520 1803 570 qui

479 578 563 614 lesit
595 578 712 627 prior
743 579 909 628 gravius
944 579 1021 614 ledi
1055 591 1165 627 quam
1200 580 1302 615 lesus
1335 586 1390 614 est
1433 579 1497 627 qui
1533 591 1605 614 non
1645 579 1833 616 leserat-5

485 636 616 671 Talem
662 636 830 672 animum
877 649 1021 687 magna
1067 649 1118 673 ex
1144 644 1261 686 parte
1305 637 1522 684 refrenavit
1561 636 1693 672 lexin
1727 648 1799 685 qua

478 694 666 742 scriptum
712 701 785 730 est:
832 694 994 730 Oculum
1037 707 1112 743 pro
1145 695 1255 731 oculo
1299 701 1333 730 et
1379 695 1526 730 dentem
1568 706 1644 743 pro
1678 694 1800 729 dente.

485 751 632 794 Quibus
675 752 890 788 nominihus
932 753 1180 802 significatur
1223 760 1263 788 ut
1306 752 1485 787 iniuriam
1520 752 1687 788 vindicta
1728 763 1800 787 non

480 816 664 845 transeat.
698 809 751 845 Et
784 810 854 846 hoc
881 811 993 859 pacis
1021 818 1077 846 est
1106 810 1314 847 inchoacio.
1350 811 1530 858 Perfecta
1563 817 1688 846 autem
1717 820 1803 858 pax

480 874 536 903 est
559 867 674 903 talem
694 868 849 916 penitus
872 869 972 904 nolle
995 868 1213 904 vindictam.
1240 869 1346 904 Inter
1369 868 1467 903 illud
1489 868 1612 918 igitur
1628 867 1802 917 primum
1822 884 1860 905 10

482 925 584 973 quod
611 932 749 974 preter
782 925 907 976 legem
938 933 1004 976 est,
1040 934 1079 962 ut
1111 926 1234 962 maius
1257 926 1401 961 malum
1421 938 1497 975 pro
1521 926 1669 961 minore
1700 925 1802 960 malo

483 983 689 1029 reddatur,
734 990 769 1019 et
814 984 884 1020 hoc
929 985 1031 1033 quod
1080 984 1272 1020 Dominus
1311 983 1561 1033 perficiendis
1605 982 1803 1032 discipulis

483 1040 583 1076 dixit
615 1053 660 1076 ne
687 1053 764 1090 pro
797 1042 900 1078 malo
933 1043 1053 1078 ullum
1078 1042 1222 1077 malum
1248 1042 1452 1089 reddatur,
1476 1041 1641 1077 medium
1675 1053 1803 1090 quem-

483 1099 571 1133 dam
606 1099 731 1134 locum
765 1106 864 1135 tenet
897 1107 936 1136 ut
968 1107 1115 1136 tantum
1164 1100 1357 1136 reddatur
1388 1106 1570 1149 quantum
1603 1105 1800 1148 acceptum

482 1163 538 1192 est
560 1169 635 1205 per
658 1157 761 1205 quod
791 1171 812 1193 a
845 1170 996 1194 summa
1022 1158 1217 1194 discordia
1250 1158 1301 1193 ad
1332 1170 1523 1194 summam
1556 1156 1803 1193 concordiam
1824 1164 1860 1196 15

478 1226 555 1263 pro
589 1221 809 1263 temporum
834 1216 1109 1252 distribucione
1132 1216 1321 1252 transitus
1345 1216 1484 1264 sactus
1516 1223 1582 1251 est.
1624 1214 1805 1263 Quisquis

481 1284 580 1322 ergo
614 1273 758 1308 malum
792 1274 913 1322 infert
940 1274 1057 1323 prior
1087 1274 1213 1310 studio
1249 1273 1403 1310 [edendi
1433 1280 1468 1309 et
1500 1273 1672 1316 nocendi,
1718 1272 1804 1308 vide

482 1337 664 1378 quantum
699 1331 812 1367 distet
856 1332 901 1367 ab
946 1344 988 1368 eo
1032 1332 1096 1380 qui
1126 1344 1192 1368 nec
1237 1332 1338 1368 lesus
1380 1331 1566 1381 rependit.
1625 1330 1804 1378 Quisquis

482 1395 608 1423 autem
660 1389 759 1424 nulli
794 1390 911 1438 prior
961 1390 1155 1438 malefecit
1192 1390 1260 1425 sed
1304 1397 1430 1426 tamen
1477 1390 1577 1425 lesus
1630 1388 1805 1437 rependit

482 1446 647 1496 gravius
703 1447 762 1483 vel
814 1448 1010 1484 voluntate
1056 1448 1115 1483 vel
1157 1448 1272 1496 facto
1316 1447 1472 1483 recessit
1522 1446 1801 1495 aliquantulum
1821 1464 1864 1485 20

482 1516 504 1539 a
536 1516 686 1539 summa
720 1505 916 1553 iniquitate
948 1513 983 1542 et
1009 1506 1201 1555 processit
1232 1506 1284 1541 ad
1319 1518 1510 1542 summam
1549 1505 1736 1541 iusticiam
1770 1511 1805 1540 et

483 1569 609 1597 tamen
649 1564 817 1598 nondum
857 1571 956 1600 tenet
989 1564 1090 1612 quod
1123 1564 1189 1600 lex
1221 1575 1290 1612 que
1317 1576 1392 1613 per
1424 1564 1592 1613 Moysen
1626 1563 1716 1598 data
1750 1569 1805 1598 est

484 1620 701 1668 imperavit.
744 1621 821 1664 Qui
851 1622 975 1672 igitur
1007 1629 1153 1657 tantum
1183 1622 1313 1658 reddit
1335 1629 1516 1670 quantum
1550 1621 1697 1670 accepit
1728 1620 1803 1656 iam

485 1678 602 1713 donat
634 1678 802 1726 aliquid:
847 1692 919 1715 non
964 1680 1062 1716 enim
1096 1687 1241 1715 tantam
1282 1692 1422 1729 penam
1463 1687 1636 1715 meretur
1668 1690 1806 1714 nocens

484 1743 664 1783 quantam
710 1737 774 1773 ille
806 1738 871 1785 qui
906 1738 953 1773 ab
993 1750 1034 1774 eo
1068 1738 1169 1774 lesus
1213 1738 1391 1773 innocens
1422 1744 1477 1773 est
1507 1749 1657 1786 passus.
1691 1736 1805 1772 Hanc
1823 1745 1861 1777 25

486 1793 610 1843 igitur
642 1793 874 1842 inchoatam,
908 1808 979 1831 non
1002 1808 1178 1832 severam
1201 1796 1269 1831 sed
1291 1795 1582 1831 misericordem
1617 1795 1804 1831 iusticiam

486 1851 549 1886 ille
566 1852 733 1901 perficit,
766 1854 830 1902 qui
850 1854 950 1889 venit
972 1866 1044 1889 non
1068 1854 1192 1904 legem
1225 1854 1378 1889 solvere
1399 1854 1466 1889 sed
1488 1853 1660 1902 implere.
1697 1853 1806 1888 Duos

487 1909 611 1959 igitur
648 1911 775 1947 adhuc
806 1913 962 1962 gradus
1006 1912 1070 1959 qui
1111 1912 1301 1947 intersunt
1345 1911 1619 1961 intelligendos
1651 1910 1805 1958 reliquit

486 1974 521 2002 et
555 1967 600 2002 de
643 1968 725 2017 ipso
768 1982 918 2006 summo
963 1969 1230 2006 misericordie
1273 1969 1439 2005 culmine
1483 1969 1612 2005 dicere
1655 1969 1802 2004 maluit.

488 2025 589 2059 Nam
623 2035 678 2062 est
710 2028 837 2063 adhuc
869 2028 970 2076 quod
993 2027 1123 2076 faciat
1155 2028 1220 2076 qui
1250 2040 1321 2063 non
1351 2027 1484 2076 implet
1506 2027 1617 2063 istam
1651 2026 1803 2076 magni·
1822 2036 1863 2068 30

487 2083 656 2118 tudinem
685 2086 863 2135 precepti
893 2098 962 2134 que
989 2086 1158 2135 pertinet
1189 2086 1241 2121 ad
1263 2098 1428 2135 regnum
1462 2085 1631 2121 celorum
1666 2091 1706 2119 ut
1732 2096 1803 2120 non

489 2141 629 2176 reddat
678 2151 824 2180 tantum
874 2145 942 2180 sed
989 2144 1126 2189 minus,
1171 2151 1210 2178 ut
1255 2143 1314 2179 vel
1352 2155 1428 2192 pro
1474 2143 1620 2178 duobus
1659 2141 1806 2192 pugnis

489 2210 603 2233 unum
637 2209 703 2236 aut
730 2214 808 2251 pro
847 2202 976 2237 evulso
1009 2202 1118 2237 oculo
1151 2214 1285 2237 aurem
1314 2201 1506 2250 precidat.
1541 2200 1642 2235 Hinc
1673 2211 1804 2236 ascen-

489 2256 581 2292 dens
625 2260 690 2307 qui
732 2260 848 2296 nichil
891 2259 1043 2295 omnino
1089 2259 1310 2309 rependerit
1345 2259 1581 2307 propinquat
1622 2264 1805 2306 precepto

489 2314 659 2365 Domini,
707 2330 773 2354 nec
817 2325 942 2353 tamen
987 2318 1114 2353 adhuc
1158 2317 1210 2352 ibi
1249 2324 1314 2353 est.
1362 2317 1508 2352 Parum
1549 2316 1645 2352 enim
1679 2315 1862 2358 adhuc35

490 2372 643 2410 videtur
674 2376 843 2412 Domino
881 2376 916 2411 si
945 2387 1022 2424 pro
1067 2375 1168 2411 malo
1208 2375 1310 2424 quod
1346 2374 1557 2411 accesseris
1588 2373 1684 2410 nihil
1715 2373 1808 2408 nzali

490 2434 679 2478 rependas
712 2434 785 2470 nisi
815 2434 933 2470 eciam
977 2433 1029 2469 sis
1072 2433 1239 2482 amplius
1278 2440 1444 2482 paratus
1476 2432 1663 2481 accipere.
1702 2431 1805 2474 Qua-

484 2499 650 2541 propter
682 2504 754 2527 non
777 2492 850 2527 ait:
880 2491 971 2541 Ego
994 2498 1119 2527 autem
1145 2492 1229 2527 dico
1253 2490 1357 2526 vobis
1379 2503 1450 2526 non
1474 2490 1640 2526 reddere
1662 2489 1805 2525 malum

485 2563 561 2600 pro
608 2551 724 2597 malo,
768 2550 837 2585 sed
869 2550 1019 2598 quando
1072 2550 1142 2585 hoc
1190 2549 1308 2585 eciam
1350 2561 1535 2598 magnum
1576 2554 1803 2596 preceptum

559 2738 584 2765 2,
602 2730 625 2757 3.
648 2732 691 2758 A.
715 2733 745 2757 et
764 2729 849 2765 quod
866 2729 1054 2757 tantumdem
1075 2729 1173 2756 valea.
1247 2728 1456 2767 8.ss:qu1hus
1476 2727 1634 2760 onzni,·bus
1653 2726 1693 2754 ib.
1709 2727 1754 2754 A.

490 2753 646 2792 iniuri'.a1n
757 2773 796 2792 10.
828 2766 871 2791 A:
906 2766 935 2800 ig
937 2765 1006 2791 itur
1036 2764 1130 2791 deest.
1239 2771 1276 2790 12.
1299 2763 1336 2790 B:
1365 2761 1598 2801 proficientibus
1623 2728 1808 2797 discipulusf

491 2800 671 2834 14.C0dd.:
694 2803 849 2834 acceptum
871 2785 956 2826 deest
989 2799 1104 2825 Addidi
1127 2808 1140 2825 c
1164 2802 1243 2825 textu
1260 2798 1437 2832 Augustini
1513 2796 1547 2823 15.
1570 2797 1612 2823 A:
1631 2805 1690 2831 per
1710 2797 1802 2823 deest.

490 2843 535 2861 2ο.
557 2836 600 2862 A.
623 2835 824 2874 aliqumtum..
934 2834 979 2860 28.
1003 2834 1038 2860 B:
1061 2833 1263 2901 intelligendo
1284 2833 1448 2867 relinquid.
1557 2830 1595 2858 31
1617 2833 1660 2858 A:
1683 2834 1711 2858 et
1730 2839 1801 2858 uon.

488 2869 531 2897 32
553 2871 595 2897 A:
618 2870 665 2896 vel
684 2872 726 2896 ut.
800 2868 842 2895 33
867 2868 902 2895 Β·
925 2869 1042 2895 avulso.
1187 2869 1222 2895 Ης
1246 2867 1437 2902 rependetet.
