2062 3327
222 222 311 250 cAP.
332 213 385 267 11.]
734 225 871 255 PRlMA
902 224 1028 255 PARS.

216 331 370 380 pariter
389 338 423 366 et
445 331 491 366 de
512 331 608 366 bono
631 343 747 379 opere
768 330 959 366 instruere
983 330 1113 366 volens
1136 331 1357 380 discipulos,
1383 332 1533 379 qualem

220 389 255 424 in
295 388 367 424 hiis
399 388 587 424 cautelam
633 388 831 435 haberent,
874 388 1118 424 ammonebat
1150 389 1299 424 dicens:
1339 389 1412 425 Vos
1445 389 1533 425 estis

219 446 279 482 sal
309 453 424 482 terre.
465 446 581 496 Qcod
611 446 646 482 si
674 446 735 482 sal
756 446 954 482 evanuerit
976 446 1012 481 in
1035 458 1107 494 quo
1129 446 1322 482 salietur?
1343 447 1395 482 ad
1417 447 1534 482 nichil

220 505 321 540 valet
353 504 456 539 ultra
489 504 563 540 nisi
593 511 633 539 ut
664 503 842 539 mittatur
862 504 985 552 foras
1030 511 1065 539 et
1109 503 1356 540 conculcetur
1387 505 1433 539 ab
1466 505 1531 540 ho-

186 562 382 598 §minibus
413 558 474 614 (ut
500 569 609 611 patet
640 561 807 597 Matthei
845 562 913 609 V)‚·
943 562 1014 597 hoc
1045 569 1112 608 est,
1147 562 1242 598 dicit
1272 561 1532 609 Augustinus,

218 620 252 656 si
281 620 418 656 doctor
449 619 656 666 erraverit,
689 632 711 655 a
735 631 806 668 quo
834 619 973 655 iterum
998 619 1157 656 doctore
1179 620 1476 656 emendabitur?

274 677 327 713 Et
357 677 392 713 si
421 678 547 714 lumen
580 678 681 725 quod
713 677 748 713 in
782 684 818 713 te
850 685 920 723 est,
960 677 1113 714 tenebre
1144 677 1231 721 sint,
1264 678 1344 727 ipse
1380 678 1533 714 tenebre

217 742 356 784 quante
386 736 528 771 erunt?
561 735 602 771 Si
619 747 783 784 namque
815 736 948 771 oculus
970 748 991 771 a
1016 735 1172 772 videndi
1202 735 1330 786 officio
1362 736 1532 782 desierit,

217 793 334 842 quisa
350 805 464 829 manu
481 793 541 829 vel
557 793 658 843 pede
682 793 742 830 vel
762 806 784 828 a
809 793 955 842 reliquo
977 805 1143 842 corpore
1159 793 1256 829 illud
1279 793 1531 830 ministerium

164 866 202 887 10
217 851 380 902 exiget?
417 851 670 901 Quapropter
702 851 865 888 lectores
897 851 1066 902 cogitent
1093 864 1138 887 ne
1163 851 1348 901 ampliori
1370 851 1533 888 vindicte

216 909 447 955 subiaceant,
494 909 529 945 si
554 909 684 958 pluris
708 909 945 958 perdicionis
975 909 1210 946 occasionem
1243 909 1533 946 habundancius

212 974 400 1017 prestent.

274 1026 366 1062 Ideo
410 1024 506 1061 dicit
540 1024 755 1072 Gregorius
803 1037 924 1073 super
971 1026 1068 1062 illud
1108 1024 1275 1062 Matthei
1319 1026 1452 1075 XVIII,
1484 1027 1529 1061 6:

92 1086 172 1120 353ο
217 1083 260 1119 Si
290 1083 373 1132 quis
410 1083 736 1135 scandalizaverit
763 1078 768 1136 Ι
797 1095 912 1119 unum
957 1084 1004 1120 de
1049 1084 1204 1133 pusillis
1242 1083 1336 1130 istis,
1375 1083 1532 1132 expedit

160 1146 199 1178 15
216 1141 260 1186 ei,
296 1149 335 1177 ut
365 1141 627 1190 suspendatur
659 1141 761 1177 mola
794 1141 965 1177 asinaria
999 1142 1035 1177 in
1068 1142 1167 1178 collo
1201 1142 1280 1178 eius
1312 1148 1347 1177 et
1379 1141 1528 1177 demer-

214 1206 337 1249 gatur
383 1199 418 1234 in
459 1199 704 1248 profundum
748 1199 884 1237 maris.
943 1199 1030 1236 Hoc
1074 1207 1141 1246 est,
1182 1198 1324 1248 inquit,
1375 1199 1531 1248 expedit

215 1264 350 1293 curato
383 1269 459 1306 per
491 1257 633 1292 malam
667 1257 784 1293 vitam
816 1270 925 1294 suam
957 1257 1243 1309 scandalizanti
1272 1257 1457 1303 subditos,
1492 1264 1531 1292 ut

215 1316 333 1365 degat
366 1314 551 1351 abiectam
576 1315 692 1351 vitam
722 1315 956 1351 mundanam
982 1328 1004 1351 a
1032 1315 1297 1365 superioribus
1327 1315 1528 1350 limitatam

213 1380 248 1409 et
281 1373 513 1423 dampnetur
558 1374 807 1422 postmodum
856 1373 989 1410 nzicius
1029 1374 1064 1409 in
1110 1374 1320 1422 infernum,
1353 1373 1439 1422 quia
1473 1376 1529 1416 (ut

157 1444 198 1465 20
213 1430 343 1479 inquit
377 1427 613 1482 Gregorius)
658 1438 713 1467 tot
752 1431 940 1468 mortibus
981 1431 1093 1482 digni
1128 1438 1215 1467 sunt
1248 1431 1396 1480 prelati
1441 1438 1530 1479 quot

207 1489 445 1538 perdicionis
477 1489 655 1539 exempla
688 1490 740 1525 ad
770 1490 942 1526 subditos
974 1489 1250 1525 transmittunt.

270 1547 318 1583 Et
349 1547 421 1583 hec
465 1546 574 1584 racio
619 1559 712 1595 sepe
757 1547 957 1584 dictorum
1011 1560 1133 1595 quare
1182 1546 1358 1583 caritatis
1391 1547 1529 1595 regula

211 1604 423 1642 necessitat
453 1604 638 1642 dominos
671 1605 868 1642 seculares
901 1606 1130 1642 abstrahere
1162 1605 1395 1641 facultatem
1429 1614 1528 1641 tem-

212 1662 414 1711 poralium
448 1676 470 1700 a
502 1662 670 1709 clericis,
705 1675 776 1711 per
799 1676 919 1712 quarn
943 1676 984 1700 se
1007 1663 1115 1712 ipsos
1140 1663 1358 1700 incendunt
1392 1663 1527 1711 culpa-

156 1722 194 1755 25
212 1721 343 1758 biliter
375 1722 425 1758 ad
473 1720 674 1758 infernum
709 1730 745 1758 et
790 1723 976 1758 deserunt
1017 1720 1268 1770 paupertatis
1301 1721 1527 1769 evangelice

212 1780 317 1827 leges
350 1792 449 1827 quas
492 1779 668 1816 limitant
699 1780 804 1827 leges
847 1779 1007 1817 Christi.
1055 1780 1169 1817 Unde
1201 1779 1347 1827 prelati
1380 1780 1525 1816 debent

211 1838 258 1874 de
292 1836 368 1873 ista
401 1837 613 1874 coaccione
647 1837 874 1886 evangelica
908 1839 1173 1886 congaudere.

269 1896 382 1932 Unde
415 1895 685 1932 Crisostomus
709 1895 865 1932 Ornelia
898 1897 949 1931 X*
971 1895 1114 1944 Operis
1148 1895 1373 1944 Imperfecti
1408 1908 1528 1944 super

210 1952 277 1989 illo
310 1953 455 1989 Luceat
499 1953 570 1989 lux
601 1961 729 1990 vestra
763 1962 852 2003 etc,
898 1953 994 1990 dicit
1026 1955 1134 2003 quod
1166 1954 1230 2003 qui
1260 1954 1370 1990 docet
1401 1954 1526 2004 legem

155 2014 196 2046 3ο
211 2011 370 2047 Domini
390 2018 425 2047 et
447 2023 519 2047 non
541 2012 659 2060 facit,
697 2024 737 2048 se
767 2012 891 2061 ipsum
926 2012 1123 2062 dampnat,
1156 2012 1254 2048 alios
1285 2012 1528 2064 scandalizat

211 2076 246 2104 et
276 2067 404 2105 Deum
452 2069 704 2119 blasphemat.
751 2072 798 2106 Et
830 2069 988 2106 Omelia
1031 2071 1116 2106 XL⁸
1148 2069 1203 2106 sic
1247 2069 1402 2106 scribit:
1437 2070 1528 2106 bene

212 2127 382 2163 docendo
415 2134 449 2163 et
481 2127 581 2163 male
613 2128 773 2164 vivendo
796 2128 922 2164 Deum
957 2128 1070 2164 doces
1102 2128 1292 2177 quomodo
1325 2135 1360 2164 te
1393 2128 1527 2164 debeat

212 2185 508 2233 condempnare,
542 2185 629 2234 quia
662 2198 746 2221 cum
781 2198 822 2222 os
865 2194 900 2222 et
944 2198 1039 2235 opus
1081 2193 1170 2222 sunt
1202 2186 1253 2222 ita
1275 2186 1389 2234 falsa
1422 2193 1457 2222 et
1489 2186 1525 2222 in

211 2254 326 2291 opere
358 2243 555 2278 contraria
587 2243 659 2279 sibi
689 2244 793 2292 ipsis,
832 2244 1074 2293 pertinenter
1099 2251 1228 2294 potest
1260 2245 1367 2280 Deus
1399 2244 1527 2280 dicere

155 2302 194 2335 35
213 2299 315 2336 illud
341 2302 446 2337 Luce
468 2302 568 2347 XIX,
588 2311 659 2337 22:
700 2302 761 2337 De
794 2314 861 2338 ore
893 2309 956 2337 tuo
989 2309 1024 2337 te
1056 2302 1180 2338 iudico
1212 2314 1323 2338 serve
1352 2313 1525 2350 nequam.

211 2359 302 2394 Ideo
336 2361 396 2403 (ut
418 2358 605 2407 inquiunt
628 2359 764 2396 fideles
787 2359 921 2408 logici)
947 2360 1079 2396 nullus
1102 2359 1305 2408 redarguit
1336 2372 1376 2396 se
1393 2359 1525 2408 ipsum

280 2525 303 2553 5.
325 2527 353 2553 A
373 2526 403 2553 in
425 2534 539 2561 marg:
560 2525 760 2562 Augustinus.
863 2535 892 2562 9.
914 2526 952 2554 B:
974 2527 1071 2567 ipsum
1091 2527 1305 2555 ministerium.
1381 2526 1423 2555 13.
1443 2529 1472 2556 A
1493 2528 1523 2556 iu

210 2568 325 2596 marg:
349 2560 533 2597 Gregorius,
643 2569 684 2594 14.
707 2561 824 2588 Codd.:
858 2562 1080 2597 scantelzqanti.
1189 2562 1231 2590 18.
1252 2564 1297 2589 A:
1326 2565 1359 2590 ut
1377 2563 1523 2599 denegat.

210 2602 256 2622 20.
277 2597 321 2623 A:
353 2595 501 2623 mortibus
531 2595 665 2627 scilicet;
684 2596 724 2623 ib.
749 2597 777 2623 A
800 2596 829 2623 in
854 2604 968 2630 marg.:
994 2596 1178 2633 Gregorius.
1253 2605 1296 2624 22.
1312 2598 1341 2625 A
1362 2598 1522 2632 i11marg.:

209 2629 375 2658 Jolzannes.
448 2629 497 2671 23L
514 2638 560 2663 24.
582 2629 797 2667 A:facultanz
818 2631 1043 2666 temporalium.
1117 2631 1162 2659 28.
1182 2632 1211 2659 A
1231 2632 1261 2659 in
1283 2640 1397 2667 marg:
1422 2632 1524 2660 Criso-

209 2667 333 2692 stonzus.
407 2663 452 2692 30.
474 2665 592 2692 (Aodds
615 2665 815 2692 scandelizat.
900 2665 943 2693 33.
964 2667 1008 2693 A:
1031 2669 1061 2693 et
1080 2667 1184 2693 before
1205 2667 1235 2694 in
1261 2666 1356 2694 deest.

282 2747 311 2780 5.
338 2747 457 2779 Matth.
481 2748 523 2788 V,
554 2750 605 2781 13.
679 2759 709 2790 7.
725 2749 843 2780 Matth.
860 2749 915 2789 VI,
935 2751 988 2781 23.
1068 2750 1116 2782 13.
1142 2750 1180 2780 In
1200 2750 1292 2792 Opp.
1311 2751 1344 2782 S.
1366 2749 1522 2792 Gregorii

211 2793 266 2825 hic
291 2794 389 2825 locus
419 2805 489 2825 non
511 2794 668 2826 habetur.
704 2795 756 2827 Cf.
783 2796 966 2827 Moralium
981 2796 1037 2836 VI,
1064 2806 1142 2838 pag.
1170 2795 1246 2827 208.
1344 2796 1397 2827 28.
1424 2797 1524 2838 Opus

215 2841 300 2882 Imp.
326 2841 348 2871 l.
375 2851 403 2872 c.
430 2842 507 2884 793,
534 2840 611 2883 905.

1555 1611 1636 1646 Duty
1657 1613 1691 1639 ot·
1710 1613 1806 1640 rulers

1568 1651 1598 1673 to
1619 1647 1780 1674 withdraw

1568 1682 1792 1710 endowments.
