2003 3322
193 262 281 292 CAP.
303 251 399 307 xm]
711 264 849 297 PRIMA
878 264 1004 297 PARS.

73 374 155 410 ‘3601‘
194 375 290 410 ictus
322 381 471 423 segetes
511 380 545 408 et
583 373 768 409 arborum
800 372 926 423 flores
965 380 999 407 et
1034 372 1239 421 pampinos
1285 378 1465 406 exurunt.
1503 366 1506 421 1

194 433 321 481 Super
359 431 485 467 omnia
526 443 617 466 vero
658 431 765 481 regis
805 431 995 466 iniusticia
1040 443 1111 466 non
1149 430 1273 465 solum
1316 429 1510 477 presentis

194 490 348 539 imperii
368 489 517 537 faciem
542 489 693 536 fuscat,
726 489 796 525 sea⁷
818 488 935 524 eciam
950 488 1061 538 filios
1092 500 1183 523 suos
1206 494 1240 523 et
1261 493 1428 535 nepotes,
1465 499 1509 522 ne

189 555 279 596 post
326 559 366 583 se
417 547 532 597 regni
580 547 831 583 hereditatem
881 553 1043 589 teneant,
1094 546 1286 581 obscurat.
1342 544 1512 593 Propter

161 605 385 654 5piaculunz
420 604 515 639 enim
551 605 769 641 Salomonis
802 617 966 654 regnum
1002 604 1139 639 domus
1171 602 1298 638 Israel
1321 602 1512 638 Dominus

195 664 241 699 de
279 663 454 698 manibus
480 662 660 711 filiorum
701 663 780 699 eius
821 662 1003 710 dispersit
1047 669 1082 697 et
1116 668 1282 710 propter
1322 660 1509 695 iusticiam

194 721 327 756 David
359 720 466 770 regis
499 721 695 756 lucernam
721 721 767 756 de
788 720 931 756 semine
955 720 1033 755 eius
1055 731 1208 768 semper
1236 719 1271 753 in
1294 718 1510 753 Jerusalem

195 778 359 827 reliquit.
394 778 495 814 Ecce
522 786 703 826 quantum
728 778 876 814 iusticia
901 778 1008 828 regis
1039 777 1166 813 seculo
1194 777 1331 822 valeat,
1365 776 1510 811 intuen-

195 836 293 872 tihus
331 836 538 885 perspicue
576 843 694 884 patet.
750 836 838 871 Pax
877 836 1113 884 populorum
1155 842 1211 870 est
1243 841 1509 869 testamentum

140 894 331 942 xopatrie‚
371 894 591 929 immunitas
624 894 762 942 plebis,
802 894 1076 929 munimentzmz
1115 892 1254 942 gentis,
1295 904 1388 927 cura
1430 892 1510 926 Ian-

194 964 377 1002 guorum,
428 951 616 1001 gaudium
662 952 871 998 hominum,
915 951 1119 1000 temperies
1157 950 1273 996 aeris,
1324 949 1512 986 serenitas

196 1009 328 1056 maris,
374 1017 479 1045 terre
514 1009 754 1057 fecunditas,
809 1009 994 1045 solacium
1036 1020 1270 1058 pauperum,
1316 1008 1512 1043 hereditas

183 1068 378 1117 filiorum,
412 1075 447 1103 et
478 1067 626 1103 sibimet
658 1067 733 1116 ipsi
764 1080 851 1117 spes
871 1067 1015 1116 future
1038 1066 1295 1102 beatitudinis.
1332 1065 1511 1101 Attamen

193 1125 289 1161 sciat
321 1137 396 1161 rex
417 1125 519 1174 quod
549 1125 647 1161 sicut
669 1126 704 1161 in
728 1126 867 1161 throno
890 1125 1085 1161 hominum
1106 1124 1261 1173 primus
1284 1124 1513 1159 constitutus

142 1187 178 1219 15
195 1191 261 1229 est,
307 1183 361 1219 sic
393 1190 428 1218 et
465 1183 501 1218 in
529 1183 640 1232 penis
676 1183 710 1219 si
751 1183 939 1219 iusticiam
989 1195 1060 1219 non
1094 1182 1254 1231 jecerit,
1295 1181 1511 1231 primatum

195 1241 397 1277 habiturus
430 1248 495 1277 est.
537 1240 678 1277 Omnes
712 1253 874 1290 namque
906 1253 1148 1290 quoscunque
1176 1247 1404 1289 peccatores
1442 1240 1512 1275 sub

195 1312 238 1335 re
277 1299 312 1334 in
348 1298 524 1347 presenti
560 1299 703 1346 habuit,
748 1312 868 1349 supra
908 1312 948 1335 se
986 1300 1100 1335 modo
1135 1298 1332 1348 plagabili
1369 1297 1404 1333 in
1445 1297 1512 1332 illa

191 1369 292 1406 pena
314 1357 460 1404 futura
495 1357 656 1393 habebit.

254 1416 337 1450 Hec
381 1414 592 1463 Augustini
640 1414 843 1451 sentencia
888 1414 1090 1450 sufficeret
1139 1415 1188 1450 ad
1235 1413 1512 1462 cuiuscunque

140 1486 180 1507 20
196 1472 299 1520 regis
332 1472 479 1508 terreni
512 1472 690 1520 regimen
725 1482 844 1521 atque
877 1472 1001 1521 regni.

702 1608 841 1650 CAP.
871 1608 1013 1649 XIX.

256 1718 408 1754 Octava
453 1715 660 1753 beatitudo
701 1716 881 1765 sequitur
920 1716 960 1752 in
999 1717 1071 1753 hec
1110 1717 1251 1753 verba:
1299 1717 1415 1752 Beati
1451 1717 1516 1766 qui

192 1774 897 1824 persecucionempacienturpropter
918 1775 1123 1821 iusticiam,
1144 1775 1320 1823 quoniam
1338 1776 1510 1824 ipsorum

197 1841 231 1868 et
264 1845 428 1883 regnum
463 1834 646 1869 celorum.
682 1832 848 1869 Videtur
870 1833 1117 1881 Augustinus
1139 1842 1280 1869 notare
1305 1834 1511 1882 quomodo

141 1895 180 1926 25
197 1890 350 1938 primus
397 1892 545 1939 gradus
589 1889 848 1926 beatitudinis
895 1892 942 1927 de
988 1890 1215 1927 humilitate
1268 1900 1305 1927 et
1349 1900 1512 1928 octavus

197 1950 343 1996 gradus
377 1950 425 1985 de
458 1947 568 1985 finali
592 1949 875 1996 persecucione
901 1958 1105 1985 merentur
1128 1962 1293 1997 regnum
1320 1950 1512 1986 celorum.

198 2006 354 2042 Primus
393 2016 559 2055 propter
600 2018 760 2042 causam
804 2006 1024 2055 predictam
1068 2016 1105 2043 et
1149 2007 1314 2043 ultimus
1348 2016 1514 2055 propter

199 2064 357 2100 finalem
412 2064 771 2113 perseveranciam.
834 2064 945 2101 Sicut
997 2065 1102 2101 enim
1157 2065 1198 2101 in
1260 2064 1513 2102 successione

199 2121 353 2158 dierum
387 2132 552 2160 octavus
585 2122 668 2159 dies
703 2132 761 2159 est
794 2122 947 2170 primus
991 2123 1220 2171 replicatus,
1267 2123 1322 2159 sic
1363 2124 1513 2159 habens

142 2181 270 2216 3ohos
311 2189 461 2228 septem
502 2182 648 2228 gradus
689 2180 949 2216 beatitudinis
989 2190 1026 2217 et
1067 2181 1106 2216 in
1146 2181 1224 2217 illis
1263 2180 1514 2217 circulariter

199 2238 460 2275 confirmatus
494 2240 602 2287 quod
624 2239 709 2275 vult
741 2238 825 2274 sine
859 2238 936 2274 fine
969 2251 1096 2287 usque
1129 2240 1178 2275 ad
1213 2247 1384 2275 mortem
1409 2248 1513 2275 stare

199 2305 362 2344 propter
405 2296 622 2343 iusticiam,
677 2295 882 2344 signanter
924 2297 1044 2332 habet
1098 2309 1265 2344 regnum
1319 2297 1512 2341 celorum,

199 2354 380 2401 quamvis
413 2364 505 2391 ante
538 2354 669 2402 ipsum
704 2367 787 2390 non
819 2363 916 2390 tunc
949 2354 1065 2402 plene
1103 2355 1248 2391 habeat
1287 2354 1327 2390 in
1367 2355 1512 2390 fructu.

199 2413 267 2447 Est
313 2420 449 2448 tamen
495 2412 534 2448 in
579 2412 847 2460 disposicione
891 2412 1234 2460 propinquissima
1286 2421 1329 2448 ut
1381 2412 1513 2460 ipsum

143 2472 181 2505 35
200 2470 364 2516 habeat3
389 2470 479 2507 ideo
503 2469 605 2506 sicut
629 2470 797 2506 existens
820 2469 861 2505 in
884 2469 1014 2506 ianuis
1038 2469 1185 2506 dicitur
1208 2483 1291 2507 esse
1314 2469 1355 2505 in
1379 2472 1512 2517 domo,

200 2527 255 2563 sic
290 2527 460 2564 existens
493 2528 533 2564 in
566 2527 634 2563 illa
667 2528 777 2564 finali
813 2536 850 2563 et
873 2527 1022 2564 iniciali
1055 2528 1342 2576 persecucione
1367 2527 1514 2564 dieitur

269 2704 294 2739 3,
315 2716 344 2740 ‹1-
368 2707 404 2734 ss:
427 2711 459 2735 ut
473 2711 544 2743 post
563 2716 605 2734 se.
680 2715 714 2741 Η,
731 2714 768 2734 12.
791 2707 830 2734 13:
850 2708 1000 2734 severitas
1015 2708 1119 2734 maris.
1194 2715 1237 2742 ις).
1253 2708 1296 2734 A:
1312 2707 1513 2743 Augustinus.

200 2749 242 2768 22.
265 2743 292 2768 A
313 2742 342 2768 in
364 2750 479 2777 marg:
499 2742 699 2778 Augustinus.
773 2742 819 2769 26.
841 2743 885 2769 A:
906 2747 1051 2769 meretur.

273 2825 302 2856 5.
329 2826 381 2856 HI.
408 2827 492 2867 Reg.
518 2827 573 2865 XI,
603 2828 655 2858 31.
754 2836 807 2857 22.
834 2826 952 2857 March.
973 2827 1014 2864 V,
1048 2838 1097 2858 10.
1195 2837 1248 2867 24.
1274 2827 1325 2858 De
1352 2837 1514 2859 sermone

203 2872 341 2902 Domini
372 2873 403 2902 in
431 2879 561 2910 monte⁷
589 2873 608 2903 l.
636 2883 663 2903 c.
691 2883 723 2913 p.
756 2872 828 2903 108.

1748 254 1792 288 61

1609 1728 1721 1763 Eighth

1582 1763 1750 1790 beatitude:

1528 1797 1651 1826 Blessed
1669 1806 1719 1825 are
1733 1798 1803 1833 they

1597 1833 1660 1859 that
1681 1841 1731 1859 are

1540 1867 1718 1903 persecuted
1740 1867 1789 1894 for

1553 1902 1784 1937 righteousness

1627 1937 1709 1964 sake.
