2003 3322
173 836 210 856 10

175 1115 209 1146 15

170 1413 212 1434 20

173 1694 210 1725 25

172 1984 213 2015 30

168 2570 213 2600 40

225 192 314 219 CAP.
335 180 461 238 xvm]
700 193 911 225 SECUNDA
938 193 1063 224 PARS.

282 302 330 335 Et
363 308 559 348 quantum
593 300 643 335 ad
676 308 849 347 quatuor
888 298 1110 346 peticiones
1149 297 1246 334 alias
1286 307 1396 346 patet
1428 299 1536 345 quod

218 370 360 406 panem
394 357 625 393 cotidianum
661 358 847 392 deserunt
881 356 1040 402 cotidie,
1075 365 1283 404 tamquam
1317 355 1533 392 inhabilem

224 423 268 451 ut
295 414 346 451 sit
376 415 430 451 eis
461 415 636 451 medium
667 416 717 450 ad
741 414 914 462 patriam
949 414 1239 462 attingendam,
1276 422 1313 449 et
1344 426 1433 449 cum
1457 426 1538 449 non

225 472 432 509 dimittunt
483 472 680 509 extraneis
728 473 852 508 dehita
905 473 965 509 vel
1017 472 1098 508 suis
1151 471 1416 519 complicibus
1469 472 1537 507 sed

225 532 436 578 adaugent,
498 530 654 567 videtur
716 531 824 578 quod
886 539 977 566 sunt
1029 529 1225 566 inhabiles
1288 530 1338 565 ad
1396 528 1537 577 quinto

225 589 442 636 petendum
469 601 491 624 a
514 588 708 624 Domino:
742 588 904 624 Dimitte
927 588 1032 624 nobis
1056 588 1181 624 debita
1205 595 1353 630 nostra,
1384 587 1481 623 sicut
1502 595 1538 623 et

225 659 293 682 nos
345 647 571 682 dz'mittin'zzts
623 646 858 682 debitoribus
909 646 1063 682 nostris.
1117 647 1165 682 Et
1213 658 1303 682 cum
1350 645 1538 681 continue

226 705 481 741 accumulant
522 705 597 740 hoc
638 713 847 752 peccatum
886 703 1187 752 ingratitudinis
1227 716 1306 752 quo
1349 705 1538 739 deserunt

225 771 375 798 sectam
422 761 582 809 Christi,
635 761 791 798 videtur
836 764 944 810 quod
988 762 1087 798 false
1131 771 1247 798 orant
1295 761 1536 809 peticionem

225 829 394 856 sextam:
429 821 488 856 Ne
509 821 617 856 Deus
644 820 747 869 ipsos
778 820 933 856 inducat
965 820 1000 855 in
1033 820 1339 868 temptacionem‚
1374 832 1464 856 cum
1496 831 1540 855 ex

227 890 360 914 errore
400 877 491 914 fidei
524 878 563 914 in
595 878 701 914 facto
735 877 898 914 Domini
938 878 1181 914 necessitant
1219 887 1261 914 ut
1295 877 1335 913 in
1367 886 1539 925 tempta-

226 935 382 972 cionem
429 935 559 972 finalis
604 935 889 984 impenitencie
942 936 1198 974 inducantur.
1250 938 1298 972 Et
1350 935 1405 972 ita
1458 948 1539 971 non

225 1002 343 1030 orant
376 993 652 1038 effectualiter,
697 1003 740 1030 ut
772 993 994 1030 liberentur
1027 1007 1048 1030 a
1082 995 1188 1030 malo
1232 993 1400 1041 peccati,
1449 1006 1539 1029 cum

226 1051 497 1100 relinquentes
542 1052 769 1088 libertatem
817 1052 913 1100 legis
957 1051 1120 1088 Domini
1164 1051 1342 1088 servituti
1389 1051 1540 1087 diaboli

227 1121 267 1145 se
300 1110 542 1146 submittunt
576 1110 685 1159 (quia
718 1119 760 1146 ut
793 1110 975 1146 Christus
1010 1110 1106 1146 dicit
1140 1111 1246 1146 Luce
1279 1111 1342 1155 XI,
1379 1110 1445 1151 23,
1479 1110 1543 1157 qui

227 1180 299 1203 non
332 1176 387 1204 est
420 1180 566 1204 mecum
600 1176 735 1204 contra
769 1181 828 1204 me
860 1173 942 1213 est),
976 1168 1133 1205 videtur
1157 1169 1265 1216 quod
1299 1169 1397 1204 tales
1432 1169 1541 1204 dese-

227 1234 357 1262 rentes
390 1225 617 1262 libertatem
651 1226 748 1273 legis
782 1225 944 1262 Domini
977 1226 1158 1263 servituti
1192 1226 1341 1262 diaboli
1376 1238 1416 1262 se
1450 1227 1541 1262 sub-

228 1283 404 1321 mittunt.
459 1286 507 1320 Et
550 1296 641 1320 vere
685 1285 759 1320 hoc
802 1297 883 1319 non
933 1293 990 1320 est
1038 1283 1230 1329 medium,
1278 1293 1321 1319 ut
1366 1297 1387 1320 a
1435 1284 1541 1320 malo

227 1342 382 1389 peccati
405 1344 624 1378 secundum
650 1341 891 1389 peticionem
924 1341 1041 1378 istam
1066 1342 1279 1390 septimam
1305 1342 1539 1378 liberentur.

230 1399 383 1436 Fideles
436 1401 542 1436 enim
597 1399 762 1436 ecclesie
814 1409 1031 1448 antequam
1084 1400 1157 1436 iste
1210 1409 1315 1437 secte
1368 1409 1542 1448 quatuor

227 1457 384 1493 fuerant
417 1457 645 1494 introducte
678 1459 899 1494 secundum
939 1458 1180 1506 peticionem
1216 1458 1335 1494 aliam
1370 1467 1541 1506 septem-

227 1515 371 1562 plicem
403 1517 673 1552 salvabantur.
709 1516 807 1551 Cum
840 1515 960 1563 igitur
985 1516 1110 1552 fidelis
1135 1517 1252 1552 debet
1276 1528 1319 1552 ex
1350 1517 1541 1552 mandato

228 1573 388 1609 Domini
425 1575 624 1610 honorare
657 1586 802 1621 corpus
835 1582 971 1610 sancte
1005 1574 1144 1610 matris
1177 1573 1357 1620 ecclesie,
1399 1583 1435 1610 et
1468 1573 1541 1610 iste

227 1640 333 1667 secte
357 1641 530 1679 quatuor
552 1640 758 1680 tamquam
786 1641 960 1680 quatuor
984 1633 1173 1668 humores
1198 1631 1331 1668 infecti
1356 1631 1542 1668 inficiunt

228 1698 264 1724 et
304 1689 549 1726 mortificant
587 1690 715 1737 ipsam
756 1689 983 1733 ecclesiam)
1029 1703 1170 1726 omnes
1211 1690 1347 1726 fideles
1393 1692 1541 1726 debent

228 1746 299 1782 niti
323 1747 451 1795 ipsam
482 1749 531 1784 ab
561 1747 644 1784 istis
668 1748 903 1784 humoribus
927 1760 1159 1796 expurgare.
1192 1750 1292 1784 Nam
1319 1749 1539 1784 secundum

229 1804 346 1841 fidem
387 1805 570 1854 Apostoli
610 1807 846 1842 christianus
890 1806 982 1841 vivit
1020 1807 1056 1842 in
1086 1807 1172 1857 fide
1199 1807 1280 1854 filii
1316 1807 1403 1852 Dei,
1451 1806 1541 1841 ideo

228 1863 295 1911 qui
344 1863 382 1899 in
437 1863 513 1899 fide
558 1864 624 1899 illa
672 1863 805 1900 deficit
861 1864 918 1900 vel
966 1863 1094 1911 ipsam
1140 1864 1280 1910 inficit,
1335 1866 1382 1899 de
1426 1873 1541 1899 tanto

231 1920 493 1957 christianum
528 1921 654 1957 inficit
686 1923 744 1959 vel
781 1921 942 1958 occidit.

284 1981 338 2014 Ex
383 1992 462 2027 quo
507 1979 664 2016 videtur
709 1981 816 2028 quod
865 1979 936 2015 iste
981 1989 1086 2016 secte
1132 1989 1307 2028 quatuor
1351 1979 1540 2016 occidunt

229 2037 374 2073 multas
420 2046 552 2085 partes
597 2038 763 2074 ecclesie
810 2037 1031 2084 militantis,
1081 2037 1175 2085 quia
1214 2039 1370 2074 auferre
1416 2038 1539 2074 vitam

227 2096 276 2130 ab
315 2095 478 2132 homine
517 2105 574 2132 est
611 2095 742 2144 ipsum
781 2095 977 2132 occidere.
1024 2098 1099 2132 Sed
1142 2105 1240 2144 quot
1280 2096 1416 2132 fideles
1449 2105 1541 2132 sunt

227 2152 267 2188 in
308 2153 465 2203 Anglia,
506 2166 677 2201 quorum
720 2154 817 2190 fides
857 2154 917 2190 vel
948 2154 1028 2190 vita
1069 2154 1248 2190 aufertur
1290 2166 1360 2202 per
1399 2155 1540 2190 fratres

228 2212 275 2246 de
306 2211 542 2257 Eucaristia,
577 2224 666 2247 cum
701 2224 803 2248 unus
837 2211 934 2248 dicit
967 2213 1075 2260 quod
1107 2212 1156 2248 sit
1189 2212 1407 2260 quantitas,
1441 2212 1540 2248 alius

171 2272 205 2303 3
227 2271 333 2316 quod
368 2269 417 2306 sit
449 2269 633 2318 qualitas,
675 2279 711 2306 et
744 2269 892 2306 tercius
924 2271 1033 2318 quod
1072 2269 1120 2305 sit
1153 2270 1288 2306 nichil.
1334 2270 1540 2318 Numquid

227 2327 326 2363 tales
351 2327 515 2364 heretici
539 2340 608 2364 sua
631 2327 801 2375 perfidia
827 2327 1071 2364 mortificant
1096 2327 1361 2364 christianos?
1385 2329 1540 2365 Contra

227 2385 326 2420 tales
359 2397 453 2433 ergo
485 2399 557 2433 pro
591 2385 838 2433 purgacione
872 2385 1010 2422 matris
1044 2386 1208 2422 ecclesie
1232 2387 1378 2422 debent
1405 2386 1540 2422 fideles

228 2442 371 2490 singuli
416 2444 612 2479 laborare.
659 2444 707 2479 Et
753 2445 825 2480 hec
869 2443 977 2480 racio
1025 2456 1149 2492 quare
1194 2443 1329 2480 fideles
1375 2445 1539 2492 quidam

228 2509 396 2548 tangunt
442 2500 620 2537 crebrius
667 2502 772 2537 hunc
817 2514 1007 2547 errorem,
1061 2501 1187 2537 immo
1240 2501 1541 2538 considerantes

229 2558 347 2594 fidem
396 2558 563 2595 Matthei
602 2560 648 2603 V,
690 2559 755 2594 13:
810 2560 852 2595 Si
894 2560 955 2595 sal
997 2560 1210 2605 evanuerit,
1263 2561 1314 2595 ad
1358 2560 1541 2596 nichilum

228 2616 330 2652 valet
374 2617 477 2652 ultra
523 2616 597 2652 nisi
647 2623 687 2652 ut
738 2617 915 2653 mittatur
949 2618 1072 2665 foras
1116 2625 1151 2653 et
1203 2619 1449 2654 conculcetur
1496 2619 1542 2652 ab

298 2773 321 2805 5,
343 2774 370 2801 6.
391 2773 435 2800 ad
454 2774 559 2808 quinto
575 2774 742 2809 petendum
776 2774 833 2803 See
853 2775 871 2801 l.
895 2782 935 2809 10,
958 2782 998 2809 ις)4
1097 2773 1139 2801 32.
1161 2775 1190 2801 A
1210 2775 1240 2801 in
1261 2782 1376 2810 marg:
1400 2773 1482 2809 Quid
1500 2776 1546 2801 est

229 2808 372 2836 occidere
443 2806 489 2841 34.
512 2810 555 2835 A:
578 2808 658 2836 unde
678 2816 764 2836 unus.

1747 180 1823 228 309

1578 1987 1679 2014 These
1701 1987 1809 2014 orders

1574 2024 1638 2058 slay
1660 2023 1698 2058 by
1719 2023 1824 2058 taking

1591 2066 1677 2093 away
1699 2058 1797 2084 men’s

1583 2093 1726 2127 spiritual
1747 2093 1807 2120 life.

1572 2334 1649 2361 This
1671 2335 1816 2370 specially

1627 2370 1664 2405 by
1683 2370 1762 2397 their

1596 2405 1740 2440 tcaching
1759 2412 1792 2431 as

1644 2445 1674 2467 to
1696 2441 1745 2466 the

1608 2474 1782 2502 Eucharist.
