2003 3322
218 224 299 256 410

218 875 278 903 We
299 875 410 903 should
433 880 486 903 not

246 911 366 947 quarrel
388 911 461 937 with

228 947 279 974 the
299 946 418 979 orders,
440 946 492 974 but

229 990 304 1018 pray
324 983 372 1009 for
392 981 485 1008 them.

254 2103 334 2130 ‘The
354 2103 462 2130 orders

234 2137 309 2164 need
331 2146 370 2164 no
394 2137 507 2165 license

245 2173 325 2200 from
347 2174 396 2200 the
417 2179 497 2207 pope

268 2212 299 2235 to
320 2212 424 2235 return
444 2209 475 2232 to

304 2241 434 2270 Christ's

296 2277 445 2304 freedom.

923 216 1043 248 opus
1069 214 1406 247 EVANGELICUM
1594 202 1703 257 [CAP.
1725 212 1818 240 va.

502 324 736 374 prophetam
771 323 978 358 dicentem:
1014 323 1068 358 Et
1098 322 1133 358 si
1169 322 1443 370 dereliquerint
1463 321 1546 371 filii
1583 321 1662 358 eius
1694 322 1819 372 legem

507 394 645 429 meam,
678 381 837 418 visitabo
869 381 905 416 in
938 380 1052 430 virga
1085 380 1295 416 iniusticias
1325 392 1471 415 eorum.
1504 379 1820 416 Misericordiam

508 452 600 476 vero
638 451 761 477 meam
808 450 881 474 non
921 438 1147 488 dispergam
1187 438 1233 474 ab
1267 438 1319 473 eis
1357 445 1424 474 etc.
1467 437 1655 481 Quoniam
1696 445 1821 473 autem

508 510 581 534 non
615 498 741 533 omnia
768 497 985 546 petentibus
1012 503 1166 544 prestat
1203 496 1272 532 sed
1302 496 1399 531 bona
1433 502 1594 541 tantum,
1633 496 1717 531 ideo
1750 508 1822 531 non

510 555 609 591 dixit
646 562 786 604 quanto
826 554 954 604 magis
980 561 1098 603 pater
1136 561 1262 590 vester
1294 554 1398 589 dabit
1425 553 1642 602 petentibus
1674 565 1725 597 se,
1756 554 1825 589 sed
1841 553 1857 585 5

508 613 680 649 addidit:
710 613 820 648 Bona
848 613 1064 661 petentibus
1095 624 1145 648 se.
1181 613 1264 648 Hec
1297 611 1580 648 Crisostomus.

1007 771 1148 812 CAP.
1182 771 1332 811 XLV.

570 871 624 905 Ex
668 869 743 905 isto
797 868 975 915 capitulo
1023 866 1140 903 huius
1193 867 1321 903 sancti
1370 866 1507 902 fideles
1552 866 1717 914 quidam
1764 866 1827 914 pie

513 927 678 963 eliciunt
724 928 832 975 quod
876 925 1084 962 christiani
1129 926 1176 961 de
1221 925 1376 961 sincera
1415 933 1521 961 secta
1562 924 1709 960 Christi
1748 937 1827 960 non

513 987 659 1021 debent
692 993 831 1021 contra
864 985 934 1020 has
967 992 1096 1019 sectas
1126 991 1299 1031 quatuor
1331 982 1487 1030 refugas
1518 981 1674 1018 noviter
1705 982 1828 1018 intro·
1849 1003 1887 1024 10

514 1045 653 1079 ductas
688 1041 944 1079 contenciose
977 1042 1208 1090 procedere,
1248 1042 1317 1077 sed
1351 1052 1394 1076 ex
1427 1040 1517 1086 fide,
1557 1052 1626 1088 spe
1659 1048 1696 1076 et
1729 1040 1829 1076 cari-

513 1110 594 1138 tate
627 1100 758 1149 primo
794 1102 921 1137 Deum
955 1112 1027 1148 pro
1060 1098 1156 1147 ipsis
1190 1109 1323 1147 petere
1357 1107 1393 1135 et
1427 1110 1556 1143 orare,
1589 1106 1632 1134 ut
1665 1110 1829 1135 conver-

513 1168 649 1196 tantur
694 1160 742 1195 ad
787 1158 985 1194 sinceram
1033 1157 1151 1193 fidem
1194 1156 1358 1193 ecclesie
1398 1164 1435 1192 et
1474 1164 1622 1192 sectam
1661 1155 1828 1192 liberam

513 1219 604 1254 Jesu
637 1216 799 1254 Christi.
842 1217 1026 1253 Secundo
1061 1216 1207 1252 debent
1239 1226 1400 1263 sperare
1439 1213 1479 1249 in
1512 1213 1688 1250 Domino
1722 1216 1829 1262 quod

515 1274 643 1311 doctis
688 1275 765 1311 illis
810 1275 857 1310 de
902 1283 1009 1311 secta
1052 1273 1158 1309 facili
1207 1282 1243 1309 et
1289 1271 1496 1308 meritoria
1542 1271 1694 1308 domini
1738 1274 1886 1316 Jesu15

517 1333 663 1370 Christi
697 1332 876 1369 converti
910 1340 1071 1380 possent
1099 1330 1215 1367 multi
1246 1343 1383 1367 eorum
1408 1331 1628 1366 secundum
1652 1330 1829 1377 graciam

516 1391 677 1428 Domini
711 1392 760 1427 ad
794 1391 975 1427 eandem.
1011 1392 1058 1425 Et
1092 1389 1215 1425 tercio
1248 1388 1408 1437 pulsare
1432 1389 1577 1424 debent
1608 1389 1830 1424 secundum

517 1448 742 1486 evidencias
777 1448 868 1484 fidei
901 1448 1113 1496 scripture,
1153 1456 1196 1483 ut
1236 1445 1494 1483 consenciant
1526 1455 1632 1482 secte
1666 1445 1828 1482 Christi.

516 1510 605 1556 Ipsa
638 1507 742 1543 enim
785 1507 905 1543 habet
942 1515 1158 1554 patronum
1199 1505 1401 1541 infinitum
1443 1504 1530 1552 plus
1564 1504 1673 1552 pium
1707 1517 1829 1552 quam

518 1575 575 1602 est
619 1564 763 1614 aliquis
813 1565 925 1601 fictus
970 1572 1163 1612 patronus
1215 1562 1383 1599 alicuius
1430 1561 1520 1598 talis
1566 1571 1684 1606 secte,
1738 1561 1829 1610 quia
1848 1582 1890 1603 20

518 1633 712 1672 patronus
735 1631 871 1659 noster
894 1631 951 1658 est
981 1634 1024 1658 ex
1047 1621 1125 1657 fide
1150 1623 1254 1657 Deus
1284 1629 1321 1656 et
1353 1621 1495 1667 homo3
1528 1619 1597 1668 qui
1629 1619 1831 1656 infinitum

517 1690 679 1730 superat
712 1680 891 1729 singulos
924 1679 1173 1716 christianos.
1216 1678 1365 1727 Regula
1404 1686 1538 1714 autem
1580 1677 1697 1714 huius
1727 1686 1832 1714 secte

519 1741 568 1776 ad
608 1741 680 1776 sub
720 1738 796 1775 isto
830 1747 1001 1786 patrono
1035 1737 1171 1783 libere,
1212 1736 1385 1774 suaviter
1424 1744 1460 1772 et
1495 1735 1697 1772 meritorie
1732 1734 1833 1771 mili-

518 1799 686 1834 tandum
733 1805 790 1833 est
834 1796 932 1832 fides
984 1795 1181 1843 scripture
1233 1794 1387 1831 domini
1438 1795 1529 1830 Jesu
1581 1793 1742 1838 Christi,
1797 1801 1834 1829 et

521 1855 665 1891 milites
699 1854 876 1891 eiusdem
910 1862 1015 1890 secte
1044 1862 1136 1889 sunt
1165 1852 1339 1900 apostoli
1363 1864 1462 1901 quos
1491 1860 1649 1900 oportet
1672 1852 1889 1893 credere25

520 1916 568 1950 de
608 1912 775 1950 ecclesia
815 1912 1104 1960 triumphante,
1146 1920 1183 1947 et
1222 1910 1262 1946 in
1301 1910 1377 1947 hiis
1416 1909 1541 1946 tribus
1581 1922 1721 1946 omnes
1761 1910 1833 1945 hee

520 1980 625 2008 secte
665 1980 838 2019 quatuor
878 1969 1033 2006 infinite
1067 1966 1071 2020 1
1101 1970 1405 2017 quodammodo
1437 1976 1690 2016 superantur.
1736 1967 1833 2012 Quis
1883 1973 1963 2019 398¹*

522 2042 615 2078 ergo
656 2029 819 2065 haberet
859 2027 1154 2064 conscienciam
1194 2039 1334 2063 omnes
1379 2026 1475 2063 istas
1514 2024 1674 2062 frivolas
1707 2033 1834 2061 sectas

522 2087 748 2136 relinquere
772 2096 808 2123 et
831 2095 980 2123 sectam
1005 2085 1172 2122 liberam
1196 2086 1285 2121 Jesu
1304 2084 1451 2122 Christi
1469 2092 1552 2120 tam
1577 2083 1833 2120 excellentem

523 2145 730 2193 accipere?
776 2147 926 2181 Revera
959 2143 1131 2180 infidelis
1163 2142 1320 2190 signum
1354 2143 1455 2179 foret
1486 2141 1697 2178 licenciam
1731 2152 1834 2189 pape
1853 2150 1894 2183 30

523 2205 582 2241 vel
616 2202 889 2250 cuiuscunque
922 2201 1085 2238 alterius
1118 2213 1190 2249 pro
1224 2200 1300 2236 isto
1334 2200 1528 2248 accipere,
1562 2199 1654 2247 quia
1688 2199 1728 2234 in
1761 2199 1836 2234 hoc

521 2261 722 2298 videretur
755 2262 876 2297 homo
910 2268 1042 2308 petere
1076 2258 1286 2295 licenciam
1322 2259 1369 2294 de
1401 2258 1469 2294 illo
1504 2258 1553 2293 ab
1577 2256 1835 2301 Antichristo,

524 2320 631 2368 quod
663 2318 902 2367 generaliter
935 2317 1170 2354 conceditur
1203 2316 1407 2364 discipulis
1435 2317 1526 2351 Jesu
1556 2314 1715 2352 Christi.
1749 2316 1839 2350 Non

524 2387 659 2414 tamen
704 2376 780 2424 legi
819 2377 927 2424 quod
968 2375 1149 2412 Christus
1196 2374 1334 2422 petivit
1373 2373 1584 2410 licenciam
1631 2386 1653 2409 a
1697 2371 1837 2420 templi

524 2435 715 2484 pontifice
737 2435 797 2471 vel
823 2434 950 2470 Pilato
975 2435 1025 2470 ad
1048 2433 1276 2470 faciendum
1302 2431 1518 2480 quicquam
1545 2431 1652 2479 quod
1676 2431 1837 2474 fecerat,
1855 2437 1895 2471 35

525 2502 562 2530 et
594 2492 649 2530 sic
683 2494 729 2528 de
763 2491 941 2541 quolibet
975 2491 1203 2528 christicola
1236 2503 1317 2526 non
1351 2498 1520 2526 errante.

595 2657 623 2685 8.
645 2658 673 2684 A
695 2657 723 2683 iu
746 2663 859 2690 marg:
881 2655 1048 2682 Jolzannes.
1074 2662 1107 2685 1‚·
1136 2654 1177 2680 ib.
1199 2654 1220 2680 Β
1246 2653 1276 2680 in
1305 2660 1418 2687 marg:
1440 2658 1494 2685 42.
1574 2658 1611 2678 12.
1634 2651 1678 2678 A:
1697 2650 1841 2685 primum.

527 2701 569 2726 ¹4·
590 2693 619 2719 A
639 2692 668 2718 in
692 2698 806 2725 marg:
827 2696 854 2717 2.
931 2690 971 2723 ιώ,
995 2697 1035 2723 17.
1057 2690 1100 2715 A:
1123 2688 1212 2715 multi
1229 2704 1254 2706 —
1281 2687 1390 2714 debent
1411 2687 1504 2713 deest.
1592 2693 1638 2712 20.
1660 2687 1703 2712 A:
1726 2685 1842 2719 aliquis

526 2728 627 2760 deest,
649 2726 670 2753 Β
691 2726 721 2752 in
744 2733 839 2760 marg.
862 2724 956 2751 addit.
1031 2731 1073 2750 22.
1096 2723 1134 2750 B:
1158 2731 1262 2750 omnes
1282 2722 1480 2749 christianos.
1559 2719 1602 2748 23.
1624 2720 1662 2747 B:
1684 2720 1726 2747 ad
1745 2719 1840 2746 deest.

529 2763 567 2789 31.
590 2762 633 2788 A:
655 2761 710 2796 qui
727 2761 769 2788 in.
844 2758 891 2792 34..
914 2759 953 2786 B:
974 2759 1057 2794 lego.

603 2844 626 2864 1.
656 2834 709 2864 Ps.
739 2832 948 2872 LXXXVIII,
978 2831 1122 2864 ’ὀὶ-33.
