2003 3322
198 218 275 255 106

865 224 983 256 opus
1008 224 1344 257 EVANGELICUM
1567 214 1675 269 [CAP.
1696 222 1791 253 xxx.

483 333 603 368 illam.
648 331 706 367 An
750 331 896 379 aliquid
939 330 1058 367 eciam
1103 331 1254 367 modius
1296 332 1504 382 significat,
1550 340 1589 368 ut
1632 333 1703 369 hoc
1745 334 1794 370 sit

477 402 624 440 ponere
661 390 858 425 lucernam
902 389 970 425 sub
1008 389 1149 433 modio,
1192 390 1395 438 superiora
1433 390 1575 438 facere
1618 392 1794 441 corporis

481 448 697 494 commoda,
739 459 851 496 quam
879 446 1190 496 predicacionem
1223 447 1408 494 veritatis,
1455 455 1495 484 ut
1526 448 1610 485 ideo
1642 449 1795 498 quisque

482 506 682 542 veritatem
705 518 777 541 non
795 505 986 555 predicet,
1022 505 1110 540 dum
1138 504 1245 542 timet
1276 505 1312 541 in
1345 506 1470 553 rebus,
1504 519 1550 543 ne
1580 507 1726 555 aliquid
1757 508 1793 544 in

481 564 759 614 temporalibus
790 571 825 600 et
856 563 1127 612 corporalibus
1158 564 1329 600 molestie
1355 564 1586 613 paciaturP·
1613 565 1667 601 Et
1703 565 1828 607 bene5

482 622 632 659 modius
664 622 817 668 dicitur,
849 621 929 657 sive
953 628 1121 671 propter
1152 621 1445 658 retribucionem
1479 634 1668 667 mensure,
1708 623 1793 672 quia

481 693 524 716 ea
563 679 719 729 quisque
756 679 904 729 recipit,
949 692 1019 728 que
1053 679 1176 730 gessit
1213 679 1249 715 in
1294 691 1472 729 corpore,
1516 687 1556 716 ut
1599 681 1659 717 hic
1702 681 1794 726 illic,

483 737 613 787 inquit
657 737 887 786 Apostolus,
932 737 1094 789 recipiat
1138 738 1394 786 unusquisque
1439 746 1561 788 prout
1597 739 1720 790 gessit
1758 739 1794 776 in

483 808 659 846 corpore,
703 803 739 832 et
769 803 964 845 tamquam
1006 796 1052 832 de
1089 796 1160 831 hoc
1199 796 1326 832 modio
1370 797 1549 846 corporis
1591 797 1667 833 alio
1711 797 1795 834 loco

483 854 644 891 dicitur:
687 854 729 890 In
774 866 846 903 qua
879 866 1058 891 mensura
1103 854 1225 890 mensi
1244 853 1420 902 fueritis,
1471 855 1508 890 in
1540 867 1583 891 ea
1616 855 1794 892 remecie-
1814 867 1852 888 10

481 920 546 948 tur
589 912 714 949 vobis:
754 912 835 949 sive
877 912 1054 961 quoniam
1099 912 1330 961 temporalia
1383 912 1480 948 bona
1524 925 1594 962 que
1631 925 1796 963 corpore

475 977 724 1021 peragantur
775 977 881 1006 certa
934 970 1083 1006 dierum
1125 971 1128 1015 Ι
1163 982 1343 1006 mensura
1395 977 1430 1007 et
1480 970 1710 1007 inchoantur
1761 979 1796 1008 et
1835 972 1917 1006 365ε

480 1033 693 1076 transeunt,
737 1040 849 1077 quam
880 1029 1061 1077 fortasse
1096 1028 1293 1079 significat
1333 1028 1496 1076 modius⁷
1540 1036 1670 1066 eterna
1704 1041 1795 1066 vero

480 1094 515 1123 et
551 1086 770 1137 spiritualia
810 1087 915 1123 nullo
953 1087 1024 1123 tali
1045 1087 1130 1137 fine
1161 1087 1425 1125 cohercentur.
1478 1086 1566 1123 Non
1603 1087 1700 1123 enim
1744 1088 1797 1123 ad

481 1157 701 1181 mensuram
735 1145 802 1180 dat
833 1145 941 1181 Deus
974 1145 1162 1194 Spiritum
1196 1145 1392 1181 Sanctum.
1428 1145 1506 1181 Sub
1538 1145 1665 1182 modio
1698 1157 1795 1196 ergo
1815 1147 1851 1180 15

481 1204 677 1240 lucernam
706 1203 829 1252 ponit,
874 1203 1044 1252 quisquis
1083 1204 1205 1239 lucem
1244 1203 1339 1239 bone
1377 1203 1551 1239 doctrine
1583 1204 1796 1240 commodis

479 1261 757 1311 temporalibus
789 1261 885 1312 legit
907 1268 942 1298 et
965 1261 1164 1298 obscurat:
1197 1261 1322 1310 Super
1354 1261 1629 1297 candelabrum
1652 1269 1793 1305 autem,

478 1320 543 1369 qui
584 1331 726 1369 corpus
769 1331 879 1356 suum
925 1319 1138 1356 ministerio
1182 1319 1257 1355 Dei
1298 1319 1447 1366 subicit,
1490 1327 1531 1355 ut
1568 1320 1793 1369 predicacio

479 1377 652 1414 veritatis
689 1377 738 1414 sit
782 1378 963 1427 superior
999 1385 1033 1413 et
1071 1377 1237 1414 servitus
1275 1377 1453 1426 corporis
1496 1377 1682 1426 inferior;
1719 1390 1794 1427 per

478 1436 600 1486 ipsam
633 1443 759 1472 tamen
793 1435 971 1485 corporis
995 1435 1218 1472 servitutem
1242 1434 1435 1471 excelsior
1457 1435 1581 1471 luceat
1603 1433 1791 1480 doctrina,
1810 1447 1852 1468 20

479 1506 549 1543 que
574 1506 649 1544 per
681 1493 812 1544 officia
844 1494 1080 1543 corporalia,
1119 1494 1158 1529 id
1189 1501 1256 1540 est,
1284 1505 1359 1543 per
1391 1504 1519 1529 uocem
1553 1501 1588 1530 et
1620 1494 1792 1544 linguam

480 1561 515 1589 et
558 1560 705 1589 ceteros
749 1552 927 1602 corporis
965 1559 1091 1589 motus
1130 1552 1165 1587 in
1204 1552 1311 1588 bonis
1355 1552 1533 1601 operibus
1577 1551 1794 1589 insinuatur

481 1611 709 1647 dicentibus:
740 1611 866 1660 Super
887 1611 1174 1647 candelabrum.
1208 1609 1323 1661 Ergo
1344 1610 1451 1659 ponit
1473 1610 1683 1658 lucernam,
1707 1623 1791 1649 cum

481 1669 572 1705 dicit
602 1669 831 1718 Apostolus:
875 1669 962 1704 Non
994 1668 1049 1705 sic
1082 1681 1218 1719 pugno
1251 1675 1446 1717 tamquam
1479 1680 1607 1704 aerem
1641 1669 1790 1713 cedens,

478 1728 547 1764 sed
583 1727 732 1777 castigo
770 1738 911 1776 corpus
948 1739 1073 1763 meum
1112 1734 1147 1763 et
1189 1726 1369 1763 servituti
1402 1726 1557 1770 subicio,
1600 1739 1645 1763 ne
1678 1727 1794 1775 forte
1808 1728 1847 1761 25

478 1786 565 1822 aliis
591 1785 801 1835 predicans
833 1785 913 1834 ipse
945 1785 1135 1834 reprobus
1165 1784 1331 1834 efficiar.
1380 1784 1495 1828 Quod
1526 1797 1617 1821 vero
1649 1785 1715 1829 ait,
1753 1792 1793 1821 ut

480 1845 605 1880 luceat
637 1843 809 1879 omnibus
841 1843 905 1892 qui
935 1843 975 1878 in‘
1005 1843 1117 1879 domo
1155 1849 1263 1879 sunt:
1305 1843 1475 1879 Domum
1510 1849 1605 1892 puto
1650 1843 1790 1879 dictam

478 1902 675 1939 hominum
707 1901 997 1948 lzabitacionem,
1042 1901 1082 1937 id
1113 1908 1181 1947 est,
1224 1901 1348 1950 ipsum
1388 1901 1583 1948 mundum,
1627 1908 1793 1951 propter

478 1960 518 1996 id
548 1960 650 2009 quod
679 1959 857 2009 superius
894 1959 968 1995 ait:
1006 1959 1080 1996 Vos
1101 1959 1189 1996 estis
1212 1959 1282 1995 lux
1303 1959 1455 1995 mundi:
1485 1966 1552 1995 aut
1572 1959 1606 1995 si
1637 1959 1791 1995 domum

478 2019 634 2067 quisque
671 2018 752 2053 vult
790 2018 965 2068 accipere
1002 2017 1214 2064 ecclesiam,
1262 2029 1328 2053 nec
1367 2018 1438 2053 hoc
1469 2017 1678 2054 absurdum
1724 2024 1789 2053 est.
1808 2020 1850 2052 30

479 2079 562 2113 Hec
593 2075 852 2124 Augustinus.

534 2134 703 2171 Videtur
735 2134 856 2170 istum
889 2142 1071 2171 sanctum
1108 2133 1317 2170 intendere
1356 2135 1464 2182 quod
1503 2133 1646 2182 prelati
1687 2132 1802 2170 mili—i

478 2192 599 2229 tantis
620 2191 786 2229 ecclesie
808 2194 953 2229 debent
972 2204 1056 2229 esse
1076 2192 1253 2239 lucerna,
1276 2191 1378 2228 sicut
1397 2192 1461 2228 lux
1482 2200 1594 2229 erant
1611 2191 1792 2229 Christus

479 2260 516 2288 et
547 2250 606 2287 sui
639 2250 824 2299 apostoli,
857 2263 957 2300 quos
986 2251 1132 2287 debent
1164 2250 1204 2286 in
1237 2249 1415 2287 moribus
1448 2249 1617 2297 imitari3
1652 2258 1689 2286 et
1721 2262 1792 2298 per

479 2321 728 2358 consequens
766 2321 847 2345 non
886 2317 944 2345 est
984 2310 1031 2346 de
1069 2308 1333 2346 ordinacione
1367 2308 1514 2344 Christi
1554 2309 1663 2357 quod
1701 2307 1789 2344 illu-
1807 2308 1846 2341 35

479 2367 603 2404 minet
636 2367 863 2415 evangeliea
895 2368 967 2403 hec
1000 2366 1225 2416 spiritualia
1247 2366 1515 2404 instrumenta
1548 2375 1585 2403 et
1617 2366 1790 2404 involvat

479 2438 522 2462 ea
556 2426 628 2461 sub
653 2424 801 2471 modio,
836 2426 911 2461 hoc
935 2434 1005 2473 est,
1037 2425 1217 2461 includat
1240 2424 1481 2473 operacione
1504 2423 1788 2472 temporalium

478 2484 709 2520 huiusmodi
742 2484 983 2531 sacerdotes,
1017 2485 1086 2520 sed
1109 2485 1217 2532 quod
1239 2483 1318 2520 sint
1340 2482 1455 2519 liberi
1479 2484 1528 2519 ab
1551 2484 1626 2519 hoc
1650 2481 1790 2519 mundi

548 2673 587 2692 lo.
608 2666 653 2692 A:
675 2665 754 2692 enim
767 2672 921 2692 mensura.
996 2664 1032 2692 15.
1053 2665 1097 2692 A:
1119 2663 1264 2691 Sanctum
1279 2664 1373 2691 deest.
1447 2670 1491 2690 20.
1513 2664 1556 2691 A:
1572 2663 1785 2691 excellenctor.

478 2698 520 2727 23.
542 2701 585 2727 A:
607 2699 793 2727 ducentibus.
866 2699 905 2727 31.
927 2700 955 2727 A
976 2700 1004 2727 in
1027 2708 1140 2735 marg:
1161 2699 1328 2727 lohannes.
1404 2697 1446 2726 33.
1469 2698 1587 2726 Codd.:
1609 2706 1673 2726 esse
1693 2698 1787 2725 deest.

547 2807 578 2838 ς).
606 2796 642 2826 ΙΙ.
671 2795 750 2826 Cor.
777 2796 818 2835 V,
850 2806 901 2826 10.
1014 2805 1063 2826 10.
1090 2795 1209 2826 Matth.
1234 2795 1305 2834 VH,
1334 2805 1363 2826 2.
1475 2793 1523 2826 15.
1549 2793 1625 2826 Joh.
1653 2794 1706 2834 ΙΙΙ,
1735 2795 1788 2834 34.

479 2851 531 2883 24.
559 2842 582 2873 1.
609 2842 689 2873 Cor.
717 2842 769 2882 IX,
797 2841 850 2873 26.
947 2840 1000 2873 26.
1026 2840 1144 2873 Matth.
1172 2841 1212 2882 V,
1242 2840 1290 2875 15.
