2003 3322
213 199 302 227 CAP.
324 188 417 245 Lvr]
695 202 907 233 SECUNDA
937 202 1061 233 PARS.

212 309 390 353 evadere,
423 308 494 344 lzoc
527 314 592 350 est,
627 307 757 343 venire
787 308 839 343 aa'
864 320 1002 356 pacem
1036 309 1291 344 certissimam
1326 317 1360 344 et
1393 309 1526 345 immo-

214 366 325 402 bilem
370 365 691 413 stabilitatemque
747 365 980 402 immortalis
1025 364 1227 415 sapiencie.
1282 367 1529 403 Vehementer

211 424 309 460 enim
346 423 588 460 metuendum
623 430 679 459 est
710 435 755 458 ne
785 423 912 459 studio
944 424 1162 460 altercandi
1204 431 1238 459 et
1276 425 1531 460 contendendi

211 481 292 530 quis
325 492 396 516 non
430 480 556 517 videat
587 481 689 529 quod
720 493 741 516 a
785 481 923 530 paucis
956 481 1083 518 videri
1120 489 1260 530 potest,
1313 489 1352 518 ut
1378 494 1530 531 parvus

178 539 259 575 5sit
288 538 473 588 strepitus
488 538 849 585 contradicendum,
882 539 956 575 nisi
967 540 1085 576 eciam
1116 540 1195 588 ipse
1226 540 1424 589 obstrepat
1444 540 1526 576 sibi.

87 596 172 640 402²¹
215 597 300 640 Quo
318 596 486 646 pertinet
501 596 620 632 eciam
644 596 743 632 illud
762 597 959 646 Apostoli:
986 595 991 646 Ι
1021 598 1184 633 Servum
1214 605 1340 634 autem
1370 598 1532 634 Domini

209 667 282 691 non
320 661 473 703 oportet
504 653 663 704 litigare
693 655 762 691 sed
793 654 920 690 mitem
953 668 1035 691 esse
1065 655 1117 690 aa'
1138 667 1280 702 omnm,
1315 655 1527 701 docibilem,

206 712 432 762 pacientem,
466 723 551 748 cum
575 712 760 748 modestia
784 712 1055 761 corripientem
1080 713 1234 749 diversa
1265 713 1472 750 sencientes
1494 721 1529 749 et

210 770 365 806 veritati
407 769 637 817 resistentes,
681 782 727 806 ne
769 770 884 818 forte
917 771 979 806 det
1023 771 1100 806 illis
1139 771 1244 807 Deus
1271 771 1526 820 penitenciam

155 828 261 864 10ad
291 827 599 878 cognoscendam
633 828 852 864 veritatem:
888 828 1004 864 Beati
1033 841 1130 879 ergo
1158 828 1324 879 pacifici,
1348 829 1526 878 quoniam

204 886 279 934 filii
308 885 386 922 Dei
416 885 665 923 vocabuntur.
698 887 783 922 Hec
814 885 1072 933 Augustinus.

267 945 321 979 Ex
353 942 438 979 istis
468 942 599 979 verbis
617 942 748 992 ¹huius
781 943 938 980 subtilis
962 944 1089 980 sancti
1121 953 1212 980 sunt
1258 945 1382 981 multa
1414 944 1528 981 utilia

208 1000 482 1038 sacerdotibus
527 1002 772 1047 annotanda,
819 1001 950 1049 primo
995 1003 1104 1050 quod
1142 1011 1285 1039 vocata
1330 1001 1525 1039 miracula

208 1058 353 1107 quibus
386 1071 523 1095 sensus
555 1058 765 1095 hominurn
796 1061 1085 1107 obstupescunt
1117 1072 1199 1096 non
1232 1061 1373 1096 darent
1406 1059 1525 1097 fidem

155 1111 191 1143 ¹5
209 1116 393 1153 fidelibus
426 1117 476 1153 ad
509 1115 816 1154 discredendum
847 1117 977 1153 verbis
1016 1117 1266 1165 evangelicis,
1318 1127 1362 1154 ut
1393 1119 1527 1166 Augu-

208 1174 336 1211 stinus
369 1176 485 1211 docet
518 1186 561 1210 ex
600 1174 730 1211 verbis
763 1184 843 1211 tam
878 1174 975 1223 legis
1008 1186 1109 1212 nove
1142 1189 1261 1224 quam
1296 1175 1450 1222 veteris,
1485 1185 1527 1212 ut

208 1241 318 1281 patet
350 1232 518 1269 Matthei
551 1233 673 1269 XXIV
717 1241 753 1269 et
787 1233 911 1269 Exodi
944 1234 1027 1269 VIII
1087 1233 1209 1282 Signa
1254 1242 1388 1270 autem
1430 1233 1526 1270 talia

209 1289 412 1327 sensibilia
444 1303 521 1339 que
549 1299 743 1327 vocantur
777 1290 972 1328 miracula
1004 1300 1171 1339 possunt
1194 1291 1280 1328 fieri
1304 1304 1374 1340 per
1398 1300 1524 1328 artem

209 1350 441 1386 demonum.
477 1347 593 1385 Fides
625 1348 746 1396 igitur
778 1348 1019 1385 insensibilis
1052 1349 1206 1386 infinite
1254 1358 1417 1398 superat
1450 1349 1525 1386 ista

152 1406 333 1455 zosigna.
368 1408 416 1443 Et
449 1406 520 1442 hec
567 1406 675 1443 racio
721 1419 844 1455 quare
889 1407 1025 1444 fideles
1071 1409 1119 1444 ad
1169 1407 1287 1444 fidem
1328 1407 1524 1455 scripture

208 1465 477 1501 attenderent.

266 1524 315 1558 Et
348 1534 391 1558 ex
423 1521 498 1558 isto
531 1530 641 1569 patet
673 1522 839 1558 ulterius
884 1524 992 1571 quod
1038 1523 1109 1559 hee
1142 1531 1248 1559 secte
1281 1531 1454 1571 quatuor
1489 1532 1524 1560 et

208 1579 435 1628 specialiter
468 1579 608 1627 prelati
642 1579 784 1616 cesarii
817 1579 1005 1616 timerent
1038 1580 1113 1616 sibi
1146 1582 1194 1617 de
1234 1581 1524 1629 reprobacione

209 1637 356 1674 Christi
379 1637 419 1674 in
442 1637 505 1673 die
528 1636 678 1682 iudicii,
713 1650 803 1674 cum
838 1637 913 1686 ipsi
946 1647 1037 1674 sunt
1069 1638 1185 1686 longe
1208 1639 1296 1687 plus
1319 1651 1341 1675 a
1365 1638 1524 1676 Christo

152 1692 191 1724 25
208 1695 300 1732 viris
316 1707 415 1744 quos
430 1694 493 1731 hic
510 1696 698 1743 reprobat
714 1695 899 1744 elongati.
920 1698 1007 1733 Non
1020 1695 1125 1732 enim
1144 1695 1184 1731 in
1200 1696 1363 1733 nomine
1376 1696 1524 1734 Christi

209 1754 280 1790 hee
318 1762 422 1790 secte
456 1761 631 1801 quatuor
664 1754 908 1801 prophetant
939 1755 1007 1790 sed
1035 1754 1294 1802 propheciam
1327 1754 1524 1803 scripture

207 1811 389 1848 nituntur
417 1810 689 1859 multipliciter
715 1813 949 1856 obscurare;
985 1824 1057 1848 nec
1077 1811 1225 1848 eiciunt
1250 1812 1434 1849 demonia
1457 1816 1525 1850 sed

208 1868 409 1905 evidenter
425 1868 607 1914 iniciunt,
633 1878 670 1905 et
688 1868 762 1917 ipsi
778 1869 818 1905 in
841 1882 1012 1917 persona
1035 1870 1200 1918 propria
1223 1879 1314 1907 sunt
1338 1870 1525 1907 meridia-

208 1940 302 1963 num
321 1926 567 1973 demonium,
585 1927 848 1974 apparencias
865 1927 1056 1964 virtutum
1074 1927 1253 1964 indicant
1269 1937 1401 1976 preter
1417 1941 1525 1970 men-

152 1986 193 2018 30
208 1984 368 2021 dacium
402 1985 508 2033 quod
542 1985 794 2021 abscondunt
828 1986 936 2033 quod
960 1984 1035 2033 ipsi
1058 1985 1202 2022 virtute
1228 1985 1524 2023 benediccionis

209 2042 323 2091 panis
372 2042 675 2079 sacramentalis
720 2055 865 2090 panem
910 2043 1041 2091 ipsum
1089 2043 1337 2080 adnichilant
1371 2053 1408 2080 et
1439 2044 1525 2080 sine

207 2100 379 2137 utilitate
436 2099 601 2137 ecclesie
668 2100 854 2137 accidens
901 2101 987 2137 sine
1030 2101 1210 2138 subiecto
1254 2102 1359 2138 ultra
1405 2114 1525 2138 omne

211 2158 449 2195 miraculum
466 2157 613 2194 Christi
630 2167 877 2204 conservant,
902 2160 970 2195 sed
993 2160 1144 2207 absque
1168 2159 1289 2195 dubio
1315 2159 1525 2196 mendacia

209 2215 283 2252 ista
316 2216 492 2253 heretica
530 2228 612 2251 non
645 2217 796 2252 dabunt
828 2216 912 2252 istis
956 2216 1165 2253 introitum
1198 2216 1238 2253 in
1277 2217 1525 2253 beatitudine

153 2273 193 2307 35
210 2286 282 2322 pro
315 2273 377 2310 die
410 2273 559 2311 iudicii.
612 2273 678 2309 Isti
728 2273 832 2310 enim
878 2287 977 2322 quos
1011 2274 1193 2311 Christus
1239 2274 1303 2310 hic
1336 2276 1525 2323 reprobat

208 2331 395 2368 videntur
426 2330 703 2379 principaliter
748 2332 833 2368 sola
865 2343 966 2368 vana
1012 2331 1205 2368 maculari
1250 2331 1390 2380 gloria.
1446 2334 1524 2369 Sed

209 2389 283 2425 iste
327 2397 432 2426 secte
477 2398 650 2437 quatour
688 2398 779 2425 sunt
828 2388 962 2426 multis
1006 2389 1211 2426 heresibus
1260 2399 1297 2426 et
1349 2390 1524 2438 peccatis

210 2447 392 2495 pluribus
425 2446 580 2483 irretiti.
635 2447 726 2483 Ideo
760 2460 803 2484 ex
836 2447 913 2484 fide
953 2449 1058 2484 Deus
1091 2460 1172 2484 non
1206 2456 1344 2496 parcet
1377 2447 1453 2484 illis
1485 2447 1524 2484 in

210 2504 273 2541 die
304 2504 456 2545 iudicii.

279 2680 304 2700 2.
324 2673 368 2700 A:
391 2681 449 2708 que
462 2673 646 2700 immortalis
658 2672 750 2700 deest.
795 2681 825 2711 4,
844 2673 869 2701 5.
891 2673 928 2700 Β;
941 2681 1053 2708 parum
1067 2673 1108 2700 sit
1119 2673 1274 2709 strepitus.
1348 2673 1376 2707 8,
1393 2681 1420 2707 0.
1436 2674 1480 2701 A:
1496 2677 1526 2701 et

210 2708 340 2735 veritati
357 2708 535 2735 resistentes
556 2708 648 2735 deest.
707 2715 745 2735 12.
766 2709 794 2735 A
814 2716 844 2734 ln
860 2716 974 2743 marg:
994 2707 1163 2735 Jolzannes.
1219 2707 1258 2736 13.
1279 2708 1352 2735 Ain
1368 2717 1482 2743 ma1·g.:
1498 2716 1522 2735 l.

210 2749 253 2769 22.
275 2743 303 2769 A
323 2743 353 2769 in
375 2750 490 2777 marg:
512 2750 540 2769 2.
614 2742 658 2770 28.
681 2742 719 2769 ss:
741 2742 890 2769 inliciunt.
978 2741 1021 2769 32.
1043 2743 1088 2770 A:
1110 2743 1222 2778 abique
1239 2743 1383 2770 subiecto.

279 2813 310 2845 ὁ.
338 2814 375 2845 ΙΙ.
402 2814 493 2845 Tim.
521 2815 558 2854 II,
588 2824 640 2854 24.
742 2825 792 2845 10.
820 2813 939 2845 Matth.
966 2815 1006 2854 V,
1033 2824 1064 2856 9.

1732 196 1810 240 455

1591 376 1712 411 bangor
1732 379 1762 403 ot

1585 411 1768 446 wrangling.

1591 1531 1659 1558 The
1680 1536 1758 1559 sects

1557 1566 1668 1594 should
1696 1566 1789 1594 dread

1584 1602 1633 1639 the
1653 1602 1712 1637 day
1732 1602 1766 1629 of

1591 1636 1761 1671 Judgment.
