2003 3322
218 217 307 245 CAP.
334 208 444 262 LVIL]
731 221 872 252 PRIMA
898 222 1024 253 PARS.
1745 225 1765 251 2
1779 227 1788 249 1
1804 216 1821 251 3

219 328 327 375 quod
366 328 557 363 haberent
596 326 635 363 in
681 326 823 374 patria.
870 329 951 363 Nee
997 328 1162 364 haberet
1205 328 1370 363 verbum
1417 328 1533 364 huius

217 384 343 421 sancti
377 386 551 421 colorem
586 385 694 432 quod
734 384 899 432 indigna
937 397 999 421 res
1039 393 1096 421 est
1136 384 1399 421 christianum
1441 399 1533 422 con—

217 444 382 479 tendere
426 455 561 479 coram
602 441 733 478 iudice
773 441 923 479 infideli
962 442 1037 478 nisi
1078 442 1173 491 quia
1212 442 1279 479 illa
1323 443 1533 480 contencio

217 508 275 537 est
307 500 347 536 in
379 512 419 536 se
454 501 573 546 mala,
608 512 697 536 cum
734 501 953 536 secundum
980 501 1217 549 Apostolum
1253 508 1290 536 et
1321 501 1531 538 veritatem

185 557 457 594 §catholicam
493 557 584 594 licet
617 557 778 605 coniugi
812 557 919 594 fideli
953 558 1253 595 communicare
1292 566 1329 594 et
1369 571 1533 596 conver-

214 624 297 652 tere
320 628 436 652 suum
461 615 671 664 coniugem
696 614 912 661 infidelem,
933 616 1026 664 quia
1050 617 1199 652 bonum
1226 616 1531 653 matrimonium

216 682 273 710 est
305 673 473 720 licitum,
507 674 575 710 sed
608 673 909 710 communicare
949 686 1039 710 cum
1074 673 1181 710 fideli
1213 674 1274 710 vel
1306 673 1459 711 infideli
1490 674 1531 710 in

215 731 385 767 seculari
418 731 565 768 iudicio
598 744 680 768 non
704 740 761 767 est
785 733 949 778 bonum,
984 731 1077 780 quia
1102 732 1313 768 contencio
1337 732 1426 769 talis
1449 745 1531 769 non

217 797 275 825 est
306 789 430 825 licita.

164 862 201 883 10
274 848 322 883 Et
354 847 526 883 breviter
548 847 917 896 quomodocunque
940 846 1029 896 quis
1052 846 1194 884 dixerit
1227 847 1377 896 experti
1400 847 1530 885 sciunt
1546 888 1552 893 ,
1569 852 1673 888 Going
1693 858 1723 881 to
1745 855 1804 882 law

215 906 323 953 quod
356 906 601 941 contendens
633 904 673 941 in
706 904 775 941 tali
808 904 958 941 iudicio
990 904 1216 942 necessario
1240 905 1411 942 incurrit
1442 889 1821 958 iri-istnssffisssstgsssosst

214 962 416 999 tacionem
469 962 603 1000 anime
655 963 715 999 vel
768 972 1024 1011 sumptuosas
1083 975 1275 1011 expensas
1329 960 1810 1023 bonorumSOmgfggffigift

216 1020 378 1057 Domini
424 1021 529 1058 circa
575 1020 724 1057 iudicia
756 1021 1013 1058 fraudulenta
1051 1022 1113 1058 vel
1150 1021 1316 1058 omnino
1357 1034 1530 1071 occupa·
1745 1018 1751 1024 ⁸

216 1078 373 1115 cionem
393 1078 587 1127 temporis
611 1079 789 1126 stultam,
817 1092 907 1115 cum
931 1088 1067 1115 tamen
1090 1087 1248 1128 tempus
1271 1080 1321 1116 sit
1345 1088 1529 1117 creatura

163 1135 286 1173 15Dei
319 1138 368 1173 ab
400 1136 487 1185 ipso
520 1136 776 1185 singulariter
810 1138 903 1173 data
927 1137 1158 1174 hominibus
1192 1138 1242 1174 ad
1275 1139 1529 1186 operandum

214 1194 350 1231 utilius
370 1194 632 1231 conformiter
648 1194 725 1242 legi
743 1207 824 1241 sue,
850 1204 886 1231 et
909 1207 999 1231 cum
1024 1195 1162 1232 omnia
1186 1195 1261 1232 ista
1282 1196 1343 1232 vel
1366 1195 1530 1244 aliquod

213 1252 380 1295 istorum
420 1253 481 1289 vel
519 1252 801 1290 inevitabiliter
843 1252 1142 1290 concomitatur
1181 1252 1221 1289 in
1259 1253 1431 1290 seculari
1471 1253 1530 1289 iu-

213 1310 332 1356 dicio,
378 1310 542 1347 omnino
589 1311 777 1347 delictum
819 1320 876 1347 est
915 1311 1141 1347 doctrinam
1176 1311 1336 1348 Christo
1375 1311 1414 1348 in
1452 1311 1529 1348 isto

213 1369 393 1405 deserere
456 1377 493 1405 et
544 1368 660 1405 inniti
712 1368 862 1405 iudicio
915 1381 1186 1417 paganorum3
1250 1370 1359 1418 quod
1422 1369 1528 1406 idern

157 1442 197 1462 20
213 1426 474 1463 effectualiter
514 1435 571 1462 est
604 1427 660 1464 sic
693 1427 823 1463 facere
857 1435 894 1463 et
926 1426 1146 1475 preeligere
1187 1426 1361 1464 iudicem
1407 1441 1529 1477 paga-

212 1497 307 1520 num
334 1484 374 1520 in
398 1486 525 1520 Deum
557 1497 673 1521 suum
709 1494 746 1521 et
780 1485 899 1521 stulte
935 1486 1118 1522 deserere
1153 1485 1362 1521 dominum
1393 1488 1526 1523 Jesum

214 1541 433 1579 Christum.

270 1602 347 1636 Sed
391 1600 487 1649 quid
531 1600 731 1638 infidelius
780 1613 901 1649 quam
955 1600 1011 1637 sic
1055 1601 1187 1638 facere
1230 1601 1291 1638 vel
1336 1601 1376 1638 in
1420 1602 1527 1639 facto

212 1659 423 1695 defendere
475 1660 583 1707 quod
635 1660 810 1695 humane
862 1661 968 1706 leges
1019 1667 1112 1696 sunt
1163 1658 1405 1696 salubriores
1466 1661 1526 1696 vel

155 1721 194 1753 25
211 1717 299 1763 plus
361 1716 462 1752 iuste
523 1729 644 1765 quam
706 1718 765 1754 lex
827 1725 896 1753 aut
957 1716 1173 1753 concilium
1229 1717 1384 1754 domini
1435 1719 1525 1754 Jesu

212 1774 384 1810 Christi?
424 1776 472 1810 Et
504 1774 559 1810 ita
593 1776 881 1812 contendentes
915 1774 1146 1811 huiusmodi
1180 1777 1526 1823 preponderantes

210 1832 453 1880 temporalia
506 1832 608 1869 sicut
657 1835 773 1869 bruta
826 1841 863 1868 et
914 1841 1246 1881 contempnentes
1300 1833 1525 1882 spiritualia

210 1891 407 1938 speranda
460 1891 509 1927 ab
561 1891 710 1937 angelis
757 1890 944 1927 videntur
995 1891 1200 1927 incurrere
1245 1890 1522 1928 infidelitatem

210 1956 247 1983 et
299 1949 469 1985 heresim
524 1949 615 1995 plus
668 1948 847 1997 paganis,
893 1947 986 1996 quia
1038 1949 1183 1996 pagani
1229 1948 1379 1986 iudices
1432 1962 1524 1996 sepe

154 2006 359 2043 30faciunt
417 2007 505 2054 plus
566 2008 714 2043 bonum
768 2008 816 2043 de
868 2019 1025 2054 genere,
1084 2019 1206 2055 quam
1258 2007 1410 2043 faciunt
1460 2007 1523 2044 isti

209 2066 496 2101 contendentes
564 2065 625 2101 vel
687 2064 837 2101 iudices
899 2064 968 2112 qui
1028 2064 1083 2101 sic
1142 2064 1358 2102 infideliter
1416 2074 1524 2114 post-

209 2132 364 2170 ponunt
426 2122 572 2159 Christi
643 2122 856 2159 consilium
920 2131 957 2158 et
1019 2122 1247 2171 preeligunt
1308 2123 1521 2160 consilium

211 2182 521 2217 mundanorum.

264 2241 312 2274 Et
357 2251 401 2275 ex
445 2239 521 2275 isto
566 2239 684 2287 plane
727 2238 884 2275 videtur
924 2239 1031 2286 quod
1072 2238 1131 2275 lex
1169 2239 1335 2275 hortans
1375 2240 1425 2275 ad
1465 2239 1607 2281 in-Any
1627 2246 1686 2273 law
1701 2246 1766 2274 that
1785 2247 1812 2274 is

152 2299 190 2331 35
207 2295 437 2333 iuriandum
461 2296 596 2332 taliter
627 2296 677 2332 sit
709 2296 886 2332 heretica
910 2295 1003 2344 quia
1028 2296 1232 2332 contraria
1256 2297 1332 2344 legi
1357 2296 1518 2333 Christi.
1577 2288 1595 2306 ⁰
1616 2282 1719 2342 ξῑοίξῗῖ
1739 2286 1770 2343 Ῐξ

208 2355 284 2390 Lex
325 2355 429 2390 enim
464 2353 613 2390 Christi
653 2354 819 2390 mandat
857 2361 895 2390 et
934 2353 1107 2390 consulit
1149 2355 1257 2402 quod
1290 2354 1345 2391 sic
1383 2354 1518 2400 faciam,
1597 2351 1751 2377 heretical.

206 2413 274 2448 sed
314 2412 372 2448 lex
411 2411 484 2448 ista
520 2411 778 2448 contenciosa
819 2413 983 2448 mandat
1016 2413 1125 2460 quod
1164 2412 1238 2448 hoc
1276 2412 1439 2449 omittas
1484 2421 1521 2449 et

206 2469 327 2506 facias
369 2469 500 2505 minus
534 2471 699 2506 bonum.
735 2471 825 2505 Ideo
859 2481 903 2505 ex
936 2469 1213 2518 descripcione
1240 2470 1388 2507 heresis
1410 2479 1521 2518 patet

207 2529 314 2575 quod
346 2528 406 2564 lex
438 2527 529 2563 talis
558 2536 615 2563 est
638 2527 826 2573 heretica,
861 2527 962 2563 sicut
989 2527 1028 2563 in
1051 2527 1281 2564 defensione
1306 2537 1362 2564 est
1385 2528 1521 2564 multi-

146 2598 191 2627 40
208 2586 294 2632 plex
326 2585 595 2622 communitas
628 2585 688 2621 vel
722 2597 906 2633 persona.

276 2802 356 2828 ().A:
374 2801 575 2828 matrimonii.
650 2809 689 2828 ιο.
701 2802 742 2828 A:
761 2801 972 2835 experlisunt.
1048 2808 1088 2832 14.
1099 2800 1250 2827 Bmtulta.
1323 2800 1368 2827 30.
1379 2801 1422 2827 A:
1438 2800 1518 2827 bono

207 2835 244 2862 de
262 2844 378 2872 genere
397 2836 482 2871 quia.
556 2834 594 2862 31.
615 2836 660 2862 A:
682 2836 730 2862 vel
748 2836 865 2862 iudices
886 2836 981 2862 deest.
