2003 3322
184 227 257 274 198

867 235 986 267 OPUS
1014 236 1350 267 EVANGELICUM
1574 224 1680 277 [CAP.
1702 233 1780 261 LIV.

525 342 625 376 Sane
686 341 1072 376 aninszadvertendum
1131 349 1186 377 est
1242 353 1391 377 omnem
1451 342 1616 377 tunicam
1670 343 1780 378 vesti-

466 406 633 434 mentum
686 410 779 445 esse,
842 411 915 434 non
978 410 1088 434 omne
1144 399 1408 435 vestimentum
1461 399 1628 435 tunicam
1689 412 1779 436 esse.

477 456 694 492 Vestimenti
736 457 859 506 igitur
903 469 1038 492 nomen
1079 457 1199 506 plura
1242 457 1438 508 significat
1480 470 1599 506 quam>
1647 470 1782 493 nomen

464 515 600 550 tunice.
635 515 688 549 Et
720 514 804 550 ideo
837 514 935 550 sicut
968 515 1110 550 dictum
1144 522 1198 551 est
1230 515 1427 551 arbitror:
1463 515 1511 550 Ut
1531 515 1596 564 qui
1619 515 1784 551 voluerit

465 580 586 608 tecum
621 572 759 608 iudicio
793 573 1024 608 contendere
1054 580 1089 608 et
1121 573 1287 609 tunicam
1321 580 1425 609 tuam
1450 573 1600 619 tollere,
1633 573 1816 609 remitte5

464 631 523 665 illi
561 638 595 666 et
642 630 924 678 vestimentum,
964 638 1159 680 tamquam
1203 631 1237 667 si
1280 631 1443 667 diceret:
1500 631 1577 675 Qui
1620 631 1785 667 voluerit

464 688 631 724 tunicam
671 696 775 724 tuam
814 689 953 724 tollere
992 689 1145 724 remitte
1181 688 1241 726 illi
1271 696 1306 724 et
1336 689 1371 725 si
1399 689 1490 738 quid
1522 689 1629 724 aliud
1670 690 1785 725 hahes

464 746 686 782 indumenti.
750 746 841 782 Ideo
881 747 1055 782 nonnulli
1086 746 1250 795 pallium
1290 747 1537 795 interpretati
1565 754 1653 783 sunt
1684 747 1787 796 quod

469 805 595 840 Grece
621 804 791 853 positum
825 811 880 840 est
912 804 1132 840 exaration.

521 862 574 897 Et
604 862 670 911 qui
699 869 734 897 te
766 862 1052 913 angariaverit,
1085 863 1215 911 inquit,
1250 863 1355 898 mille
1381 875 1534 912 passus,
1570 863 1667 898 vade
1699 875 1783 898 cum
1804 877 1842 897 10

463 920 529 956 illo
563 920 640 955 alia
676 920 760 955 duo.
809 920 862 956 Et
894 921 965 956 hoc
998 920 1124 969 utique
1164 933 1236 957 non
1276 928 1355 956 tam
1395 928 1435 956 ut
1469 920 1632 970 pedihus
1671 933 1783 971 agas,

461 990 575 1026 quam
600 985 640 1013 ut
663 978 789 1014 animo
812 978 864 1014 sis
881 986 1060 1027 paratus
1086 979 1188 1014 Nam
1214 979 1249 1014 in
1272 979 1355 1028 ipsa
1379 979 1542 1015 historia
1572 979 1784 1014 christiana

463 1035 498 1070 in
531 1048 604 1084 qua
639 1043 694 1071 est
726 1036 953 1082 auctoritas,
1002 1036 1096 1071 nihil
1133 1037 1210 1072 tale
1254 1037 1419 1073 invenies
1458 1049 1538 1072 esse
1564 1037 1722 1085 sactum
1762 1050 1784 1072 a

462 1094 606 1129 sanctis
639 1094 698 1129 vel
730 1094 776 1129 ab
800 1094 881 1143 ipso
906 1094 1087 1141 Domino,
1117 1107 1202 1130 cum
1227 1095 1262 1130 in
1286 1095 1438 1130 homine
1458 1107 1567 1144 quem
1589 1095 1786 1143 suscipere

464 1151 648 1201 dignatus
681 1159 736 1187 est
769 1152 922 1187 vivendi
953 1153 1059 1188 nobis
1086 1153 1224 1201 prebet
1256 1153 1491 1202 exemplum,
1539 1165 1622 1188 cum
1656 1160 1782 1188 tamen
1804 1157 1840 1189 15

463 1210 636 1245 omnibus
659 1210 755 1257 fere
787 1210 881 1246 locis
913 1222 977 1246 eos
1008 1210 1179 1247 invenias
1206 1219 1373 1260 paratos
1388 1211 1517 1259 fuisse
1539 1223 1632 1259 equo
1656 1211 1783 1247 animo

462 1268 663 1314 tollerare,
697 1268 881 1316 quidquid
903 1268 955 1304 eis
977 1268 1151 1317 improbe
1163 1269 1310 1317 fuisset
1332 1269 1537 1319 ingestum.
1573 1269 1649 1304 Sed
1679 1269 1787 1304 verbi

461 1326 601 1376 gracia
635 1326 777 1362 dictum
806 1333 1007 1375 putemus:
1040 1327 1141 1362 Vade
1174 1339 1257 1363 cum
1292 1339 1333 1363 eo
1369 1327 1445 1362 alia
1480 1327 1585 1363 duo?
1616 1326 1673 1362 An
1707 1327 1784 1362 tria

462 1384 652 1433 compleri
702 1384 879 1430 voluerit,
927 1396 998 1432 quo
1052 1397 1210 1421 numero
1253 1385 1436 1435 signatur
1480 1385 1691 1434 perfeccio,
1745 1392 1785 1420 ut

462 1442 678 1477 meminerit
710 1442 877 1491 quisque,
915 1455 1000 1478 cum
1035 1443 1105 1479 lzoc
1129 1443 1248 1491 facit,
1282 1444 1505 1492 perfectam
1544 1455 1585 1479 se
1622 1443 1784 1491 implere
1800 1457 1841 1478 20

461 1500 664 1546 iusticiam,
710 1500 1019 1536 misericorditer
1055 1501 1298 1550 perferendo
1350 1501 1595 1551 infirmitates
1646 1513 1781 1537 eorum

461 1570 554 1606 quos
588 1558 668 1594 vult
698 1571 814 1594 sanos
826 1558 953 1608 fieri?
985 1559 1116 1594 Potest
1139 1559 1492 1608 videripropterea
1516 1559 1636 1595 eciam
1661 1559 1783 1595 tribus

461 1616 650 1665 exemplis
683 1617 749 1652 lzec
776 1623 963 1665 precepta
996 1617 1219 1663 insinuasse,
1253 1630 1414 1666 quorum
1444 1617 1618 1667 primum
1651 1624 1720 1664 est,
1751 1617 1785 1653 si

461 1674 543 1722 quis
575 1682 611 1710 te
637 1675 878 1724 percusserit
915 1675 950 1710 in
985 1675 1167 1710 dextram
1209 1676 1427 1722 maxillam,
1466 1675 1673 1712 secundum
1714 1682 1781 1720 est,

459 1732 494 1768 si
514 1732 596 1780 quis
619 1733 786 1768 tunicam
812 1733 950 1768 tollere
973 1733 1150 1780 voluerit,
1174 1733 1349 1781 tercium,
1378 1734 1413 1770 si
1433 1734 1516 1782 quis
1538 1741 1573 1769 te
1595 1733 1782 1783 angaria-
1800 1738 1838 1769 25

462 1791 561 1825 verit
593 1791 699 1826 mille
726 1792 729 1843 1
756 1803 908 1839 passus,
943 1791 979 1826 in
1010 1803 1082 1840 quo
1113 1791 1231 1827 tercio
1257 1792 1436 1841 exemplo
1460 1792 1598 1841 simplo
1623 1791 1781 1840 duplum
1831 1796 1910 1837 375ο

461 1849 635 1896 additur,
680 1856 720 1884 ut
752 1849 910 1897 triplum
945 1850 1200 1898 compleatur.
1260 1850 1337 1893 Qui
1373 1862 1554 1886 numerus
1592 1850 1662 1885 hoc
1700 1850 1783 1885 loco

460 1906 495 1942 si
536 1919 608 1942 non
649 1907 707 1954 (ut
756 1907 899 1942 dictum
952 1908 1024 1955 est)
1076 1908 1273 1957 significat
1323 1908 1623 1957 perfeccionem,
1686 1907 1784 1942 illud

461 1964 677 2013 accipiatur
729 1965 832 2013 quod
882 1965 917 2000 in
970 1966 1221 2015 precipiendo
1282 1973 1477 2015 tamquam
1541 1964 1783 2002 tolerabilius

460 2022 643 2071 incipiens
681 2023 873 2072 paulatim
920 2024 1098 2071 creverit,
1145 2024 1264 2060 donec
1303 2024 1529 2073 perveniret
1572 2036 1688 2072 usque
1731 2023 1783 2058 ad
1799 2029 1840 2061 30

461 2080 621 2129 duplum
655 2081 763 2116 aliud
789 2081 1089 2130 perferendum.
1144 2082 1247 2118 Nam
1287 2083 1419 2131 primo
1459 2082 1620 2131 preberi
1663 2081 1783 2117 voluit

459 2139 625 2174 alteram
654 2139 875 2186 maxillam,
909 2140 1138 2188 cumfuerit
1170 2141 1310 2188 altera,
1344 2140 1383 2175 id
1415 2148 1469 2176 est
1502 2141 1659 2187 dextra,
1687 2151 1780 2188 per-

460 2208 583 2243 cussa,
634 2205 674 2232 ut
718 2197 842 2233 minus
880 2198 1070 2246 perferre
1107 2206 1276 2247 paratus
1320 2199 1373 2234 sis
1417 2211 1529 2247 quam
1569 2197 1778 2247 pertulisti.

466 2254 664 2303 Quidquid
707 2256 805 2291 enim
852 2256 1015 2291 dextera
1059 2256 1256 2306 significat
1300 2264 1335 2292 et
1380 2257 1509 2292 carius
1554 2263 1609 2292 est
1656 2255 1782 2303 utique

459 2324 572 2360 quam
619 2313 658 2348 id
701 2314 804 2362 quod
846 2313 1004 2349 sinistra
1048 2314 1245 2364 significat
1289 2322 1324 2350 et
1361 2315 1425 2363 qui
1460 2315 1496 2350 in
1542 2327 1584 2350 re
1627 2314 1782 2350 cariore
1798 2317 1837 2350 35

459 2371 605 2419 aliquid
622 2372 798 2420 pertulit,
822 2372 857 2407 si
877 2379 912 2407 et
934 2372 969 2407 in
995 2372 1131 2408 viliore
1148 2373 1344 2421 perferat,
1379 2373 1503 2408 minus
1530 2380 1595 2408 est.
1630 2372 1781 2408 Deinde

460 2428 518 2463 illi
546 2429 612 2478 qui
642 2430 809 2466 tunicam
843 2431 925 2465 vult
958 2430 1108 2477 tollere,
1142 2431 1241 2466 iubet
1274 2438 1308 2467 et
1332 2431 1597 2466 vestimentum
1623 2429 1778 2476 remitti,

459 2487 561 2534 quod
593 2495 719 2523 autem
753 2489 989 2524 tantumdem
1024 2496 1092 2535 est,
1132 2496 1198 2524 aut
1237 2501 1309 2525 non
1349 2489 1469 2525 multo
1508 2488 1674 2538 amplius
1706 2500 1778 2524 non

527 2702 551 2729 5.
573 2703 616 2729 A:
638 2705 735 2729 lecum
758 2719 778 2721 —
807 2702 992 2730 contendere
1013 2706 1043 2730 et
1061 2704 1161 2737 ἀφυεῖς
1185 2703 1220 2730 Βε
1245 2704 1275 2730 in
1297 2703 1412 2731 iudicio
1422 2714 1432 2736 ,-
1454 2704 1494 2731 ib.
1517 2704 1554 2730 B:
1577 2706 1661 2731 luam
1682 2705 1775 2731 deest.

459 2737 486 2763 0.
510 2737 547 2763 B:
570 2737 601 2763 ei
618 2740 654 2764 el.
765 2745 792 2772 [ι.
815 2738 858 2764 A:
881 2746 1042 2772 exuanon;
1076 2743 1171 2766 recte:
1193 2739 1333 2766 z'ntalion.
1455 2746 1493 2766 12.
1516 2739 1553 2766 13:
1587 2739 1654 2773 ipsa
1682 2740 1775 2766 deest.

460 2779 498 2805 17.
520 2771 695 2807 Iuszcerat.
771 2780 809 2807 ει,
832 2780 875 2800 22.
898 2774 942 2800 A:
964 2781 1016 2800 eos
1037 2782 1123 2808 quos.
1197 2772 1240 2801 23.
1262 2781 1342 2809 quo,·
1362 2774 1406 2800 A:
1429 2781 1570 2808 quorum.

537 2866 585 2886 10.
614 2855 732 2887 Matth.
761 2857 800 2896 V,
827 2866 881 2896 41.
