2062 3327
227 246 276 283 30
937 252 1055 284 opus
1080 250 1416 283 EVANGELicuM
1667 237 1773 293 [CAP.
1795 247 1832 275 x.

514 358 575 395 vie
608 360 793 396 habendo
828 358 1018 394 continue
1050 359 1171 406 pedes
1196 358 1367 393 mundos
1400 365 1596 405 quantum
1631 357 1681 392 ad
1714 356 1831 392 affec-

516 417 649 453 ciones
689 417 894 464 amplexus
932 414 1138 452 celestium
1167 414 1410 463 possidendi,
1446 414 1500 451 sic
1533 415 1642 462 quod
1675 425 1833 462 semper

514 483 643 522 potest
675 475 853 511 recolere
884 473 1096 522 vigilanter
1127 472 1240 509 istius
1263 472 1419 509 Cantici
1452 474 1567 510 Cant.
1584 473 1627 510 V.
1655 472 1694 508 3:
1735 472 1837 507 Lavi

508 533 630 581 pedes
662 545 777 579 meos,
811 532 1000 581 quomodo
1033 531 1234 580 inquinabo
1267 531 1383 567 illos?

223 597 496 632 4.Tempe1-ance.
573 592 727 636 Quarta
761 599 894 627 autem
939 589 1064 626 virtus
1104 588 1318 625 cardinalis
1358 588 1508 625 scilicet
1554 587 1828 636 temperancia
1851 589 1867 621 5

515 647 588 684 erit
621 648 746 685 tercio
780 647 885 684 hosti
918 647 1093 684 hominis
1126 646 1277 683 scilicet
1319 646 1429 683 carni
1461 646 1625 694 proprie
1657 646 1833 694 prudens

511 706 680 752 frenum,
721 705 776 742 sic
810 707 918 754 quod
951 707 1022 741 hec
1057 704 1198 741 mulier
1230 704 1280 740 sit
1319 704 1432 753 quasi
1473 705 1594 752 peplo
1628 703 1832 752 pudicicie

512 772 740 811 perornata.
776 766 834 800 Ita
866 772 1089 811 temperate
1113 771 1298 799 vescatur
1330 762 1371 798 in
1396 761 1601 798 esibilibus
1635 770 1830 810 quantum

513 830 725 869 promovet
758 830 916 858 servato
951 820 1136 868 coniugio
1184 820 1242 856 vie
1284 832 1365 856 sue.
1407 822 1455 856 Et
1489 820 1565 857 ista
1598 828 1656 856 est
1689 828 1833 868 quarta

512 879 637 916 virtus
662 879 876 916 cardinalis
901 892 979 927 qua
1003 880 1116 915 decet
1149 879 1251 914 hanc
1275 878 1467 915 feminam
1493 877 1715 926 perornari.
1751 879 1832 914 Has
1855 891 1892 912 io

511 947 645 974 autem
697 946 826 975 vestes
880 946 1011 985 potest
1067 936 1194 973 fidelis
1246 937 1476 984 predicator
1521 937 1655 973 lavare
1707 944 1744 971 et
1791 944 1833 971 ut

512 995 668 1044 expedit
701 996 854 1044 populo
888 995 1070 1032 dilatare.

1053 1142 1193 1184 CAP.
1226 1142 1290 1183 X.

309 1269 408 1298 Third
570 1263 759 1312 Sequitur
792 1261 918 1299 tercia
951 1260 1158 1298 beatitudo
1191 1261 1231 1297 in
1265 1261 1339 1297 hiis
1365 1260 1518 1298 verbis:
1551 1261 1667 1297 Beati
1687 1261 1752 1309 qui
1773 1261 1829 1296 lu-

263 1307 456 1368 ssbssss‘ggdffs‘e
511 1330 618 1372 gent,
635 1322 811 1370 quoniam
828 1321 902 1370 ipsi
914 1320 1226 1356 consolabuntur.
1244 1320 1402 1366 Luctus,
1419 1319 1549 1368 inquit
1564 1318 1829 1368 Augustinus,
1852 1321 1888 1354 15

285 1376 439 1438 Ἧῇξύξξζῗῖ
512 1388 567 1416 est
599 1380 760 1416 tristicia
807 1380 853 1415 de
896 1379 1100 1415 amissione
1143 1390 1349 1414 carorum.-
1397 1377 1590 1414 Conversi
1620 1385 1746 1413 autem
1778 1378 1832 1413 ad

512 1438 637 1474 Deum
671 1450 714 1474 ea
747 1450 818 1486 que
855 1437 891 1472 in
930 1437 1001 1472 hoc
1040 1437 1182 1472 mundo
1223 1448 1316 1472 cara
1355 1436 1687 1485 amplectebantur
1718 1436 1829 1471 amit-

511 1503 614 1532 tunt:
646 1508 718 1532 non
751 1495 849 1532 enim
881 1495 1055 1545 gaudent
1085 1494 1157 1530 hiis
1187 1495 1300 1530 rebus
1322 1494 1456 1543 quihus
1487 1501 1574 1530 ante
1594 1494 1830 1545 gaudebant,

511 1561 546 1590 et
579 1555 697 1590 donec
715 1554 795 1603 fiat
825 1553 860 1589 in
893 1553 970 1589 illis
1003 1553 1165 1589 dulcedo
1193 1559 1415 1588 eternorum
1445 1553 1628 1589 nonnulla
1661 1552 1829 1588 mesticia

511 1613 746 1648 sauciantur.
786 1611 1098 1647 Consolabuntur
1120 1623 1217 1661 ergo
1241 1610 1388 1659 Spiritu
1412 1611 1553 1646 Sancto
1576 1611 1641 1660 qui
1659 1610 1831 1646 maxime
1848 1623 1889 1643 20

507 1677 720 1719 propterea
740 1669 957 1719 paraclitus
979 1669 1213 1716 nominatur,
1246 1669 1285 1704 id
1316 1675 1383 1714 est,
1408 1669 1644 1715 consolator,
1672 1676 1712 1705 ut
1735 1676 1829 1704 tem-

506 1729 687 1777 poralem
719 1728 934 1764 amittentes
966 1727 1091 1763 leticia
1123 1734 1256 1763 eterna
1283 1726 1561 1776 perfruantur.

570 1786 843 1823 Crisostomus
887 1793 1022 1821 autem
1067 1784 1323 1833 persequitur
1366 1796 1525 1821 sensum
1573 1784 1690 1821 huius
1723 1783 1830 1821 verbi

512 1844 711 1881 diffusius:
750 1844 838 1894 Qti,
872 1842 1015 1891 inquit,
1043 1851 1205 1892 peccata
1235 1855 1306 1879 sua
1338 1843 1473 1893 lugent
1503 1843 1603 1879 beati
1632 1851 1731 1888 sunt,
1764 1843 1832 1879 sed

511 1903 725 1939 mediocres
767 1902 886 1938 beati:
923 1901 1119 1938 beaciores
1155 1908 1280 1937 autem
1318 1908 1405 1938 sunt
1441 1901 1505 1949 qui
1541 1901 1665 1937 aliena
1698 1901 1887 1951 lugent25

506 1968 681 2010 peccata,
732 1961 909 2009 quoniam
950 1960 1014 2009 qui
1050 1960 1175 1996 aliena
1214 1960 1321 2010 luget
1352 1967 1527 2009 peccata,
1579 1966 1725 1995 certum
1776 1966 1831 1995 est

511 2020 613 2068 quod
645 2031 717 2055 non
750 2019 863 2055 habet
893 2030 963 2054 sua
995 2030 1066 2067 que
1097 2018 1241 2068 lugeat.

570 2079 657 2113 Hoc
690 2085 824 2113 autem
868 2078 1033 2113 verbum
1079 2084 1211 2124 potest
1249 2074 1305 2111 sic
1344 2088 1438 2112 sane
1477 2074 1663 2122 intelligi:
1696 2075 1831 2110 Justus

512 2135 580 2183 qui
613 2135 744 2172 aliena
788 2135 897 2183 luget
942 2143 1107 2183 peccata
1152 2147 1225 2182 pro
1270 2143 1452 2181 tempore
1494 2146 1573 2182 quo
1611 2133 1683 2169 hec
1723 2132 1830 2180 luget

512 2192 812 2230 antonomatice
844 2205 925 2229 non
959 2193 1078 2229 habet
1100 2200 1266 2240 peccata
1290 2191 1455 2239 propria
1487 2204 1561 2239 pro
1587 2190 1732 2240 quibus
1766 2190 1829 2227 hic
1847 2194 1888 2226 30

512 2251 567 2287 sic
600 2252 746 2299 lugeat,
785 2250 881 2299 quia
918 2263 1008 2287 cum
1054 2249 1184 2287 omnis
1223 2250 1369 2286 caritas
1407 2248 1548 2297 incipit
1587 2262 1609 2286 a
1648 2261 1689 2285 se
1729 2248 1829 2296 ipsa,

513 2322 585 2357 pro
609 2319 704 2346 tunc
728 2322 801 2357 pro
828 2308 1004 2357 peccatis
1037 2307 1209 2357 propriis
1233 2308 1288 2344 sic
1311 2308 1483 2355 lugeret3
1518 2316 1555 2344 et
1587 2307 1643 2343 sic
1676 2307 1829 2343 addunt

512 2367 676 2415 quidam
722 2368 875 2403 luctum
916 2366 1100 2413 tercium,
1146 2375 1188 2402 ut
1236 2367 1358 2402 homo
1397 2366 1530 2413 lugeat
1576 2364 1640 2401 hic
1687 2364 1727 2400 in
1767 2364 1829 2401 via

513 2425 700 2462 continue
745 2438 818 2473 pro
857 2437 897 2461 se
936 2424 1024 2473 ipso
1061 2425 1123 2461 vel
1163 2437 1236 2473 pro
1281 2432 1447 2472 peccato
1492 2423 1669 2472 proprio,
1716 2422 1829 2459 cuius

513 2484 692 2519 fomitem
720 2492 756 2519 et
779 2484 1004 2520 sensualem
1022 2482 1337 2519 delectacionem
1364 2482 1483 2518 habet
1507 2494 1624 2518 suum
1648 2480 1825 2518 animum
1845 2481 1885 2515 35

583 2653 606 2680 5.
639 2654 667 2680 A
699 2653 729 2680 in
764 2661 877 2687 marga
916 2653 1157 2688 Temperanc1·a‚·
1195 2653 1235 2679 ib.
1267 2652 1305 2679 13:
1337 2652 1456 2679 scilicet
1491 2650 1700 2687 temperancz‘a
1732 2651 1827 2678 deest.

514 2688 548 2716 15.
572 2690 598 2715 A
619 2688 648 2715 in
672 2696 786 2723 marg:
808 2688 1011 2723 Augustinus.
1132 2686 1175 2715 23.
1198 2688 1241 2714 A:
1262 2689 1364 2714 autem
1384 2687 1485 2720 deest;
1513 2686 1534 2713 B
1555 2687 1584 2713 in
1607 2694 1703 2721 marg.
1731 2686 1826 2713 addit.

512 2724 607 2784 digesti*
628 2724 656 2750 in
680 2731 793 2757 marga
818 2723 1033 2750 Crisoslomus.
1108 2724 1151 2749 28.
1174 2723 1200 2749 A
1222 2723 1250 2749 in
1273 2730 1387 2756 marg:
1409 2721 1580 2749 lohannes.
1658 2719 1698 2748 31.
1719 2721 1764 2748 A:
1784 2721 1829 2747 sic

588 2838 636 2869 ¹4·
664 2828 825 2860 Matthaei
853 2830 893 2869 V,
923 2829 953 2860 5.
1054 2827 1103 2859 15.
1130 2829 1190 2860 Sti.
1209 2828 1407 2870 Augustini,
1435 2828 1485 2859 De
1504 2837 1665 2859 sermone
1683 2827 1826 2858 Domini

514 2876 547 2905 in
573 2882 702 2915 monte,
730 2876 751 2906 l.
778 2885 806 2906 c.
833 2886 865 2916 p.
898 2874 971 2916 167.
1069 2885 1122 2916 24.
1150 2875 1217 2916 Op.
1245 2874 1396 2916 Imperf.,
1422 2875 1444 2905 l.
1470 2885 1498 2905 c.
1525 2884 1558 2915 p.
1585 2872 1663 2916 769.
