2003 3322
170 229 251 264 420

865 232 983 264 opos
1009 233 1345 265 EVANGELICUM
1528 220 1635 275 [CAP.
1655 230 1776 259 van.

461 337 551 386 cipit
583 338 737 374 assidue
770 339 959 388 vigilare:
991 351 1089 389 ergo
1116 347 1285 389 propter
1308 352 1438 376 omnes
1470 341 1653 388 iusticias,
1681 353 1775 390 pre-

460 395 567 445 cipue
599 403 726 433 tamen
744 404 912 446 propter
935 397 1294 444 laboriosissimum,
1328 399 1521 445 ieiunium,
1556 398 1666 435 dicit:
1714 399 1776 435 In-

178 463 246 491 The
265 463 346 491 wide
367 468 435 499 gate
460 461 563 490 trate
594 467 670 503 per
708 463 917 505 angustam
952 464 1124 505 portam.
1172 456 1294 492 Porta
1327 457 1565 506 perdicionis
1602 464 1658 493 est
1698 457 1779 493 dia-

204 500 231 527 is
250 500 300 526 the
316 500 408 527 devil.

215 547 303 583 Why
322 548 345 575 it
365 547 392 574 is

217 583 283 610 said
303 587 335 610 to
356 583 392 611 be

261 620 351 648 wide,

460 513 570 548 holus
597 525 673 562 per
694 525 804 562 quem
839 514 1024 550 introitur
1055 515 1091 550 in
1123 515 1364 564 geliennam:
1391 522 1508 563 porta
1542 523 1670 551 autem
1704 515 1779 551 vite

460 578 515 606 est
552 570 731 608 Christus
770 584 845 621 per
880 584 990 621 quem
1036 573 1221 608 introitur
1268 573 1303 609 in
1344 586 1467 623 regna
1512 573 1691 618 celestia;
1735 574 1811 609 de5

459 640 534 676 qua
568 629 709 665 dictum
752 637 828 666 est:
876 630 960 666 Hec
994 638 1112 679 porta
1153 631 1315 667 Domini
1352 631 1443 667 iusti
1479 632 1678 667 intrabunt
1704 643 1780 681 per

460 698 556 722 eam.
591 688 691 723 Lata
725 695 851 723 autem
871 696 991 738 porta
1025 689 1167 725 dicitur
1201 701 1282 725 esse
1311 689 1500 735 diabolus,
1531 701 1604 725 non
1627 689 1780 739 magni-

459 745 590 781 tudine
622 746 830 795 potestatis
869 754 1065 797 extensus,
1097 748 1166 783 sed
1197 748 1382 796 effrenate
1411 747 1590 796 superbie
1622 747 1794 795 licencia?

460 803 657 840 dilatatus.
717 805 810 840 Tale
853 805 999 853 aliquid
1031 805 1223 841 Dominus
1268 805 1379 842 dicit:
1429 806 1544 841 Beati
1584 817 1780 855 pauperes

457 861 609 910 spiritu.
652 862 808 912 Pauper
829 863 968 911 spiritu
991 871 1060 909 est,
1094 864 1158 912 qui
1184 876 1268 899 cum
1299 864 1349 900 sit
1372 876 1552 914 magnus,
1586 863 1778 900 modicum
1800 876 1838 896 10

457 931 498 955 se
530 920 708 958 ostendit.
744 921 865 957 Diues
896 928 1022 957 autem
1055 921 1195 970 spiritu
1229 929 1297 969 est,
1328 922 1394 971 qui
1420 934 1504 957 cum
1536 921 1585 958 sit
1607 921 1781 958 modicus

459 978 624 1014 ostendit
667 991 707 1015 se
754 992 954 1030 magnum,
998 979 1096 1015 sicut
1141 980 1318 1015 diabolus
1355 980 1537 1029 superbia
1576 987 1688 1016 natus
1726 987 1781 1016 est

458 1036 581 1072 elatus
625 1037 688 1085 qui
730 1049 815 1073 cum
859 1045 956 1074 esset
1000 1037 1173 1073 minister
1210 1038 1287 1073 Dei
1331 1038 1367 1073 in
1407 1039 1487 1074 celo
1526 1038 1636 1087 quasi
1672 1038 1781 1074 Deus

456 1106 574 1143 super
606 1096 708 1131 celos
747 1096 957 1132 extendere
993 1108 1034 1132 se
1072 1096 1275 1145 usurpavit
1307 1103 1443 1132 contra
1476 1096 1615 1132 Deum.
1657 1096 1779 1132 Porta

458 1159 583 1188 autem
623 1161 789 1203 angusta
824 1154 966 1189 dicitur
1003 1154 1196 1201 Christus,
1235 1166 1308 1190 non
1342 1154 1543 1203 parvitate
1575 1154 1835 1203 potestatiS15

458 1210 626 1261 exiguus
664 1212 733 1247 sed
772 1212 997 1248 humilitatis
1036 1212 1191 1248 racione
1229 1213 1424 1259 collectus,
1467 1212 1565 1248 sicut
1611 1212 1691 1261 ipse
1735 1213 1781 1249 de

456 1281 496 1304 se
519 1264 774 1305 testimonium
799 1271 885 1306 dat:
922 1271 1052 1306 Videte
1074 1271 1159 1318 quia
1184 1271 1285 1306 mitis
1307 1283 1390 1306 sum
1414 1278 1449 1306 et
1472 1270 1626 1306 humilis
1648 1271 1778 1307 corde.

456 1328 608 1364 Annon
641 1328 709 1363 tihi
739 1328 892 1364 videtur
917 1336 1111 1378 potestate
1142 1328 1363 1375 latissimus⁷
1403 1329 1617 1364 humilitate
1653 1336 1777 1364 autem

456 1393 645 1436 angustus
676 1386 742 1435 qui
772 1399 856 1422 cum
881 1394 976 1423 esset
1010 1387 1102 1423 deus
1130 1394 1166 1423 et
1198 1387 1390 1423 Dominus
1425 1386 1637 1423 maiestatis
1669 1387 1782 1435 quasi

457 1444 569 1480 homo
592 1444 628 1480 in
644 1445 715 1480 hoc
729 1445 856 1481 seculo
873 1445 993 1481 voluit
1014 1445 1239 1494 apparere?
1260 1445 1311 1481 Et
1331 1457 1441 1494 quem
1466 1452 1567 1481 totus
1589 1456 1662 1480 non
1678 1445 1780 1494 capit
1795 1456 1837 1477 20

458 1503 636 1549 mundus,
668 1515 708 1539 se
730 1503 853 1551 ipsum
877 1503 978 1538 inter
1009 1503 1213 1553 angustias
1245 1504 1345 1539 uteri
1366 1503 1572 1553 virginalis
1595 1502 1778 1539 inclusit?

515 1561 568 1596 Et
610 1561 710 1597 alias
753 1561 986 1612 intelligitur
1030 1562 1206 1597 diabolus
1244 1569 1364 1610 porta
1404 1562 1483 1596 lata
1528 1568 1563 1596 et
1601 1560 1779 1597 Christus

457 1626 624 1669 angusta
657 1619 834 1668 quoniam
870 1620 1045 1656 diabolus
1077 1631 1208 1656 omnes
1236 1619 1406 1668 peccatis
1438 1619 1525 1655 inuo
1560 1615 1564 1671 Ι
1600 1619 1700 1655 lutos
1745 1627 1779 1655 et
1819 1618 1900 1663 399¹³

458 1677 677 1713 universam
719 1678 853 1713 mundi
887 1678 1082 1714 sarcinam
1121 1677 1336 1714 baiulantes
1368 1677 1504 1726 recipit
1542 1684 1577 1712 et
1609 1677 1711 1713 ducit
1742 1677 1778 1713 in

459 1742 636 1771 mortem.
694 1736 872 1771 Christus
923 1743 1049 1771 autem
1103 1748 1176 1772 non
1224 1736 1360 1785 recipit
1403 1735 1439 1770 in
1490 1747 1542 1781 se,
1595 1735 1669 1771 nisi
1715 1735 1834 1784 qui25

460 1794 633 1829 omnibus
649 1794 821 1842 peccatis
841 1806 881 1830 se
896 1794 1075 1830 exuerint
1097 1801 1132 1829 et
1150 1794 1397 1843 deposuerint
1412 1805 1561 1829 omnem
1579 1793 1775 1829 sarcinam

461 1851 595 1887 mundi
635 1859 669 1887 et
698 1852 804 1900 sacti
832 1852 989 1900 fuerint
1026 1852 1184 1888 subtiles
1220 1859 1256 1887 et
1292 1851 1528 1900 spirituales,
1568 1858 1608 1886 ut
1644 1851 1777 1900 quales

459 1909 605 1945 intrant
636 1910 672 1945 in
706 1911 903 1956 mundum,
938 1911 1034 1946 tales
1067 1917 1207 1946 exeant
1238 1911 1284 1945 de
1316 1911 1470 1945 mundo.

516 1968 652 2004 Adhuc
684 1969 785 2004 latus
819 1969 960 2004 dicitur
992 1968 1168 2005 diabolus
1200 1968 1377 2016 quoniam
1411 1967 1516 2016 apud
1554 1967 1663 2002 illum
1695 1967 1776 2003 sine

459 2026 546 2076 lege
566 2033 653 2061 sunt
675 2027 814 2062 omnia.
845 2027 1022 2062 Christus
1043 2034 1168 2062 autem
1197 2033 1399 2076 angustus,
1423 2025 1509 2074 quia
1531 2025 1599 2061 suh
1623 2025 1778 2060 racione
1793 2026 1834 2058 30

459 2085 557 2134 legis
599 2086 703 2133 apud
747 2097 831 2120 eum
864 2085 1043 2121 universa
1087 2085 1306 2120 consistunt.
1356 2083 1547 2132 Quicquid
1585 2083 1682 2119 enim
1721 2090 1776 2119 est

458 2143 538 2179 sine
570 2143 656 2193 lege
676 2143 842 2179 solutum
876 2151 943 2189 est,
974 2143 1074 2191 quod
1088 2150 1214 2179 autem
1248 2142 1315 2178 sub
1349 2142 1437 2192 lege
1468 2149 1533 2187 est,
1568 2149 1775 2191 angustum

459 2208 525 2236 est.
574 2201 640 2236 Via
679 2209 805 2237 autem
840 2201 1077 2249 perdicionis
1120 2208 1175 2237 est
1219 2200 1342 2237 omnis
1385 2200 1574 2248 iniquitas.
1620 2199 1778 2235 Dicitur

459 2267 585 2294 autem
625 2259 816 2308 spaciosa,
854 2259 940 2308 quia
983 2272 1055 2295 non
1095 2267 1149 2295 est
1187 2259 1287 2294 intra
1322 2259 1501 2308 regulam
1536 2257 1710 2293 ueritatis
1742 2264 1777 2292 et

461 2317 660 2366 discipline
697 2318 858 2363 inclusa,
895 2318 964 2353 sed
989 2329 1065 2366 per
1097 2318 1252 2353 diversa
1285 2317 1501 2352 carnalium
1537 2316 1775 2364 voluptatum
1793 2315 1832 2347 35

460 2376 610 2424 diffusa.
644 2376 697 2411 Et
727 2376 968 2411 ambulantes
1000 2376 1035 2410 in
1058 2387 1101 2410 ea
1134 2388 1207 2411 non
1239 2375 1342 2423 quod
1374 2375 1508 2410 debent
1540 2385 1674 2423 agere,
1707 2373 1778 2409 hoc

459 2441 594 2484 agunt,
627 2434 696 2469 sed
726 2435 829 2483 quod
861 2446 924 2469 eos
948 2433 1198 2469 delectaverit
1230 2434 1300 2468 lzoc
1331 2438 1552 2481 sequuntur.
1594 2432 1778 2467 Voluntas

460 2492 558 2527 enim
603 2504 735 2527 eorum
770 2492 835 2528 lex
866 2499 922 2527 est
960 2492 1148 2541 ipsorum,
1188 2498 1222 2526 et
1261 2503 1333 2527 non
1371 2490 1446 2539 ipsi
1474 2490 1541 2525 sub
1575 2490 1661 2540 lege
1690 2496 1779 2525 sunt

459 2550 528 2585 sed
560 2550 626 2585 lex
656 2550 723 2585 sub
757 2550 844 2587 illis.
880 2551 964 2586 Hec
998 2549 1283 2585 Crisostomus.

529 2659 555 2688 3.
577 2662 605 2688 A
631 2661 660 2688 in
689 2669 784 2695 marg.
797 2671 802 2688 :
837 2661 932 2688 Porta
958 2661 1082 2696 duplex.
1191 2660 1217 2693 ὃ,
1247 2668 1274 2695 ς).
1304 2659 1324 2685 Β
1338 2669 1343 2686 t
1376 2658 1592 2697 magnitudine
1618 2658 1776 2697 dilatatus.

462 2703 498 2722 12.
514 2697 559 2722 A:
575 2696 720 2731 superbia
736 2700 837 2723 aulem
853 2698 959 2726 natum
972 2696 1010 2722 B:
1025 2695 1170 2731 superbia
1187 2698 1233 2722 est
1244 2698 1353 2726 natus;
1364 2696 1454 2720 natus
1469 2697 1602 2720 correxlt
1616 2701 1645 2732 !¹¹
1662 2701 1776 2727 marga

461 2731 552 2757 latus.
574 2731 679 2757 Recte:
699 2731 843 2766 superbia
864 2731 963 2757 animi
981 2731 1087 2757 elatus.
1163 2729 1198 2758 15.
1214 2731 1258 2756 A:
1274 2728 1442 2763 Augustia.
1516 2735 1559 2763 19.
1574 2729 1602 2755 A
1616 2735 1646 2755 111
1662 2735 1776 2761 marga

460 2765 554 2792 Porta
570 2765 684 2800 duplex
697 2766 757 2792 uite
768 2765 960 2801 perdicionis
1044 2764 1081 2799 31,
1094 2763 1134 2791 32.
1152 2766 1195 2792 A:
1210 2767 1253 2791 est
1266 2765 1332 2791 sine
1346 2764 1416 2799 lege
1432 2779 1460 2782 -
1475 2763 1503 2789 le
1529 2771 1544 2789 e
1556 2762 1648 2789 deest.
1670 2762 1777 2802 Recte:

460 2800 528 2826 sine
548 2801 618 2836 lege
637 2802 770 2827 solutum
791 2803 844 2833 est,
867 2801 961 2827 latum
983 2803 1036 2826 est.
1122 2798 1167 2826 38.
1183 2801 1227 2826 A:
1243 2799 1322 2826 enim
1337 2798 1429 2825 deest.
1524 2804 1550 2832 9.
1566 2798 1610 2824 A:
1626 2797 1680 2824 sub
1692 2798 1777 2832 ipsis.

531 2860 562 2893 6.
591 2862 718 2893 Psalm.
746 2862 878 2901 CXVII,
913 2871 964 2892 20.
1063 2871 1094 2904 9.
1114 2859 1231 2892 Matth.
1249 2860 1288 2899 V,
1313 2860 1341 2891 3.
1445 2868 1492 2900 ¹7·
1512 2857 1704 2898 Matth.X1‚
1725 2867 1776 2900 29.
