2003 3322
106 787 187 829 391⁸

224 212 313 241 cAP.
335 203 461 257 xxvi]
708 215 920 248 SECUNDA
948 215 1075 247 PARS.

223 323 425 360 ultimum.
460 325 509 359 Et
541 322 607 358 illa
631 322 860 358 sollicitudo
884 334 954 370 per
977 321 1357 370 sophisticacionem
1389 321 1541 358 diaboli

225 390 262 418 et
308 380 586 417 infidelitatem
635 379 811 416 hominis
859 389 916 416 est
955 378 1194 417 communis.
1236 378 1276 416 Si
1317 378 1421 415 enim
1462 391 1543 415 non

225 439 487 475 deficeremus
521 438 561 474 in
594 437 671 474 fide
702 439 917 474 verborum
949 436 1095 474 Christi
1129 446 1165 473 et
1199 436 1376 473 doctoris
1410 436 1545 473 Criso—

223 497 357 543 stomi,
403 497 610 544 quomodo
650 498 755 532 Deus
789 508 869 532 non
910 503 1041 543 potest
1085 494 1124 530 in
1170 494 1386 531 necesariis
1430 507 1543 530 servo

191 554 294 590 Bsuo
321 554 503 599 deficere,
528 555 865 602 suspenderemus
890 552 1145 590 communius
1174 552 1214 588 in
1238 554 1321 588 Deo
1350 552 1543 588 sollicitu-

224 612 372 648 dinem.
426 613 503 648 Sed
542 624 775 648 mammona
822 620 878 648 est
925 619 1008 647 rete
1063 609 1213 647 diaboli
1252 611 1301 646 ad
1341 611 1443 646 hanc
1485 609 1543 645 in-

225 670 462 706 fidelitatem
508 678 544 705 et
589 669 917 717 desperacionem
964 668 1004 704 in
1050 668 1216 704 domino
1269 667 1543 710 introducens,

224 728 318 776 quia
356 727 396 763 in
433 727 562 764 verbis
602 727 772 763 dicimus
812 729 920 776 quod
964 728 1069 762 Deus
1108 739 1188 762 non
1226 734 1358 773 potest
1396 725 1436 761 in
1476 737 1544 761 ne-

225 785 405 822 cessariis
436 784 580 822 viatori
622 797 694 821 suo
727 785 834 821 fideli
863 784 867 834 ἱ
897 785 1080 830 deficere,
1122 793 1159 821 et
1196 792 1332 820 tamen
1371 783 1411 819 in
1450 796 1544 820 con—

171 854 341 880 losensu
380 843 580 879 credimus
620 844 728 891 quod
766 844 843 879 hoc
883 851 939 879 est
981 841 1304 889 deliramentum,
1345 854 1391 877 ac
1431 841 1462 877 si
1496 843 1544 877 de

224 901 296 938 Dei
328 900 587 949 providencia
620 909 783 948 propter
818 900 902 937 eius
932 899 1282 936 insensibilitatem
1306 899 1544 936 omnimode

224 960 493 1007 desperemus.

704 1071 843 1111 CAP.
876 1071 1063 1111 XXVI.

283 1167 470 1215 Sequitur
526 1167 566 1203 in
614 1175 721 1202 textu
775 1166 985 1214 evangelii:
1047 1167 1141 1210 Quis
1192 1174 1321 1202 autem
1372 1174 1543 1202 vestrum

171 1226 400 1276 15cogitans
427 1232 553 1274 potest
584 1225 739 1260 adicere
769 1225 821 1259 ad
850 1232 1042 1260 staturam
1075 1237 1184 1261 suam
1209 1225 1373 1260 cubitum
1399 1224 1546 1259 unum?

224 1284 277 1319 Et
319 1284 364 1319 de
411 1283 633 1319 vestimento
671 1282 763 1331 quid
799 1282 958 1318 solliciti
999 1283 1118 1318 estis?
1168 1282 1420 1319 Considerate
1464 1282 1545 1317 lilia

224 1341 328 1391 agri,
368 1341 558 1389 quomodo
590 1348 778 1386 crescunt,
813 1353 885 1376 non
926 1341 1106 1376 laborant
1138 1352 1255 1388 neque
1297 1348 1397 1378 nent.
1445 1340 1542 1376 Dico

224 1407 349 1435 autem
384 1399 490 1435 vobis
522 1398 698 1446 quoniam
738 1410 804 1434 nec
842 1399 1027 1434 Salomon
1061 1398 1096 1434 in
1136 1398 1264 1435 omnia
1302 1398 1435 1448 gloria
1473 1410 1543 1433 sua

224 1464 427 1505 coopertus
469 1464 525 1492 est
563 1456 660 1492 sicut
692 1469 806 1492 unum
841 1468 891 1492 ex
923 1457 1015 1493 istis.
1057 1456 1100 1491 Si
1129 1463 1253 1492 autem
1277 1456 1419 1504 senum
1452 1456 1547 1506 agri

168 1516 326 1564 zoquod
365 1514 478 1550 hodie
522 1522 578 1550 est
614 1522 649 1550 et
685 1526 774 1550 cras
819 1514 855 1549 in
903 1515 1093 1550 clibanum
1133 1514 1296 1550 mittitur
1339 1515 1447 1550 Deus
1489 1514 1544 1549 sic

225 1573 349 1619 vestit,
382 1579 523 1620 quanto
555 1571 684 1622 magis
717 1584 796 1618 vos,
829 1573 977 1608 modice
997 1571 1128 1621 fidei?

283 1631 410 1678 Super
443 1642 522 1678 quo
555 1629 819 1677 Augustinus:
865 1631 910 1665 Id
942 1637 1011 1675 est,
1051 1630 1158 1666 cuius
1196 1636 1388 1679 potestate
1431 1636 1544 1677 atque

225 1688 422 1724 dominatu
443 1688 600 1736 factum
635 1695 702 1733 est,
736 1695 776 1722 ut
797 1688 849 1723 ad
871 1688 969 1724 hanc
990 1695 1182 1724 staturam
1207 1699 1348 1736 corpus
1372 1694 1541 1723 vestrum

220 1747 523 1794 produceretur,
558 1745 637 1781 eius
665 1745 920 1794 providencia
954 1746 1073 1782 eciam
1108 1745 1244 1781 vestiri
1275 1752 1425 1794 potest:
1469 1757 1542 1780 non

169 1805 207 1836 25
226 1811 351 1840 autem
372 1816 465 1840 cura
491 1811 619 1839 vestra
634 1803 791 1851 factum
816 1811 883 1849 est,
917 1811 958 1839 ut
980 1804 1032 1840 ad
1054 1804 1152 1839 lianc
1174 1810 1366 1839 staturam
1392 1802 1543 1839 veniret

225 1874 367 1910 corpus
407 1869 592 1907 vestrum,
638 1873 689 1897 ex
727 1862 798 1897 hoc
837 1861 1006 1913 intelligi
1036 1868 1165 1911 potest
1203 1861 1304 1910 quod
1334 1861 1369 1897 si
1399 1860 1543 1897 curetis

225 1927 260 1955 et
292 1919 416 1955 velitis
447 1919 602 1955 adicere
640 1919 806 1955 cubitum
840 1932 955 1955 unum
989 1919 1076 1955 huic
1107 1926 1259 1955 stature
1290 1926 1428 1965 vestre,
1469 1930 1542 1954 non

220 1978 392 2026 potestis.
418 1977 480 2012 Illi
501 1989 598 2027 ergo
619 1984 655 2012 et
669 1977 826 2027 tegendi
848 1977 1024 2026 corporis
1045 1977 1246 2025 relinquite
1265 1989 1413 2022 curam,
1436 1976 1544 2012 cuius

226 2035 363 2071 videtis
396 2047 490 2071 cura
514 2035 672 2083 sactum
707 2047 800 2080 esse,
833 2042 873 2070 ut
895 2042 999 2071 tante
1019 2042 1169 2071 stature
1191 2046 1334 2083 corpus
1357 2033 1540 2070 habeatis.

169 2095 210 2127 30
282 2093 467 2128 Dandum
501 2099 628 2129 autem
663 2100 747 2128 erat
779 2093 899 2128 eciam
935 2093 1204 2128 documentum
1229 2099 1396 2141 propter
1428 2091 1541 2127 vesti-

225 2158 408 2195 mentum,
431 2150 528 2186 sicut
542 2151 673 2185 datum
698 2157 754 2186 est
765 2158 933 2199 propter
954 2150 1191 2186 alimentum.
1216 2150 1349 2198 Itaque
1370 2149 1544 2198 sequitur

226 2215 261 2244 et
293 2208 404 2244 dicit:
453 2208 706 2244 Considerate
746 2208 825 2244 lilia
865 2208 970 2258 agri,
1011 2208 1201 2256 quomodo
1240 2214 1428 2253 crescunt,
1469 2219 1541 2242 non

226 2266 405 2304 laborant
438 2277 555 2314 neque
587 2273 695 2301 nent:
726 2266 826 2302 Dico
858 2273 985 2301 autem
1020 2265 1126 2301 vobis
1149 2265 1235 2314 quia
1268 2277 1335 2301 nec
1358 2264 1542 2300 Salomon

226 2324 262 2359 in
295 2323 399 2359 omni
427 2323 560 2373 gloria
592 2335 660 2359 sua
693 2330 897 2373 coopertus
930 2331 998 2369 est,
1029 2323 1127 2359 sicut
1160 2335 1273 2358 unum
1298 2322 1465 2360 existis.
1502 2322 1546 2358 Si

194 2383 350 2417 5autem
381 2381 521 2429 fenum
561 2381 655 2430 agri
691 2382 792 2429 quod
832 2381 944 2417 hodie
982 2388 1038 2417 est
1076 2388 1110 2416 et
1148 2393 1237 2417 cras
1275 2381 1310 2416 in
1350 2380 1540 2416 clibanum

225 2439 392 2475 mittitur
424 2439 530 2474 Deus
560 2439 615 2474 sic
647 2439 771 2486 vestit,
804 2446 943 2487 quanto
976 2439 1104 2489 magis
1143 2451 1210 2474 vos
1248 2438 1398 2474 modice
1411 2438 1543 2488 fidei?

227 2498 304 2532 Sed
335 2497 401 2532 illa
436 2497 661 2532 documenta
690 2509 763 2532 non
789 2497 844 2532 sic
864 2497 1079 2546 allegorice
1105 2496 1349 2532 discucienda
1375 2503 1476 2541 sunt,
1502 2503 1542 2531 ut

225 2566 433 2603 queramus
460 2555 552 2603 quid
582 2554 800 2604 significent
833 2567 924 2590 aves
957 2554 1029 2590 celi
1058 2561 1124 2590 aut
1157 2554 1237 2589 lilia
1270 2554 1374 2605 agri.
1410 2553 1540 2589 Posita

170 2384 185 2416 Q:

298 2720 339 2746 19.
362 2711 480 2739 Codd.:
498 2719 525 2738 si
545 2711 635 2738 enim.
708 2719 751 2738 22.
773 2711 802 2738 A
822 2711 851 2737 in
868 2718 983 2745 marg:
1004 2710 1206 2747 Augustinus.
1280 2709 1324 2746 37.
1346 2711 1392 2738 A:
1413 2718 1469 2737 nec
1487 2709 1541 2737 sic.

302 2793 352 2824 ¹4·
377 2782 496 2814 Matth.
522 2784 579 2823 VI,
607 2784 753 2826 27—39.
850 2793 904 2814 20.
931 2783 982 2814 De
1009 2793 1171 2814 sermone
1191 2783 1331 2814 Domini
1359 2783 1393 2813 in
1410 2788 1542 2821 monte,

229 2829 249 2859 1.
277 2839 305 2860 c.
331 2840 363 2871 p.
392 2839 470 2860 220.

1338 2887 1402 2917 22÷÷

1754 205 1832 253 339

1599 1635 1787 1669 Augustine:

1569 1668 1614 1696 He
1633 1669 1705 1696 who
1725 1669 1816 1696 made

1581 1704 1631 1730 the
1652 1704 1733 1740 body
1753 1704 1813 1731 will

1569 1738 1699 1773 provide
1719 1739 1769 1766 for
1788 1739 1819 1766 it.

1576 2442 1633 2468 NVe
1654 2446 1737 2469 must
1757 2446 1809 2468 not

1573 2477 1652 2511 push
1674 2477 1807 2512 allegory

1631 2516 1684 2538 too
1704 2512 1760 2538 far.
