2062 3327
228 246 315 274 CAP.
336 236 403 289 ln]
743 247 883 279 PRlMA
910 247 1035 278 PARS.
1806 258 1828 293 9

227 355 452 392 humiliant.
488 356 535 390 Et
559 367 648 390 cum
671 353 915 401 Augustinus
946 354 985 389 in
1016 362 1191 389 tractatu
1214 353 1410 401 superiori
1444 353 1539 390 dicit
1589 366 1789 400 Augustine's

226 414 333 461 quod
371 413 567 448 secundus
606 413 753 448 abusus
794 420 850 447 est
887 411 921 447 si
956 423 1076 447 senex
1112 412 1192 447 sine
1234 411 1421 461 religione
1459 424 1540 448 esse
1571 403 1814 467 St‘fffinfnflfflffi·

225 471 453 516 inveniatur,
476 469 516 506 in
532 483 611 518 quo
633 478 798 517 peccato
821 469 1059 517 delinquunt
1081 468 1390 505 lamentabiliter
1412 469 1538 506 nostri
1606 473 1716 511 b¹1<21¹¹d
1740 474 1775 501 be

225 528 365 577 privati
389 527 573 575 religiosi,
596 540 732 576 ymmo
756 526 1023 563 communiter
1045 526 1171 563 nostri
1194 526 1428 575 presbyteri,
1446 540 1537 563 cum
1618 508 1756 577 diligibili

193 586 419 634 §presbiter
450 598 565 633 grece
603 594 717 621 sonat
750 584 790 621 in
823 584 1022 621 seniorem
1056 585 1190 621 latine.
1236 585 1358 630 Talis,
1393 584 1535 633 inquit,
1558 575 1650 605 Elder
1671 590 1702 601 Ξ
1724 580 1827 614 priest.

225 657 394 692 peccans
427 643 467 679 in
499 643 574 679 isto
606 644 783 679 secundo
827 644 953 679 abusu
992 655 1076 679 cum
1118 643 1289 679 membra
1329 643 1537 679 exterioris

225 702 387 738 hominis
428 708 670 738 veterascunt
723 708 758 737 et
807 701 908 737 vires
951 701 1081 748 animi,
1131 701 1171 737 id
1227 708 1295 744 est,
1340 701 1536 738 interioris

224 759 388 796 hom‘inis
420 759 591 796 membra
625 759 858 795 incrementa
882 759 1036 796 roboris
1067 772 1140 795 non
1173 759 1339 808 capiunt,
1363 767 1536 795 mentem

226 819 277 854 ad
308 817 515 854 interitum
548 825 749 865 preparat,
784 818 892 864 quod
926 826 983 854 est
1015 816 1154 853 abusio
1187 817 1535 864 condempnanda,

172 893 210 914 10
225 888 315 912 curn
349 875 492 911 florere
527 875 643 911 debet
675 874 801 922 magis
833 874 1059 920 virtutibus,
1094 883 1136 911 ut
1169 873 1310 911 mortis
1343 874 1538 911 terminus

224 933 535 981 appropinquat.
570 934 662 968 Ideo
697 931 793 968 dicit
816 933 1079 980 Augustinus:
1114 933 1209 969 Plus
1241 933 1414 968 omnibus
1447 933 1536 969 reli--

223 991 332 1042 gioni
362 1003 519 1040 operam
553 991 650 1026 dare
680 990 830 1027 senibus
852 992 1030 1040 competit
1060 1003 1170 1040 quem
1198 990 1392 1040 presentis
1422 991 1543 1027 seculi

214 1048 365 1100 florida
404 1056 483 1085 etas
523 1056 719 1084 transacta
759 1049 939 1084 deseruit.
989 1049 1095 1085 Sicut
1139 1061 1301 1098 namque
1343 1048 1379 1084 in
1423 1049 1540 1099 lignis

224 1108 306 1156 ipsa
339 1107 505 1156 reproba
537 1107 658 1142 arbor
679 1114 878 1156 comparet
899 1119 969 1155 que
987 1114 1077 1156 post
1098 1107 1225 1157 flores
1245 1107 1411 1155 fructus
1443 1107 1539 1156 opti-

173 1174 307 1206 15mos
338 1165 481 1201 cultori
521 1176 589 1200 suo
634 1177 705 1201 non
739 1164 914 1200 exhibet:
971 1165 1025 1201 sic
1067 1172 1102 1200 et
1146 1165 1181 1200 in
1215 1165 1429 1201 hominibus
1462 1165 1542 1214 ipse

225 1223 413 1272 reprobus
435 1230 501 1270 est,
534 1234 642 1271 quem
656 1222 737 1273 flos
760 1222 965 1259 iuventutis
997 1223 1159 1267 deserit;
1189 1230 1224 1258 et
1256 1230 1381 1258 tamen
1414 1223 1450 1258 in
1483 1223 1543 1259 sui

224 1281 401 1330 corporis
430 1287 620 1317 senectute
651 1281 837 1316 bonorum
870 1293 1029 1330 operum
1066 1288 1241 1317 maturos
1261 1281 1425 1329 fructus
1442 1293 1538 1330 pro-

214 1340 332 1387 ferre
358 1338 619 1387 parvipendit.
650 1338 753 1382 Quid
775 1339 872 1374 enim
894 1338 1071 1374 stolidius
1091 1339 1190 1388 fieri
1213 1346 1353 1387 potest,
1376 1338 1410 1374 si
1430 1351 1540 1376 mens

224 1397 276 1432 ad
308 1396 591 1445 perfeccionem
637 1408 709 1431 non
757 1397 960 1432 contendat
981 1397 1191 1445 festinare,
1235 1397 1386 1445 quando
1420 1396 1540 1433 tocius

169 1475 210 1495 20
224 1454 401 1503 corporis
429 1454 581 1490 habitus
608 1461 798 1490 senectute
820 1455 1015 1503 consectus
1037 1455 1089 1490 ad
1114 1454 1309 1490 interitum
1328 1461 1540 1504 properat:

108 1523 188 1564 3541»
225 1513 329 1548 Dum
375 1512 476 1548 oculi
517 1509 632 1561 cali!
672 1512 823 1562 ginant,
866 1512 974 1548 auris
1016 1512 1198 1563 graviter
1245 1513 1366 1559 audit,
1410 1513 1543 1561 capilli

214 1570 359 1620 fluunt,
381 1570 512 1619 facies
544 1570 580 1605 in
620 1570 815 1619 pallorem
856 1577 1041 1617 mutatur,
1087 1570 1217 1606 dentes
1248 1570 1350 1620 lapsi
1380 1582 1539 1606 numero

225 1628 460 1674 minuuntur,
494 1628 590 1663 cutis
612 1628 765 1675 arescit,
794 1628 896 1664 vires
919 1628 1109 1678 deficiunt,
1122 1628 1247 1679 flatus
1264 1640 1336 1664 non
1368 1629 1541 1664 suaviter

225 1686 311 1732 olet,
336 1685 520 1722 discrecio
548 1686 750 1732 evanescit,
768 1693 903 1735 pectus
925 1687 1150 1735 suffocatur,
1178 1686 1293 1722 tussis
1324 1686 1537 1732 cachinnat,

169 1754 349 1794 25genua
401 1743 608 1792 trepidant,
673 1744 773 1780 talos
819 1751 854 1780 et
912 1745 1032 1793 pedes
1078 1752 1208 1780 tumor
1260 1744 1381 1794 inflat,
1420 1744 1538 1780 eciam

225 1802 337 1837 homo
369 1801 532 1837 interior
563 1802 627 1850 qui
657 1814 728 1837 non
761 1802 933 1848 senescit,
978 1802 1037 1839 his
1069 1802 1242 1839 omnibus
1273 1809 1537 1852 aggravatur.

224 1859 277 1894 Et
320 1860 387 1895 hec
432 1859 558 1895 omnia
610 1860 802 1895 ruituram
847 1860 995 1908 iamque
1046 1862 1200 1896 domum
1246 1860 1424 1909 corporis
1466 1860 1539 1896 cito

220 1917 486 1966 prenunciant.
539 1916 644 1967 Quid
675 1930 771 1968 ergo
804 1926 992 1966 superest,
1027 1919 1100 1955 nisi
1130 1926 1170 1954 ut
1203 1919 1294 1954 dum
1322 1918 1434 1954 huius
1466 1918 1540 1954 vite

226 1976 397 2023 defectus
424 1975 667 2024 appropriat,
700 1976 795 2011 nihil
820 1975 927 2011 aliud
955 1976 1131 2027 cogitare
1163 1977 1271 2012 debet
1302 1988 1414 2025 quam
1448 1988 1537 2024 quo-

169 2047 210 2078 30
225 2033 338 2069 modo
360 2034 505 2081 sutura
537 2033 726 2069 habitacio
752 2046 945 2082 prospere
982 2034 1346 2083 comprehendatur,
1385 2034 1540 2083 quisque

224 2102 342 2126 senex
363 2090 548 2139 appetat?
578 2091 779 2127 Iuvenibus
807 2092 903 2127 enim
927 2092 1095 2128 incertus
1124 2092 1235 2128 huius
1257 2093 1331 2128 vite
1353 2092 1539 2128 terminus

225 2148 351 2194 instat,
383 2148 533 2184 senibus
565 2161 656 2185 vero
699 2149 843 2185 cunctis
889 2157 1065 2186 maturus
1097 2162 1147 2186 ex
1185 2150 1256 2186 hac
1299 2151 1382 2186 luce
1412 2150 1539 2186 exitus

227 2206 396 2242 breviter
426 2206 657 2255 applicatur.

281 2264 375 2299 Vult
405 2263 479 2300 iste
511 2272 669 2300 sanctus
704 2265 909 2301 consulere
940 2267 1060 2313 quod,
1095 2278 1186 2301 cum
1219 2265 1349 2301 omnis
1382 2264 1537 2301 christi-

170 2334 208 2368 35
226 2334 323 2357 anus
357 2322 473 2358 debet
504 2321 544 2357 in
577 2321 755 2358 moribus
788 2323 899 2371 sequi
923 2323 1124 2359 Christum
1158 2324 1229 2359 sub
1262 2335 1365 2371 pena
1399 2324 1537 2371 damp-

224 2378 404 2415 nacionis
437 2387 647 2427 attemptet
683 2381 785 2416 hanc
816 2381 1032 2429 sequelamv
1054 2393 1196 2429 capere
1225 2381 1378 2418 avidius
1411 2394 1536 2429 prope

228 2446 418 2483 mortem;
452 2446 489 2473 et
522 2438 593 2474 hec
626 2438 733 2474 racio
757 2451 880 2486 quare
904 2439 1159 2476 conversacio
1183 2438 1330 2475 Christi
1364 2448 1421 2475 est
1453 2447 1535 2475 tam

228 2496 367 2531 crebro
400 2495 440 2531 in
474 2495 676 2543 evangelio
710 2496 932 2544 explanata.
967 2498 1045 2533 Sed
1077 2498 1124 2534 de
1158 2498 1312 2534 duobus
1346 2496 1536 2533 membris

297 2695 322 2713 2.
352 2687 380 2713 A
406 2686 435 2712 in
458 2695 571 2720 marga
606 2685 749 2713 Secunda
778 2687 894 2714 abusio.
1040 2687 1065 2714 3.
1093 2689 1137 2715 A:
1169 2689 1408 2716 lamentabiliter
1439 2689 1532 2716 deest.

227 2728 255 2755 ς).
266 2721 363 2749 Codd.
376 2730 381 2747 :
395 2720 438 2747 ad
453 2722 601 2748 meritum.
669 2730 702 2749 11.
712 2722 779 2749 Ain
790 2729 886 2753 marg.
899 2731 904 2748 :
915 2721 1114 2757 Augustinus.
1189 2722 1226 2750 13.
1238 2724 1304 2750 Ain
1317 2732 1413 2758 marg.
1426 2734 1431 2751 :
1442 2723 1533 2751 Nota.

229 2764 270 2789 m,
292 2756 328 2783 15.
350 2754 529 2790 &fructus
549 2759 727 2791 oportunos.
802 2756 837 2784 15.
859 2757 895 2783 ss:
915 2760 944 2784 et
958 2762 1051 2784 deest.
1125 2758 1171 2785 26.
1187 2759 1274 2785 Atet
1286 2758 1375 2785 homo
1391 2758 1531 2786 interior.

228 2790 488 2825 33.Augusti11us:
510 2791 642 2818 breviter
661 2792 840 2818 concordat.
914 2792 959 2824 34.
981 2793 1009 2819 A
1029 2793 1059 2819 in
1082 2801 1195 2828 marg:
1216 2793 1416 2829 Augustinus.

301 2873 327 2893 1.
354 2863 538 2904 Augustini
565 2863 616 2895 De
643 2864 828 2895 duodecim
856 2864 1064 2896 abusionum
1091 2865 1266 2906 gradibus,
1292 2865 1313 2896 1.
1341 2876 1368 2896 c.
1395 2876 1428 2907 p.
1456 2875 1532 2898 211.
