2003 3322
213 208 302 239 CA12.
323 200 421 258 mx]
684 211 895 246 SECUNDA
924 211 1049 247 PARs.

213 333 345 358 veram
387 322 615 358 doctrinam.
674 321 757 365 Que
787 329 914 358 autem
959 335 981 357 a
1012 322 1151 371 spiritu
1179 322 1384 371 potestatis
1422 322 1525 359 aeris

211 380 449 415 tenebrosam
482 380 653 415 baiulant
685 392 836 428 aquam,
871 380 910 415 id
933 387 1001 427 est,
1024 380 1176 428 falsam
1201 388 1236 416 et
1257 380 1412 429 impiam
1438 382 1524 417 doc-

211 437 352 473 trinam
385 449 457 485 que
488 449 559 473 non
592 437 797 485 illuminat,
840 438 909 473 sed
953 438 1216 474 tenebrescere
1237 438 1343 486 facit
1380 446 1525 475 mentes

211 506 342 530 eorum
377 495 441 542 qui
469 495 680 544 suscipiunt
712 508 809 533 eam.

178 552 194 584 5
274 552 381 588 Venti
433 560 558 588 autem
609 560 696 588 sunt
739 564 790 588 ex
837 559 955 601 parte
997 552 1148 600 quidem
1194 553 1296 589 mala
1336 553 1526 589 immundi

209 609 381 658 spiritus,
412 610 477 659 qui
505 610 652 646 intrant
678 610 892 660 precordia
914 610 1110 646 hominum
1135 617 1170 646 et
1181 611 1307 660 flant:
1339 623 1390 647 ex
1406 619 1524 660 parte

209 674 335 703 autem
368 668 465 703 bona
496 668 658 717 spiritus
690 668 934 704 diversarum
968 668 1153 704 virtutum
1185 676 1274 704 sunt
1306 669 1366 704 vel
1392 669 1525 719 angeli

209 725 273 773 qui
302 725 544 761 invisibiliter
575 726 610 761 in
645 738 778 762 sensus
822 725 1017 762 hominum
1062 733 1276 774 operantur
1319 734 1354 762 et
1399 727 1523 762 addu-

208 789 296 817 cunt
328 783 379 818 ad
410 783 518 819 bona.
552 783 605 819 Et
637 784 724 819 vide
749 783 1031 833 proprietatem
1066 796 1219 819 rerum:
1269 784 1404 820 Pluvie
1430 797 1524 834 pro-

156 840 336 889 1oprium
370 847 426 876 est
457 841 612 877 mollire
643 848 678 877 et
709 842 873 888 solvere,
919 848 1122 877 ventorum
1166 848 1291 878 autem
1325 854 1409 878 cum
1444 842 1523 878 vir-

209 905 286 934 tute
318 910 475 948 urgere.
511 899 574 935 Sic
605 911 703 949 ergo
736 899 942 948 impiorum
976 899 1092 935 nubes
1114 899 1230 947 salsa
1251 911 1320 936 sua
1345 900 1521 936 doctrina

208 963 243 991 et
280 956 603 1004 promissionibus
640 956 817 992 molliunt
867 956 1039 993 homines
1089 963 1124 993 et
1175 957 1444 993 blandimentis
1489 965 1524 994 et

204 1013 518 1062 percussionibus
560 1014 726 1061 solvunt,
779 1014 955 1050 diabolus
996 1021 1122 1050 autem
1168 1014 1289 1050 intrat
1332 1015 1368 1051 in
1401 1016 1522 1051 corda

208 1083 341 1106 eorum
374 1072 484 1119 quasi
514 1079 647 1109 ventus
678 1079 713 1108 et
745 1072 986 1108 invisibiliter
1010 1078 1133 1122 'urget
1172 1073 1386 1109 consentire
1418 1085 1521 1109 men-

155 1128 192 1161 15
210 1129 329 1165 daciis
362 1140 499 1165 eorum'
528 1130 589 1166 vel
619 1130 655 1166 in
689 1137 816 1166 cetera
845 1136 1005 1179 peccata
1039 1130 1245 1179 compellit.

266 1186 330 1222 Sic
361 1194 396 1222 et
427 1187 463 1223 in
492 1195 607 1237 parte
649 1188 747 1224 bona
788 1195 918 1224 sancte
961 1188 1077 1224 nubes
1121 1187 1337 1224 doctrinam
1377 1187 1523 1224 iusticie

202 1245 441 1293 persuadent
483 1245 699 1282 hominibus
741 1253 777 1281 et
815 1245 1106 1282 racionabiliter
1131 1246 1302 1294 placant.
1356 1246 1524 1295 Spiritus

207 1309 332 1338 autem
366 1302 529 1339 Sanctus
562 1303 621 1339 vel
651 1303 785 1354 angeli
809 1303 921 1353 quasi
940 1303 1128 1353 prosperi
1149 1303 1250 1340 venti
1264 1311 1525 1353 properantes

207 1359 243 1395 in
275 1360 456 1396 cordibus
476 1361 634 1409 faciunt
685 1361 855 1397 homines
898 1361 1146 1410 adquiescere
1184 1361 1350 1398 veritati.
1418 1361 1524 1397 Sicut

152 1427 193 1449 20
206 1417 302 1454 enim
335 1430 407 1454 non
440 1426 495 1455 est
520 1419 703 1468 possibile
734 1426 774 1454 ut
812 1431 862 1455 ex
891 1419 974 1455 sola
991 1419 1127 1469 pluvia
1144 1419 1364 1469 fructificet
1395 1427 1517 1465 terra,

207 1475 281 1511 nisi
311 1475 505 1526 inflaverit
536 1489 653 1526 super
685 1489 767 1513 eam
802 1484 946 1519 ventus,
990 1477 1045 1513 sic
1076 1489 1149 1513 non
1187 1484 1243 1513 est
1269 1477 1453 1527 possibile
1484 1484 1525 1512 ut

205 1533 290 1569 sola
335 1534 510 1570 doctrina
555 1534 734 1585 corrigat
776 1534 978 1581 hominem,
1023 1535 1096 1571 nisi
1143 1542 1373 1584 cooperatus
1394 1534 1525 1584 fuerit

208 1591 376 1640 Spiritus
409 1593 572 1628 Sanctus
602 1592 638 1628 in
671 1593 789 1629 corde
821 1593 951 1642 ipsius.
986 1594 1069 1629 Hec
1103 1592 1386 1631 Crisostomus.

714 1751 854 1793 CAP.
886 1751 1015 1793 LIX.

151 1858 191 1890 25
265 1846 431 1883 Videtur
473 1846 568 1884 istos
601 1855 760 1884 sanctos
812 1856 850 1884 et
894 1846 1121 1896 specialiter
1153 1847 1260 1883 hunc
1297 1847 1520 1883 Johannem

207 1904 430 1953 intelligere
472 1917 542 1952 per
580 1904 657 1941 tria
696 1905 863 1941 domum
894 1905 1040 1942 viantis
1072 1904 1323 1950 infestancia‚
1369 1904 1522 1941 scilicet

207 1962 374 2010 pluvias,
408 1962 578 2000 flumina
610 1972 730 2011 atque
762 1971 913 2009 ventos,
947 1964 1025 1999 tria
1057 1962 1341 2011 temptacionis
1374 1975 1521 2010 genera

208 2032 286 2068 que
319 2020 562 2057 concuciunt
595 2020 806 2067 viatorem,
840 2020 895 2057 ita
928 2022 1037 2069 quod
1070 2033 1142 2069 per
1165 2020 1341 2069 pluviam
1377 2020 1521 2056 intelli-

206 2087 322 2125 gatur
373 2079 520 2127 dogma
570 2078 730 2126 nigrum
783 2078 1052 2115 hereticorum
1107 2087 1257 2115 mentes
1310 2077 1520 2114 hominum

151 2147 192 2178 30
206 2135 528 2172 dissolvencium.
569 2136 706 2172 Pluvia
738 2136 843 2172 enim
877 2138 1121 2185 quandoque
1154 2145 1269 2173 sonat
1301 2135 1340 2172 in
1374 2135 1522 2171 doctri-

205 2205 299 2230 nam
344 2194 584 2230 catholicam
630 2206 707 2242 que
756 2203 908 2231 mentes
954 2194 1130 2231 fidelium
1173 2194 1313 2242 irrigat
1351 2205 1421 2241 per
1464 2192 1522 2228 in-

206 2251 472 2288 struccionem
506 2252 767 2296 salutiferam,
806 2261 849 2288 ut
901 2252 1106 2300 proferant
1157 2252 1276 2289 flores
1328 2250 1521 2288 virtutum

205 2317 413 2357 tamquam
447 2322 626 2358 gemmas
664 2309 850 2357 nitentes,
895 2322 939 2346 ex
977 2310 1122 2359 quibus
1160 2310 1311 2346 fructus
1354 2320 1519 2356 operum

208 2367 453 2403 merencium
487 2367 777 2404 beatitudinem
811 2376 970 2416 oportet
1003 2369 1234 2416 procedere.
1269 2368 1521 2414 Quandoque

151 2433 191 2466 35
208 2433 338 2460 autem
373 2437 444 2473 per
477 2424 652 2473 pluviam
687 2425 988 2473 incorporatam
1023 2425 1062 2461 in
1094 2427 1199 2462 nube
1233 2424 1522 2472 distemperata

207 2481 443 2530 intelligitur
487 2485 634 2531 dogma
680 2483 949 2520 hereticorum
995 2485 1103 2532 quod
1149 2482 1330 2519 dissolvit
1375 2494 1397 2518 a
1444 2481 1521 2517 fide

207 2539 356 2576 Christi
392 2549 545 2577 mentes
579 2541 804 2577 hominum.
849 2543 1000 2578 Ventus
1033 2549 1168 2577 autem
1202 2540 1423 2577 secundum
1457 2551 1520 2575 or-

277 2768 305 2795 9.
327 2761 370 2788 A:
393 2761 433 2788 Et
450 2762 521 2788 vite.
608 2769 642 2789 ιι.
663 2762 707 2789 A:
729 2762 821 2789 nubes
831 2761 876 2797 fit
887 2769 942 2789 sua
956 2762 1111 2789 doctrina.
1180 2768 1223 2793 14.
1243 2761 1288 2788 A:
1304 2768 1410 2788 eorum
1425 2760 1518 2787 deest.

209 2803 248 2830 17.
269 2797 313 2822 A:
334 2796 511 2830 persuadet.
585 2795 627 2823 23.
648 2797 692 2823 A:
713 2797 846 2823 Sanctus
870 2796 969 2827 deest:
991 2796 1030 2823 ib.
1048 2796 1087 2822 B:
1107 2795 1174 2822 Hec
1196 2794 1401 2822 Crisostomus
1425 2795 1517 2821 deest(

210 2838 256 2864 24.
278 2830 300 2856 B
322 2830 351 2857 in
376 2838 488 2865 marg:
511 2830 568 2864 46.
658 2832 700 2858 25.
722 2833 749 2858 A
765 2832 793 2858 in
816 2839 932 2865 marg:
954 2831 1125 2857 Johannes.
1214 2830 1260 2863 34.
1285 2830 1321 2856 B:
1339 2830 1517 2864 precedere.

1573 573 1707 602 ‘Winds'
1729 582 1778 601 are

1539 608 1644 643 spirits
1671 608 1706 635 of
1731 609 1813 643 good

1613 652 1648 670 οι·
1668 644 1736 671 evil.

1572 1857 1778 1892 Chrysostom

1538 1892 1744 1919 understands
1772 1892 1812 1927 by

1537 1927 1614 1960 rain,
1645 1926 1728 1953 wind
1751 1927 1810 1953 and

1565 1960 1667 1988 floods
1689 1961 1775 1988 three

1605 1996 1695 2022 kinds
1715 1996 1750 2022 of

1576 2030 1769 2066 temptation.
