2003 3322
189 236 270 281 460
895 247 1012 279 opus
1037 247 1372 279 EVANGEL1CUM
1544 236 1653 290 [CAP.
1676 244 1784 273 Lvffl.

477 353 540 401 qui
571 353 764 403 edificavit
797 353 952 389 domum
997 365 1104 389 suam
1143 366 1264 402 supra
1299 361 1478 403 petram;
1523 361 1559 390 et
1592 354 1787 390 descendit

471 411 608 460 pluvia
631 418 667 447 et
690 418 876 447 venerunt
896 411 1064 461 flumina
1098 418 1133 447 et
1154 412 1358 462 flaverunt
1389 412 1491 448 venti
1528 419 1563 448 et
1585 412 1786 449 irruerunt

477 469 514 504 in
548 469 704 505 domum
738 469 845 505 illam
879 476 915 505 et
937 481 1010 505 non
1033 469 1188 505 cecidit:
1208 470 1383 519 fundata
1417 470 1515 506 enim
1548 477 1633 507 erat
1663 483 1784 520 supra

472 527 630 574 firmam
666 534 836 576 petram.
889 527 942 563 Et
974 527 1096 563 omnis
1137 528 1203 577 qui
1232 540 1280 563 au
1309 524 1314 580 1
1344 528 1399 563 dit
1431 528 1550 564 verba
1596 540 1679 564 mea
1714 529 1783 565 hec
1822 529 1906 572 403¹’

477 591 512 620 et
555 597 628 621 non
662 585 768 634 facit
812 598 856 622 ea
899 585 1037 621 similis
1081 586 1155 621 erit
1199 586 1283 622 viro
1326 585 1444 622 stulto
1488 586 1554 635 qui
1590 586 1818 636 edificavitS

477 643 632 679 domum
675 656 785 680 suam
837 655 958 693 supra
1011 656 1191 680 arenam:
1243 651 1279 679 et
1331 644 1526 680 descendit
1571 644 1705 693 pluvia
1751 652 1786 681 et

478 708 662 737 venerunt
702 701 873 752 flumina
925 709 961 738 et
1000 701 1204 751 flaverunt
1255 702 1358 738 venti
1407 709 1443 738 et
1493 702 1694 738 irruerunt
1746 702 1783 738 in

478 759 632 795 domum
666 759 772 795 illam
807 767 841 795 et
872 760 1007 796 cecidit
1039 767 1075 795 et
1097 760 1181 808 fuit
1213 759 1325 795 ruina
1358 760 1437 796 eius
1468 772 1625 810 magna.

204 812 443 874 Hssutggisitdigeon
536 818 666 865 Super
699 830 778 866 quo
811 817 1078 866 Augustinus:
1113 818 1200 854 Non
1234 818 1331 854 enim
1364 818 1519 867 quisque
1538 818 1682 868 firmat
1715 829 1785 866 que

207 880 257 907 the
278 881 353 908 rock
372 882 443 908 who
475 875 584 910 audit
617 876 677 910 vel
693 876 862 925 percipit
894 875 968 912 nisi
981 876 1182 924 faciendo.
1217 875 1271 911 Et
1301 876 1337 912 si
1360 883 1477 925 petra
1509 883 1565 912 est
1592 875 1783 922 Christus,
1805 887 1843 908 10

219 916 424 979 thffffsst‘{}}jass,
475 933 573 969 sicut
606 934 726 969 multa
758 934 1048 983 scripturarum
1094 934 1308 970 testimonia
1349 934 1569 983 predicant,
1609 933 1673 969 ille
1704 933 1782 969 edi-

462 991 564 1039 ficat
596 991 631 1026 in
671 992 828 1027 Christo
861 992 926 1040 qui
955 992 1057 1040 quod
1088 993 1133 1027 ab
1167 992 1233 1028 illo
1265 992 1374 1027 audit
1405 999 1441 1028 et
1460 992 1577 1040 facit.
1613 992 1784 1027 Descen-

476 1048 531 1084 dit
558 1047 708 1098 pluvia,
743 1057 929 1086 venerunt
950 1049 1133 1100 flumina,
1156 1049 1359 1100 flaverunt
1388 1050 1490 1086 venti
1517 1056 1551 1085 et
1583 1049 1785 1085 irruerunt

474 1107 510 1143 in
544 1107 699 1144 domum
732 1108 840 1144 illam
872 1115 908 1144 et
940 1120 1012 1144 non
1046 1108 1201 1152 cecidit;
1222 1107 1307 1156 fuit
1339 1108 1435 1144 enim
1457 1108 1632 1157 fundata
1663 1119 1784 1156 supra

472 1172 639 1214 petram.
686 1166 773 1202 Non
807 1166 930 1217 igitur
962 1166 1032 1202 iste
1063 1166 1197 1202 metuit
1234 1166 1335 1202 ullas
1381 1165 1617 1216 caliginosas
1647 1177 1783 1215 super·
1803 1166 1839 1199 15

474 1223 653 1260 sticiones
699 1224 809 1273 (quid
853 1224 950 1260 enim
995 1224 1104 1260 aliud
1147 1224 1380 1274 intelligitur
1422 1224 1568 1273 pluvia,
1615 1236 1699 1259 cum
1747 1223 1782 1259 in

476 1282 571 1317 mali
636 1282 798 1318 alicuius
868 1282 1157 1332 significacione
1214 1282 1392 1331 ponitur)
1472 1289 1538 1318 aut
1604 1293 1784 1317 rumores

475 1340 669 1376 hominum
716 1352 810 1389 quos
856 1340 977 1376 ventis
1019 1348 1268 1389 comparatos
1296 1347 1411 1389 puto:
1453 1347 1519 1375 aut
1558 1339 1634 1376 vite
1671 1339 1784 1375 huius

463 1397 646 1448 fluvium,
705 1398 929 1435 carnalibus
980 1398 1303 1449 concupiscenciis
1354 1406 1549 1447 tamquam
1595 1397 1784 1447 fluentem

472 1468 593 1505 supra
632 1463 803 1505 petram.
855 1456 1011 1493 Horum
1057 1456 1155 1493 enim
1200 1456 1318 1492 trium
1358 1456 1424 1505 qui
1449 1455 1783 1505 prosperitatibus
1802 1466 1843 1488 20

473 1514 685 1561 inducitur,
719 1514 1023 1551 adversitatibus
1046 1514 1275 1565 frangitur,
1322 1526 1485 1563 quorum
1520 1513 1615 1549 nihil
1653 1513 1785 1550 metuit

472 1572 537 1620 qui
557 1573 772 1621 fundatam
806 1573 918 1609 habet
951 1573 1106 1608 domum
1138 1572 1283 1608 scilicet
1311 1572 1541 1609 consciencie
1571 1583 1639 1607 sue
1668 1583 1786 1621 super

467 1637 638 1679 petram,
687 1630 728 1666 id
759 1638 826 1677 est,
872 1631 937 1679 qui
978 1643 1050 1666 non
1095 1631 1218 1666 solum
1260 1630 1368 1666 audit
1407 1637 1595 1679 precepta
1628 1629 1788 1666 Domini

470 1689 539 1724 sed
570 1689 688 1724 eciam
713 1689 831 1737 facit.
864 1689 951 1725 Non
975 1688 1073 1725 enim
1106 1688 1219 1724 habet
1240 1688 1375 1725 stabile
1396 1688 1716 1737 fundamentum,
1749 1687 1785 1724 si

472 1746 664 1782 audiendo
718 1754 752 1782 et
801 1759 873 1783 non
915 1747 1104 1796 faciendo
1157 1747 1309 1782 ruinam
1363 1746 1527 1796 edificat.
1582 1745 1645 1781 Ait
1696 1758 1784 1782 con-
1802 1746 1841 1779 25

473 1812 697 1853 sequenter:
735 1804 868 1841 Omnis
901 1805 966 1854 qui
986 1805 1095 1841 audit
1118 1805 1234 1841 verba
1259 1816 1342 1841 mea
1366 1811 1400 1840 et
1423 1817 1495 1841 non
1518 1804 1624 1853 facit
1646 1815 1688 1839 ea
1713 1811 1781 1840 etc.

475 1864 558 1899 Hec
590 1862 851 1910 Augustinus.

211 1929 434 1992 Chxrffisssttosmz
533 1920 805 1957 Crisostomus
839 1929 974 1957 autem
1008 1932 1126 1968 super
1160 1919 1236 1956 isto
1268 1928 1375 1956 textu
1408 1919 1464 1956 sie
1496 1919 1696 1968 loquitur:
1730 1919 1784 1955 Et

226 1999 366 2034 required
389 1999 423 2027 of
466 1978 701 2027 frequenter
745 1979 940 2015 miramur
986 1979 1072 2027 quia
1125 1978 1298 2015 homines
1349 1985 1415 2013 aut
1461 1977 1786 2027 promissionibus

201 2035 432 2096 songfsefiwiiffst
464 2036 570 2087 flexi
612 2044 677 2072 aut
721 2037 940 2073 terroribus
973 2036 1106 2085 fracti
1134 2043 1200 2072 aut
1227 2036 1545 2086 persuasionibus
1579 2035 1783 2083 falsorum
1802 2036 1844 2068 30

475 2095 677 2131 doctorum
724 2095 977 2131 circumventi
1019 2095 1236 2143 relinquunt
1269 2094 1371 2144 fidei
1413 2094 1613 2129 veritatem
1660 2101 1694 2130 et
1734 2094 1811 2129 ad‘

474 2153 714 2189 mendacium
749 2153 987 2203 infidelitatis
1019 2152 1319 2203 transmigrant.
1381 2151 1496 2194 Quod
1527 2158 1631 2187 certe
1661 2151 1695 2187 si
1726 2151 1787 2188 vel

473 2211 571 2247 hanc
616 2224 729 2247 unam
769 2211 918 2247 Christi
961 2211 1193 2247 sentenciam
1239 2217 1349 2246 caute
1394 2209 1703 2259 intelligeremus
1747 2216 1782 2245 et

475 2269 796 2316 recordaremur,
843 2281 1035 2318 nunquam
1080 2269 1127 2305 de
1159 2268 1386 2318 perdicione
1416 2267 1552 2303 talium
1586 2267 1784 2303 hominum

471 2334 728 2376 stuperemus.
789 2327 993 2371 Quomodo
1027 2327 1126 2363 enim
1161 2333 1390 2375 permaneat
1424 2326 1530 2375 apud
1562 2325 1688 2361 Deum
1722 2324 1841 2373 qui35

474 2397 666 2433 nunquam
712 2385 816 2421 stetit
859 2385 895 2421 in
934 2385 1121 2421 Christo?
1172 2384 1247 2420 Aut
1284 2384 1477 2433 quomodo
1516 2390 1643 2420 teneat
1675 2383 1783 2419 illum

474 2443 618 2479 veritas
668 2443 734 2492 qui
768 2448 969 2491 'nunquam
1014 2443 1132 2478 tenuit
1178 2442 1411 2478 veritatem?
1472 2442 1546 2477 Aut
1592 2441 1784 2490 quomodo

473 2508 601 2537 servet
646 2513 730 2537 eum
764 2501 914 2537 iusticia
960 2501 1024 2549 qui
1067 2500 1257 2537 iusticiam
1293 2513 1365 2537 non
1397 2499 1602 2536 servavit?
1652 2498 1786 2535 Omnis

542 2678 576 2703 ιι,
599 2677 635 2696 12.
658 2669 696 2696 B:
728 2670 783 2696 iste
802 2668 953 2704 edificent.
1029 2667 1065 2702 13,
1090 2677 1131 2701 14.
1153 2667 1192 2695 B:
1214 2670 1244 2695 et
1261 2667 1459 2704 offenderunt
1488 2667 1518 2694 in
1540 2666 1661 2694 domum
1690 2667 1785 2694 illam.

473 2712 511 2736 17.
534 2704 650 2731 (lodda
673 2704 736 2731 nisi
755 2706 818 2731 aut.
900 2711 945 2736 24.
969 2704 1011 2730 A:
1033 2702 1087 2730 sed
1105 2702 1240 2739 etfacit.
1373 2702 1418 2729 28.
1440 2703 1467 2729 A
1488 2702 1517 2729 in
1540 2710 1653 2737 marg.:
1683 2700 1786 2729 Criso-

470 2741 595 2766 slomus.
704 2737 746 2765 35.
774 2738 812 2766 B:
834 2740 918 2773 apud
941 2738 1103 2765 Christum.

538 2821 569 2853 9.
597 2811 648 2842 De
674 2820 836 2841 sermone
856 2810 996 2841 Domini
1025 2810 1058 2840 in
1086 2816 1205 2841 monte
1231 2809 1253 2840 1.
1280 2819 1308 2840 c.
1335 2819 1367 2850 p.
1397 2807 1473 2840 236.
1574 2818 1623 2840 11.
1652 2807 1673 2838 1.
1703 2807 1786 2839 Cor.

469 2857 508 2896 X,
535 2867 567 2897 4.
666 2856 718 2888 26.
747 2856 865 2887 Matth‘
894 2857 964 2895 VH,
994 2855 1046 2887 26.
1145 2859 1199 2887 2&-
1227 2856 1293 2897 Op.
1320 2855 1405 2896 Imp.
1432 2854 1454 2885 l.
1481 2864 1508 2885 c.
1536 2864 1567 2895 p.
1595 2852 1674 2886 832.
