2062 3327
202 267 249 292 10

244 1301 304 1329 We
326 1307 408 1329 must

269 1345 398 1371 prepare

221 1373 378 1399 oui-solves
399 1372 445 1399 for

216 1407 307 1434 death
330 1407 442 1441 during

302 1441 362 1469 life.

200 1778 283 1814 Why
304 1778 409 1807 Christ
429 1778 454 1805 is

222 1814 286 1841 said
309 1819 339 1841 to
360 1821 436 1848 epen

240 1849 286 1876 his
307 1850 424 1876 mouth.

223 2193 243 2212 1.
266 2186 399 2213 Because
419 2185 441 2212 it

216 2229 279 2247 was
301 2220 356 2247 His
377 2221 439 2247 tirst

202 2255 305 2290 public
326 2263 461 2282 sermon.

906 254 1024 286 OPUS
1042 254 1379 285 EVANGELICUM
1614 242 1719 295 [CAP.
1742 251 1795 278 lV.

483 362 598 397 debet
643 361 764 397 homo
808 373 934 408 prope
980 368 1151 396 mortem
1197 360 1388 408 precipue
1432 373 1657 407 precavere.
1706 361 1796 396 Ideo

483 418 578 455 dicit
610 418 854 466 Augustinus
888 420 995 466 quod
1027 419 1194 455 cavende
1215 425 1303 454 sunt
1328 418 1473 454 homini
1504 419 1577 454 due
1603 418 1798 467 particule

484 476 596 512 valde
623 476 853 525 periculose,
888 488 957 525 que
989 476 1024 511 in
1066 476 1169 512 illius
1201 488 1317 512 carne
1349 488 1421 512 non
1456 483 1697 512 veterascunt
1728 477 1797 512 sed

481 541 601 570 totum
634 534 823 570 hominem
857 534 1017 570 subdole
1049 534 1101 569 ad
1126 541 1329 583 peccatum
1364 534 1536 579 trahunt,
1591 546 1659 569 cor
1692 533 1795 570 vide-

482 592 568 628 licet
599 599 635 627 et
667 592 815 641 lingua⁷
860 592 946 640 quia
992 604 1060 627 cor
1102 604 1255 641 semper
1299 604 1417 628 novas
1462 592 1719 642 cogitaciones
1763 592 1831 627 et5

483 662 601 686 vanas
618 650 835 686 machinari
856 662 928 685 non
958 649 1107 697 desinit,
1140 650 1274 700 lingua
1310 650 1478 700 impigre
1505 662 1549 685 ac
1578 649 1799 685 balbuciare

482 708 745 757 quodcumque
767 707 984 743 machinari
1003 708 1165 744 senserit
1187 708 1311 744 minus
1328 707 1494 756 provide
1516 708 1676 743 tacenda
1695 707 1796 744 dicit.

487 765 631 801 Caveat
650 777 747 815 ergo
767 765 897 802 senilis
917 773 998 801 etas
1012 778 1057 802 ne
1079 766 1147 802 iste
1168 766 1448 802 iztvenescentes
1464 766 1659 815 particule
1679 773 1797 802 totam

480 823 541 859 sui
570 824 786 859 armoniam
804 823 995 873 decipiant
1026 831 1061 859 et
1087 836 1162 872 per
1194 836 1256 859 res
1282 823 1429 873 ineptas
1453 823 1592 872 reliqui
1621 824 1799 873 corporis

479 881 716 931 gravitatem
746 894 791 917 ne
819 881 995 917 illudant.
1046 881 1253 930 Unicuique
1282 893 1443 930 namque
1475 881 1796 917 considerandum
1818 893 1857 913 10

480 946 535 975 est
557 939 648 987 quid
679 946 777 975 etate
808 939 987 976 eminenti
1012 939 1172 990 dignum
1205 939 1273 975 sit:
1305 947 1339 976 et
1371 940 1442 975 hoc
1474 947 1569 990 agat
1600 940 1702 988 quod
1732 951 1799 976 nec

482 997 597 1033 vitam
631 1010 697 1033 nec
730 1005 867 1033 etatem
900 1009 966 1033 nec
999 997 1252 1033 ministerium
1287 998 1475 1046 deturpet.

539 1056 622 1091 Hec
655 1055 838 1092 doctrina
886 1054 1003 1091 huius
1047 1054 1173 1092 sancti
1208 1054 1570 1104 proporcionaliter
1603 1056 1653 1091 ad
1687 1055 1798 1092 audi-

481 1112 629 1149 torium
663 1122 1023 1162 quantumcunque
1055 1114 1196 1161 longus
1220 1113 1309 1150 finis
1341 1113 1459 1150 fuerit
1492 1113 1672 1159 dilatari;
1707 1126 1795 1149 cum

483 1170 651 1219 quilibet
695 1173 811 1208 debet
856 1172 1014 1208 assidue
1059 1171 1268 1208 addiscere
1312 1171 1399 1208 istic
1444 1171 1546 1208 mori
1591 1181 1627 1208 et
1672 1174 1854 1220 propexfi

484 1238 655 1266 mortem
689 1242 850 1266 necesse
874 1231 993 1266 habet
1026 1229 1147 1266 vitam
1173 1242 1285 1267 suam
1311 1228 1611 1267 conversacioni
1645 1229 1798 1266 domini

484 1287 610 1324 nostri
642 1289 732 1324 Jesu
767 1288 913 1324 Christi
948 1288 1001 1332 (in
1046 1297 1241 1336 quantum
1276 1294 1421 1337 potest)
1467 1289 1609 1324 devote
1642 1288 1799 1324 confor-

485 1358 609 1382 mare.
644 1347 737 1382 Ideo
776 1345 865 1382 felix
898 1355 956 1382 est
994 1346 1071 1383 ista
1109 1346 1293 1383 doctrina
1332 1360 1407 1395 que
1450 1345 1596 1382 sufficit
1635 1345 1797 1382 cuilibet

485 1403 723 1450 christiun03
769 1417 842 1440 nec
887 1414 945 1440 est
990 1404 1177 1453 possibile
1223 1405 1325 1441 hanc
1370 1405 1575 1453 sequelam
1615 1404 1796 1452 accipere

483 1461 523 1497 in
546 1462 686 1499 mortis
709 1461 880 1498 articulo
913 1462 988 1498 nisi
1012 1471 1178 1511 perante
1211 1462 1251 1499 in
1275 1463 1437 1511 sequela
1466 1475 1623 1498 morum
1648 1461 1796 1498 Christi
1814 1473 1856 1494 20

484 1521 606 1557 homo
639 1520 758 1557 fuerit
791 1529 984 1559 assuetus,

1018 1656 1156 1698 CAP.
1189 1656 1269 1697 IV.

540 1764 733 1801 Ultimum
781 1774 913 1801 autem
963 1766 1127 1802 verbum
1175 1764 1291 1801 huius
1341 1764 1538 1813 prohemii
1585 1765 1639 1801 sic
1691 1777 1798 1801 com-

481 1823 630 1871 pletur:
664 1824 717 1858 Et
739 1823 917 1872 aperiens
949 1835 990 1859 os
1022 1836 1131 1859 suum
1164 1823 1324 1859 docebat
1355 1835 1418 1859 eos
1452 1823 1591 1859 dicens.
1628 1824 1683 1858 De
1717 1835 1797 1870 quo

480 1882 601 1917 verbo
647 1890 820 1930 querunt
866 1881 981 1916 multi
1028 1881 1310 1927 communiter,
1363 1894 1452 1917 cum
1498 1881 1646 1916 nullius
1690 1880 1855 1916 verbi25

481 1938 638 1975 addicio
683 1939 763 1976 sive
809 1939 1036 1975 subn-accio
1081 1948 1188 1975 caret
1237 1939 1458 1975 ministerio
1503 1938 1542 1974 in
1586 1938 1797 1986 scriptura,

482 2010 606 2045 quare
640 1997 703 2034 hie
737 1997 903 2033 dicitur:
937 1997 1124 2046 Aperiens
1157 2010 1198 2033 os
1229 2010 1339 2033 suum
1374 1997 1531 2033 docebat
1563 2009 1625 2033 eos
1658 1997 1798 2042 dicens⁷

483 2068 572 2091 cum
607 2064 746 2092 notum
781 2055 830 2091 sit
862 2057 984 2103 quod,
1018 2055 1059 2091 in
1092 2064 1287 2103 quantum
1325 2055 1412 2104 quis
1441 2054 1619 2103 loquitur
1658 2056 1797 2091 huma-

481 2113 603 2160 nitus,
638 2127 681 2150 os
714 2126 831 2149 suum
865 2113 1032 2161 aperiat.

540 2172 616 2207 Sed
651 2172 713 2208 hic
747 2171 893 2207 dicitur
915 2180 1165 2219 assumptum
1190 2180 1397 2219 tamquam
1423 2170 1681 2215 catholicum,
1707 2183 1799 2206 con-
1817 2175 1858 2206 30

483 2230 661 2266 cedendo
695 2231 803 2277 quod
838 2238 894 2265 est
928 2242 1048 2266 causa
1074 2229 1262 2265 notabilis
1293 2228 1450 2277 quesiti,
1484 2228 1515 2265 si
1549 2228 1636 2276 quis
1669 2228 1796 2276 ipsam

484 2297 765 2335 cognosceret3
801 2296 837 2323 et
870 2287 926 2324 sic
958 2297 1037 2323 tres
1071 2296 1162 2323 sunt
1202 2300 1319 2324 cause
1353 2299 1450 2335 quas
1494 2286 1608 2322 multi
1642 2285 1704 2322 hic
1738 2299 1797 2322 as-

483 2345 655 2393 signant.
692 2345 825 2381 Primo
859 2358 947 2381 cum
997 2345 1069 2382 iste
1102 2358 1234 2382 sermo
1279 2344 1328 2381 sit
1362 2345 1514 2393 primus
1547 2353 1583 2381 et
1615 2344 1798 2392 publicus

483 2416 601 2451 quem
638 2403 820 2440 Christus
866 2405 913 2439 de
958 2404 1043 2451 lege
1089 2403 1221 2451 gracie
1255 2403 1487 2451 predicavit,
1533 2414 1693 2438 necesse
1725 2401 1798 2438 fuit

483 2462 655 2509 quedam
689 2463 808 2498 verba
841 2461 1016 2497 inserere
1049 2474 1119 2509 per
1159 2474 1236 2509 que
1275 2460 1391 2497 huius
1437 2460 1532 2508 legis
1565 2459 1854 2496 notabilitas35

484 2519 679 2567 impressa
713 2520 811 2556 foret
855 2519 1082 2567 signancius
1133 2518 1376 2565 christiani53
1427 2527 1463 2554 et
1503 2531 1593 2555 cum
1627 2530 1797 2566 persone

556 2707 575 2725 1.
599 2700 759 2733 p1·ecipue;
782 2698 821 2724 B:
844 2699 980 2733 inaynue
1000 2698 1165 2733 (maynue.>
1188 2698 1242 2732 sic)
1262 2706 1431 2732 precavere
1534 2705 1559 2724 2.
1581 2699 1608 2724 A
1630 2697 1658 2724 in
1681 2705 1794 2732 marga

485 2734 684 2767 Augustinus.
747 2734 773 2760 δ’.
785 2735 810 2759 Α
822 2742 827 2759 z
841 2734 1100 2760 inveterascenteaa
1165 2733 1192 2763 8,
1203 2741 1231 2765 ().
1247 2734 1266 2759 Β
1278 2743 1282 2760 :
1297 2737 1483 2760 tntamsuam
1492 2732 1625 2759 dilatari
1635 2740 1674 2758 sc.
1687 2736 1795 2766 potest.

487 2768 511 2795 15
536 2769 572 2795 1¹1:
596 2769 726 2795 discere.
802 2775 839 2827 ιζ.
857 2770 893 2794 Λ;
909 2769 1010 2795 nostri
1030 2783 1057 2787 —
1076 2768 1184 2794 devote
1199 2767 1291 2794 deest.
1366 2776 1412 2796 21-
1429 2770 1455 2794 Α
1472 2769 1499 2793 in
1523 2775 1636 2800 marg:
1662 2766 1796 2801 Ques-tia.

486 2811 529 2837 27.
548 2804 584 2829 13:
601 2811 655 2829 cur
674 2803 731 2829 liic.
806 2803 850 2830 10.
877 2803 901 2829 A
924 2803 952 2829 iu
976 2810 1089 2837 murga
1112 2802 1287 2837 Responsio.
1361 2802 1402 2829 335.
1426 2803 1452 2828 Α
1474 2802 1502 2828 in
1525 2809 1639 2835 murga
1662 2809 1683 2828 ι,

559 2884 586 2904 2.
614 2875 634 2905 l.
662 2885 689 2905 c.
719 2885 795 2915 pag.
825 2885 900 2905 211.
1000 2884 1051 2914 24.
1079 2873 1196 2906 Matth.
1225 2875 1263 2913 V,
1293 2884 1321 2904 2.
