2003 3322
190 217 280 245 CAP.
300 208 470 262 xxxva]
694 219 834 250 PRIMA
862 218 988 250 PARS.

625 333 764 374 CAP.
798 332 1066 374 XXXVII.

249 442 519 479 Crisostomus
543 450 677 477 autem
702 452 823 488 super
845 440 921 476 isto
945 449 1054 477 textu
1079 439 1136 477 sic
1158 439 1359 488 loquitur:
1394 441 1506 477 Nunc

189 500 320 551 incipit
352 500 552 536 ostendere
584 507 619 536 et
652 500 790 536 docere
822 511 892 547 que
922 506 1009 535 sunt
1040 498 1197 535 minima
1236 498 1302 534 illa
1344 511 1505 548 quorum

188 558 419 596 solucionem
455 558 689 607 predixerat
734 568 815 593 esse
854 557 1139 606 periculosam:
1191 556 1318 604 Scitis,
1362 557 1505 606 inquit,

157 617 276 665 5quia
310 616 452 652 dictum
486 623 543 652 est
574 615 760 664 antiquis:
804 615 891 651 Non
931 615 1101 661 occides;
1143 627 1215 665 ego
1254 622 1380 651 autem
1421 616 1506 651 dico

191 675 316 711 vobis:
363 674 406 710 Si
443 674 526 722 quis
564 674 690 710 iratus
719 672 850 721 fuerit
884 672 1008 712 fratri
1042 685 1111 710 suo
1149 673 1229 709 sine
1267 685 1384 709 causa
1417 685 1507 710 reus

190 732 265 768 erit
298 732 449 768 iudicio.

246 790 331 827 Hec
362 789 536 839 implecio
570 789 670 840 legis
707 789 917 826 secundum
950 789 1106 825 modum
1150 788 1304 826 vivendi
1338 790 1505 826 secunda

189 855 258 895 est,
297 860 341 884 ac
380 848 414 884 si
450 848 661 884 intenderet
692 847 746 884 sic
779 847 848 883 iste
879 854 1055 883 sanctus:
1099 847 1289 895 Implecio
1323 847 1506 896 decalogi

137 921 175 942 10
190 907 409 942 secundum
444 918 604 942 sensum
638 905 834 942 literalem
869 917 1126 942 communem
1160 914 1218 941 est
1247 904 1378 953 prima
1409 905 1506 954 legis

190 963 392 1013 implecio,
440 963 674 1001 observacio
710 975 806 1000 vero
847 963 1024 1000 eiusdem
1064 963 1245 1011 decalogi
1284 965 1506 1000 secundum

190 1022 379 1059 alciorem
414 1021 659 1058 sentenciam
694 1022 782 1070 plus
815 1021 1057 1069 profundam
1098 1030 1155 1058 est
1193 1023 1370 1058 secunda
1409 1021 1506 1070 legis

189 1079 390 1128 impleeio,
425 1092 545 1128 quam
571 1092 661 1116 cum
686 1079 868 1116 Christus
890 1079 995 1126 fecit,
1030 1088 1141 1127 patet
1164 1080 1272 1128 quod
1295 1092 1377 1116 non
1400 1079 1506 1117 venit

189 1138 316 1186 legem
341 1139 493 1175 solvere
516 1139 586 1174 sed
609 1137 790 1186 implere.
820 1138 906 1173 Non
930 1137 1041 1184 enim,
1065 1137 1195 1186 inquit
1219 1137 1505 1185 Crisostomus‚

137 1198 245 1232 15est
281 1196 430 1232 Christi
467 1196 691 1231 mandatum
732 1195 970 1232 contrarium
1009 1195 1091 1246 legi
1126 1196 1195 1232 sed
1232 1196 1354 1232 lacius
1392 1208 1504 1245 quam

191 1253 267 1290 Iex.
303 1254 533 1290 Mandatum
569 1254 666 1290 enim
696 1253 844 1289 Christi
874 1254 909 1289 in
941 1265 982 1290 se
1013 1261 1113 1290 tenet
1145 1254 1270 1304 legem
1305 1254 1505 1298 inclusam,

191 1312 258 1348 lex
289 1319 415 1348 autem
450 1324 522 1348 non
555 1319 653 1348 tenet
681 1311 830 1347 Christi
859 1311 1096 1347 mandatum.
1138 1312 1215 1356 Qui
1245 1324 1342 1362 ergo
1375 1312 1507 1361 implet

195 1370 344 1407 Christi
374 1370 570 1416 mandata,
604 1369 718 1406 tacite
750 1370 786 1405 in
819 1369 872 1406 eis
904 1369 1038 1419 implet
1070 1377 1105 1406 et
1144 1369 1254 1420 legis.
1304 1370 1405 1405 Nam
1445 1370 1509 1418 qui

190 1440 263 1464 non
296 1428 493 1475 irascitur,
527 1428 647 1464 multo
680 1428 808 1478 magis
843 1440 914 1464 non
948 1427 1107 1472 occidit;
1138 1428 1203 1476 qui
1223 1434 1350 1464 autem
1375 1428 1508 1477 implet

134 1499 176 1521 20
190 1486 290 1536 legis
313 1486 551 1533 mandatum,
585 1498 657 1522 non
681 1486 832 1522 omnino
856 1485 988 1534 implet
1011 1493 1046 1522 et
1073 1485 1231 1522 Christi.
1265 1487 1508 1535 Frequenter

189 1544 287 1580 enim
320 1544 433 1580 homo
467 1557 539 1580 non
573 1543 712 1580 occidit
739 1551 906 1593 propter
938 1544 1117 1580 timorem
1161 1544 1339 1591 vindicte,
1379 1551 1506 1580 tamen

189 1602 393 1647 irascitur;
432 1602 537 1638 vides
569 1614 668 1652 ergo
701 1602 788 1650 quia
821 1602 887 1638 lex
918 1601 1074 1651 impleta
1113 1609 1168 1638 est
1200 1614 1276 1651 per
1313 1602 1506 1652 graciam,

189 1672 261 1697 non
293 1660 457 1696 sublata.
492 1660 641 1696 Deinde
673 1672 739 1696 nec
771 1660 851 1696 sine
880 1660 1073 1696 mandatis
1095 1659 1154 1696 his
1182 1659 1330 1696 Christi
1344 1668 1508 1709 possunt

189 1725 295 1754 stare
327 1718 426 1769 Iegis
449 1718 643 1754 mandata.
680 1718 783 1754 Nam
805 1718 840 1754 si
860 1718 1095 1754 concedatur
1118 1718 1276 1754 licencia
1300 1718 1505 1765 irascendi,

135 1778 173 1811 25
192 1776 310 1812 datur
347 1783 381 1812 et
421 1788 534 1812 causa
570 1776 767 1812 homicidii
791 1775 982 1824 faciendi.
1017 1776 1085 1812 Ex
1119 1776 1179 1811 ira
1213 1776 1311 1812 enim
1348 1776 1505 1812 homici-

193 1834 295 1870 dium
352 1841 579 1884 generatur.
655 1834 762 1870 Tolle
824 1841 951 1870 autem
1010 1834 1109 1870 iram
1168 1841 1203 1870 et
1260 1834 1505 1870 homicidium

191 1904 263 1928 non
284 1892 349 1942 fit.
395 1892 528 1928 Omnis
565 1892 662 1928 enim
701 1892 765 1941 qui
801 1892 986 1928 irascitur
1008 1892 1143 1940 fratri
1177 1904 1245 1929 suo
1277 1892 1358 1928 sine
1390 1905 1505 1929 causa

191 1957 371 1998 quantum
398 1951 450 1985 ad
472 1951 706 1986 voluntatem
739 1963 847 1986 suam
882 1951 1000 1986 eciam
1034 1950 1280 1986 homicidium
1294 1950 1412 1999 facit,
1437 1951 1509 1987 etsi

191 2019 263 2043 non
286 2008 434 2056 fecerit
461 2016 628 2058 propter
667 2016 821 2044 metum.
867 2008 958 2045 Ideo
998 2009 1112 2044 dolor
1149 2009 1300 2057 quidem
1340 2021 1412 2044 non
1451 2016 1507 2045 est

134 2069 176 2101 30
192 2065 305 2102 dolor
348 2066 448 2113 talis,
492 2066 813 2114 quemadmodum
853 2066 888 2101 si
913 2067 1070 2115 factum
1101 2066 1260 2115 fuisset,
1303 2073 1504 2116 peccatum

190 2130 316 2160 autem
340 2124 416 2160 tale
438 2131 493 2160 est
515 2124 726 2160 irascentis.
752 2124 841 2160 Ideo
864 2124 1057 2161 Johannes
1080 2125 1116 2160 in
1140 2125 1321 2160 canonica
1345 2125 1505 2174 epistola

189 2193 258 2217 sua
293 2182 404 2230 dicit.7
453 2182 528 2226 Qui
563 2182 643 2218 odit
671 2182 849 2230 fratrem
889 2195 999 2218 suum
1040 2183 1120 2219 sine
1159 2194 1274 2219 causa
1314 2182 1505 2218 homicida

190 2246 257 2275 est.
299 2240 390 2275 Vide
421 2240 652 2289 sapienciam
691 2239 848 2276 Christi.
891 2240 1028 2276 Volens
1060 2241 1262 2277 ostendere
1302 2241 1388 2289 quia
1427 2240 1507 2289 ipse

190 2304 246 2332 est
277 2297 385 2333 Deus
416 2298 480 2346 qui
509 2298 716 2346 aliquando
749 2305 803 2333 est
837 2298 986 2334 locutus
1017 2305 1052 2334 et
1084 2299 1120 2334 in
1154 2299 1241 2349 Iege
1267 2306 1302 2334 et
1325 2298 1389 2347 qui
1409 2310 1507 2334 nunc

135 2356 175 2389 35
190 2355 349 2391 mandat
381 2355 418 2391 in
440 2356 580 2406 gracia
607 2356 705 2392 illud
735 2356 961 2392 mandatum
985 2357 1087 2404 quod
1118 2364 1206 2392 ante
1239 2356 1365 2393 omnia
1398 2369 1505 2392 man-

192 2413 282 2449 data
309 2413 439 2462 posuit
471 2414 506 2449 in
540 2414 638 2464 lege,
672 2414 711 2449 id
741 2413 864 2462 ipsum
906 2415 1130 2450 mandatum
1158 2414 1302 2464 posuit,
1341 2421 1376 2450 et
1407 2426 1506 2450 nunc

191 2470 226 2506 in
254 2471 448 2520 principio
481 2472 753 2507 mandatorum
787 2484 945 2508 suorum
980 2472 1016 2508 in
1044 2472 1186 2521 primis
1223 2472 1411 2521 scriptum
1451 2479 1506 2508 est

260 2650 287 2679 8.
307 2653 336 2679 Α
355 2651 386 2678 in
408 2659 522 2686 marg:
551 2651 768 2679 Crisostomus.
877 2658 918 2687 19.
940 2651 977 2679 B:
1007 2660 1062 2679 nec
1088 2652 1209 2680 occidit.
1318 2650 1362 2680 23.
1385 2652 1423 2679 B:
1451 2660 1507 2680 nec

191 2686 286 2713 deest.
358 2693 405 2719 24.
426 2687 469 2713 A:
492 2685 570 2714 Nam
590 2686 765 2713 concedam.
844 2686 886 2713 25.
908 2687 946 2714 B:
970 2690 998 2714 et
1007 2686 1165 2723 faciendi.
1239 2694 1283 2722 27.
1303 2688 1347 2715 A:
1368 2695 1429 2715 non
1448 2688 1508 2720 sit,-

191 2721 233 2782 idb.
244 2719 351 2782 fgatrl
368 2728 424 2748 suo
444 2721 545 2754 deest;
567 2721 588 2748 B
599 2730 605 2748 :
617 2719 726 2757 fratri
736 2728 792 2748 suo
806 2723 844 2748 et.
918 2721 962 2749 28.
979 2721 1016 2749 B:
1033 2725 1061 2749 et
1074 2722 1282 2749 homicidium.
1357 2720 1402 2749 36.
1417 2723 1462 2750 A:
1478 2724 1510 2749 et

214 2763 263 2782 ees
281 2776 286 2782 .

263 2849 293 2870 2.
320 2839 387 2881 Op.
413 2839 561 2881 Imperf„
589 2839 609 2871 l.
636 2850 663 2871 c.
690 2851 723 2882 p.
750 2839 827 2883 795.
925 2841 977 2873 31.
1003 2840 1080 2872 Joh.
1108 2840 1161 2881 111,
1194 2841 1243 2872 15.

1323 2899 1371 2935 Q÷÷

1545 443 1779 481 Chrysostom’s

1573 486 1740 509 comment.

1557 1201 1689 1229 Christ's
1711 1202 1769 1229 law

1543 1237 1773 1272 comprehends

1536 1280 1622 1299 more
1641 1273 1714 1300 than
1735 1273 1785 1300 the

1590 1308 1641 1335 old
1661 1308 1730 1335 law.
