2003 3322
204 197 293 225 CAP.
313 188 475 243 xxxvl]
691 200 904 233 SECUNDA
931 200 1058 232 PARS.

201 307 292 343 bene
330 307 500 343 docendo
536 306 739 343 scienciam
779 304 974 359 inferant;
1010 308 1146 344 melius
1183 315 1311 344 autem
1352 308 1513 344 vivendo

201 365 392 411 timorem,
430 365 515 413 quia
553 365 654 401 sales
684 371 770 401 sunt
802 373 921 412 terre,
971 366 1190 402 condientes
1227 366 1398 402 homines
1436 367 1511 403 vite

199 435 267 460 sue
304 423 482 471 exemplo
522 430 557 459 et
594 423 696 459 luces
733 430 833 470 sunt,
879 423 1064 460 doctrinis
1102 423 1374 462 illuminantes.
1419 424 1514 468 Quis

199 487 326 517 autem
360 480 494 516 audiat
530 480 637 516 illum
678 481 894 517 docentem:
932 481 1009 526 Qui
1037 493 1077 518 se
1109 482 1244 531 ipsum·
1271 494 1343 518 non
1376 482 1515 518 audit?

168 539 290 575 §Ideo
324 538 414 574 dicit
445 539 496 574 ad
528 550 657 575 omnes
683 538 869 588 precipue
900 547 1026 576 tamen
1059 540 1111 576 ad
1142 540 1341 576 doctores:
1383 540 1515 576 Nolite

200 597 385 643 iudicare,
429 604 470 632 ut
507 609 579 633 non
619 596 859 642 iudicemini;
899 597 1079 647 quoniam
1118 597 1153 634 si
1189 598 1326 634 doctor
1364 610 1514 634 memor

199 655 249 691 sit
299 654 436 691 iniurie
485 661 521 690 et
565 654 713 691 doloris
759 662 794 691 et
838 655 1065 692 memoriam
1111 655 1261 691 malicie
1306 664 1435 693 servet
1476 656 1512 692 in

199 712 341 757 anima,
391 712 557 749 solvitur
607 720 708 749 totus
755 713 910 750 ecclesie
952 720 1088 761 status,
1138 713 1219 750 sive
1269 714 1320 750 ad
1364 721 1513 763 tempus

200 771 385 820 respicias
421 770 687 819 apostolorum
725 770 806 807 sive
843 771 895 807 aa'
926 772 1066 807 Deum.
1121 772 1225 808 Tunc
1262 771 1359 808 enim
1400 771 1514 821 (sicut

147 828 385 879 10legimus)
425 828 587 878 difficile
624 829 773 877 aliquos
812 830 1084 866 convertebant
1120 830 1173 865 aa'
1192 829 1317 880 fidem
1356 829 1514 877 Christi,

200 886 274 923 nisi
303 886 423 922 multa
450 893 683 936 paterentur
713 887 760 923 ab
792 887 897 936 ipsis.
930 888 1032 923 Nam
1056 887 1165 936 quasi
1193 887 1337 924 lassato
1361 888 1514 925 diabolo

199 952 235 981 et
281 944 428 981 devicto
476 956 551 993 per
593 945 861 993 sufferenciam
914 957 1047 981 eorum
1092 945 1248 982 nimiam
1298 958 1415 995 usque
1464 946 1516 982 ad

199 1010 363 1039 mortem
396 1009 431 1039 et
463 1001 698 1051 relinquente
730 1003 851 1039 corda
873 1003 1068 1053 fidelium,
1101 1011 1136 1040 et
1158 1003 1234 1040 iam
1258 1016 1331 1040 non
1355 1004 1516 1041 habente

200 1061 380 1097 virtutem
413 1059 579 1110 amplius
610 1072 673 1097 eos
704 1073 875 1105 armare,
915 1062 1118 1098 accedente
1147 1061 1287 1112 gracia
1319 1062 1397 1099 Dei
1426 1074 1514 1099 con-

146 1119 450 1155 15vertebantur
481 1118 533 1154 ad
570 1118 783 1155 Christum.

258 1176 301 1212 Si
341 1189 438 1227 ergo
483 1188 672 1213 memores
704 1177 877 1226 fuissent
927 1177 1159 1213 iniuriarum
1213 1189 1307 1226 quas
1345 1178 1515 1227 fuerant

193 1234 304 1284 passi
316 1235 362 1271 ab
380 1234 446 1281 eis,
469 1247 674 1284 numquam
696 1246 759 1271 eos
775 1236 1024 1284 postmodum
1046 1235 1083 1271 in
1105 1235 1269 1272 caritate
1283 1236 1513 1283 docuissent,

200 1304 404 1341 numquam
463 1305 527 1329 eos
584 1292 745 1329 libenter
793 1293 845 1328 ad
885 1293 1009 1345 fidem
1069 1293 1218 1329 Christi
1260 1294 1510 1343 postmodum

200 1350 442 1399 recepissent.
489 1350 566 1386 Sed
597 1358 632 1386 et
664 1363 761 1387 nunc
801 1363 885 1387 cum
908 1352 1144 1400 frequenter
1176 1352 1355 1389 doctores
1394 1353 1510 1401 offen-

143 1421 184 1442 20
200 1408 344 1444 dantur
375 1421 396 1444 a
436 1408 544 1445 laicis
581 1408 661 1445 sive
697 1409 794 1445 iuste
824 1409 905 1445 sive
936 1408 1084 1456 iniuste,
1119 1409 1270 1446 diabolo
1302 1410 1513 1446 seminante

199 1466 416 1503 occasiones
436 1466 472 1503 si
493 1478 684 1503 memores
704 1466 781 1503 sint
808 1467 946 1503 iniurie
973 1474 1009 1503 et
1031 1467 1179 1504 doloris
1206 1475 1325 1504 totam
1359 1468 1513 1504 solvunt

199 1524 411 1562 ecclesiam.
458 1524 559 1560 Nam
604 1524 668 1560 ubi
709 1525 935 1561 recordacio
979 1525 1118 1561 iniurie
1167 1533 1234 1562 aut
1281 1526 1430 1563 doloris
1475 1526 1512 1562 in

199 1582 323 1618 medio
374 1589 441 1629 est,
494 1594 567 1618 non
613 1582 750 1619 doctor
788 1583 1057 1620 benevolenter
1101 1584 1211 1620 docet
1263 1584 1401 1620 laicum
1447 1596 1514 1620 nec

198 1640 359 1676 libenter
390 1652 474 1676 eum
507 1640 628 1676 laicus
659 1641 864 1679 auscultat.
904 1641 957 1677 Et
989 1642 1126 1677 doctor
1146 1641 1323 1691 forsitan
1363 1642 1424 1678 vel
1461 1642 1513 1678 in-

141 1700 180 1733 25
198 1698 299 1734 vitus
349 1698 476 1747 aperit
527 1710 568 1734 os
617 1710 728 1734 suum
781 1699 832 1734 ad
883 1699 1111 1746 docendum,
1165 1699 1287 1736 laicus
1337 1712 1422 1736 cum
1465 1700 1515 1736 sit

198 1756 351 1792 omnino
388 1756 469 1792 sine
512 1756 588 1792 Dei
624 1756 764 1793 timore
800 1769 867 1793 nec
906 1769 1023 1806 usque
1071 1758 1123 1793 ad
1152 1758 1277 1808 finem
1316 1765 1514 1794 contentus

198 1821 253 1850 est
292 1826 376 1850 eum
413 1813 563 1860 audire,
602 1815 671 1850 sed
706 1826 892 1851 converso
931 1815 1138 1866 egreditur
1170 1816 1287 1853 dorso
1327 1823 1362 1852 et
1399 1828 1439 1853 se
1478 1823 1513 1852 et

197 1871 305 1907 illum
337 1883 521 1921 spernens
551 1878 586 1908 et
616 1885 657 1908 se
687 1872 854 1922 amplius
885 1885 998 1922 quam
1033 1874 1166 1921 alium,
1198 1874 1267 1910 sed
1298 1886 1370 1911 non
1401 1874 1514 1911 sentit

197 1929 323 1965 anime
358 1941 426 1966 sue
464 1930 703 1979 dispendium
742 1931 924 1980 efferatus
959 1927 1057 1968 sicut
1095 1943 1162 1968 nec
1199 1932 1318 1968 bestia
1356 1932 1513 1969 irritata

142 1990 183 2022 30
199 1988 337 2024 vulnus
369 1988 405 2023 in
437 2000 478 2024 se
497 1988 644 2038 fixum.

258 2045 343 2081 Hoc
394 2045 604 2094 capitulum
653 2046 781 2082 Lucas
824 2046 1081 2097 Evangelista
1134 2048 1210 2084 late
1247 2048 1512 2097 prosequitur,

199 2103 348 2139 dicens:
392 2104 523 2140 Nolite
561 2104 736 2139 iudicare
764 2110 810 2155 ,et
849 2117 921 2141 non
954 2105 1234 2151 iudicabimini;
1277 2106 1393 2142 nolite
1424 2118 1511 2142 con-

198 2161 410 2210 dempnare
432 2169 467 2197 et
489 2174 561 2198 non
585 2162 978 2210 condempnabimini;
1000 2163 1177 2200 dimittite
1199 2171 1233 2200 et
1256 2163 1511 2210 dimittemini,

199 2219 287 2254 date
317 2226 352 2255 et
384 2219 539 2255 dabitur
570 2219 696 2264 vobis;
738 2231 958 2256 mensuram
992 2221 1127 2257 bonam
1163 2229 1198 2257 et
1229 2222 1445 2270 confertam
1478 2230 1514 2258 et

141 2281 181 2315 35
198 2276 432 2327 coagitatam
471 2284 702 2313 commotam
740 2279 1077 2329 supereffluentem
1127 2279 1269 2315 dabunt
1307 2279 1342 2315 in
1387 2279 1511 2316 sinum

199 2341 381 2370 vestrum.
420 2335 570 2371 Eadem
605 2347 785 2372 mensura
817 2348 889 2385 qua
922 2337 1046 2373 mensi
1063 2337 1242 2385 fueritis,
1281 2337 1511 2374 remecietur

199 2392 315 2428 vobis.
361 2392 413 2428 Et
453 2393 535 2442 quis
572 2393 620 2429 sit
659 2393 723 2430 ille
759 2394 825 2443 qui
860 2407 933 2431 non
973 2395 1129 2442 iudicat,
1173 2395 1257 2444 quis
1288 2402 1414 2432 autem
1448 2396 1512 2445 qui

268 2555 294 2583 2,
314 2547 340 2576 3.
361 2549 405 2576 A:
427 2549 566 2577 homines
586 2565 617 2569 —
638 2550 848 2578 illuminantes
868 2551 962 2579 deest.
1036 2560 1126 2586 9—11.
1143 2551 1260 2581 Codd.:
1286 2553 1371 2581 Tunc
1384 2554 1464 2581 enim
1478 2570 1512 2574 —

197 2583 272 2616 ipsis
291 2583 384 2611 deest.
405 2583 534 2611 Addidi.
644 2592 681 2612 12.
703 2585 747 2612 A:
768 2585 920 2613 devincto.
1031 2594 1069 2621 12,
1091 2586 1128 2615 13.
1150 2587 1190 2615 B:
1211 2595 1304 2624 usque
1322 2588 1364 2616 ad
1381 2591 1511 2617 mortem

199 2617 293 2645 deest.
402 2617 439 2645 13.
461 2620 505 2646 A:
526 2618 705 2653 infidelium.
806 2627 848 2654 19.
869 2620 908 2647 B:
931 2624 961 2648 et
979 2621 1071 2648 deest.
1171 2630 1211 2657 21,
1233 2630 1276 2650 22.
1297 2623 1342 2651 A:
1363 2625 1458 2651 totam
1478 2639 1512 2643 —

196 2652 316 2679 doloris
336 2653 436 2687 deest3
459 2653 480 2680 Β
496 2653 526 2680 in
542 2661 639 2688 marg.
655 2654 749 2681 addit.
822 2654 866 2682 23.
886 2655 926 2683 B:
947 2656 1172 2684 benevolenter.
1246 2665 1293 2691 24.
1311 2657 1351 2685 ss:
1366 2659 1510 2686 ascullat.

198 2693 243 2721 27.
265 2687 302 2714 B:
328 2690 359 2714 et
380 2696 412 2714 se
437 2688 531 2715 deest.
640 2688 684 2715 28.
713 2689 757 2716 A:
788 2692 819 2716 et
842 2698 905 2717 esse
928 2691 1068 2725 amplius.
1176 2690 1219 2719 33.
1247 2693 1291 2720 A:
1321 2692 1446 2720 Dimitte
1471 2696 1509 2720 et.

198 2719 307 2783 {2313}
329 2723 423 2783 Agl-et
442 2723 634 2758 coagilatam
655 2723 749 2751 deest.
822 2723 864 2752 35.
886 2725 923 2752 B:
946 2725 1194 2760 superfluentem.
1267 2726 1314 2761 36,
1330 2726 1374 2762 37.
1390 2727 1429 2755 B:
1452 2736 1509 2756 me-

268 2765 276 2783 ι
314 2765 350 2784 νο
386 2766 407 2783 s.

269 2817 322 2849 31.
351 2817 432 2849 Luc.
459 2818 515 2858 VI,
543 2819 596 2860 37,
624 2818 676 2852 38.

1540 1186 1568 1214 If
1584 1186 1633 1213 the
1653 1187 1788 1222 apostles

1571 1221 1630 1249 had
1652 1222 1722 1258 kept
1742 1231 1759 1250 a

1538 1256 1655 1292 grudge
1675 1257 1796 1292 against

1630 1292 1709 1319 their

1571 1331 1764 1361 persecutors

1535 1361 1606 1397 they
1626 1361 1715 1389 could
1739 1366 1792 1390 not

1527 1395 1603 1423 have
1623 1404 1694 1423 won
1719 1396 1801 1424 them

1553 1434 1584 1458 to
1603 1431 1654 1458 the
1676 1430 1777 1459 Faith.
