2062 3327
211 217 299 245 CAP.
320 208 392 261 vr]
719 220 859 252 PRIMA
885 219 1011 251 PARS.

210 333 334 361 autem
359 325 519 361 dixisset
551 325 651 360 beati
680 325 842 361 humiles
872 325 1024 374 spiritu,
1056 325 1173 360 nichil
1202 325 1368 374 amplius
1398 325 1518 375 signi-

197 383 358 431 ficasset
389 394 500 431 quam
534 382 706 418 humiles.
753 383 864 418 Nunc
895 390 1021 419 autem
1060 390 1095 418 et
1127 382 1289 418 humiles
1321 389 1355 418 et
1385 394 1518 418 secun-

210 441 299 476 dum
330 440 455 489 fidem
494 440 655 476 humiles
686 447 721 476 et
763 440 1017 490 intelligentes
1054 438 1153 477 unde
1195 440 1244 476 sit
1284 440 1518 476 adiutorium

210 498 381 534 hominis.
423 498 519 533 Sunt
557 498 653 534 enim
693 498 805 533 multi
838 498 1071 534 naturaliter
1114 497 1276 533 humiles
1314 497 1453 546 spiritu
1486 505 1520 533 et

177 556 282 591 5non
334 567 385 591 ex
422 555 529 603 fide;
583 562 617 590 et
667 556 762 592 tales
815 568 887 592 non
935 556 1094 605 pulsant
1136 555 1372 591 adiutorium
1426 555 1522 599 Dei;

210 613 274 661 qui
308 620 433 649 autem
471 613 677 649 secundum
705 614 828 663 fidem
869 613 1031 649 humiles
1066 620 1154 649 sunt
1192 620 1227 648 et
1266 613 1520 663 intelligentes

211 671 299 706 dum
344 671 454 706 nimis
491 671 622 706 timent
667 671 713 706 de
755 684 795 707 se
843 671 1078 707 adiutorium
1124 671 1201 706 Dei
1238 671 1400 719 pulsare
1447 683 1518 706 non

209 735 367 764 cessant.

265 785 378 822 Talia
410 794 501 821 sunt
524 786 651 823 multa
675 787 780 822 dicta
814 787 861 822 de
885 785 962 822 fide
985 785 1182 834 scripture
1215 794 1252 822 et
1284 793 1516 821 sanctorum

157 843 440 879 1otestimonio
484 856 560 892 que
604 855 694 880 vere
739 843 955 880 humilitati
999 845 1059 880 vel
1091 843 1321 892 paupertati
1355 842 1517 891 spiritus

209 910 375 948 possunt
421 902 610 938 alludere.
657 903 738 938 Nec
777 902 943 937 dubium
989 901 1084 950 quin
1119 901 1301 938 Christus
1335 901 1403 949 qui
1444 901 1519 937 ista

209 958 345 995 docuit
377 959 515 996 habuit
548 972 724 995 summas
757 959 961 1007 primicias
986 971 1061 1008 que
1094 961 1144 995 ad
1168 959 1360 996 virtutum
1395 959 1519 995 excel·

208 1017 356 1053 lencias
395 1016 661 1065 pertinebant.
707 1019 755 1053 Et
799 1017 855 1053 sic
899 1019 1224 1066 quandocunque
1269 1029 1349 1053 non
1395 1017 1518 1053 claret

209 1074 390 1111 fidelibus
435 1075 632 1123 scripture
675 1077 853 1111 notanda
898 1075 1104 1112 diversitas
1148 1076 1209 1112 vel
1242 1074 1427 1111 codicum
1461 1075 1518 1110 in-

155 1132 409 1169 15correccio
441 1134 501 1169 vel
544 1133 770 1181 linguarum
804 1133 1066 1179 variancium,
1111 1132 1351 1170 indiscrecio
1383 1133 1444 1169 vel
1476 1145 1519 1168 ex

208 1199 373 1238 peccato
434 1191 606 1239 Spiritus
650 1191 785 1227 Sancti
830 1190 1110 1228 instruccionis
1156 1190 1332 1227 defeceio
1378 1199 1435 1226 est
1479 1190 1520 1226 in

209 1260 341 1295 causa,
375 1248 468 1297 quia
492 1248 644 1296 primus
677 1250 845 1297 loquens
869 1249 1050 1285 Christus
1074 1251 1180 1285 Deus
1215 1257 1251 1285 et
1284 1250 1405 1285 homo
1439 1261 1519 1284 non

208 1315 338 1354 potest
370 1306 411 1342 in
443 1319 560 1342 sensu
592 1307 652 1343 vel
685 1319 869 1343 sermone
904 1307 1085 1344 deficere.

733 1453 871 1495 CAP.
904 1454 985 1495 VI.

150 1580 192 1602 20
267 1561 370 1607 Quia
393 1574 535 1610 parum
559 1562 722 1609 prodest
755 1560 870 1597 nobis
892 1560 1092 1597 viantibus
1116 1559 1226 1608 loqui
1250 1560 1297 1596 de
1330 1560 1518 1596 laudibus

209 1619 444 1656 humilitatis
475 1619 551 1655 nisi
574 1618 832 1655 habuerimus
856 1618 938 1655 eius
962 1631 1085 1666 opera
1117 1627 1236 1666 atque
1269 1617 1394 1665 signa,
1428 1617 1518 1654 ideo

208 1679 257 1713 ad
289 1678 536 1714 noscendum
569 1676 601 1713 si
635 1676 760 1713 simus
805 1689 895 1713 vere
938 1675 1107 1712 humiles
1155 1677 1203 1712 de
1236 1675 1333 1724 ipsis
1366 1674 1517 1723 aliquid

207 1744 264 1771 est
295 1735 556 1783 loquendum.
598 1734 712 1771 Ponit
745 1743 878 1771 autem
918 1733 1206 1771 Lincolniensis
1244 1733 1285 1769 in
1324 1734 1518 1770 Sermone

208 1793 321 1829 Beati
363 1805 556 1842 pauperes
610 1792 748 1841 spiritu
797 1793 922 1828 multa
973 1791 1085 1840 signa
1136 1803 1226 1828 vere
1281 1791 1519 1828 humilitatis

152 1858 279 1899 25pe1·
323 1863 399 1899 que
444 1851 579 1887 fideles
625 1859 791 1898 possunt
835 1862 1000 1886 noscere
1048 1849 1079 1885 si
1125 1849 1252 1898 ipsam
1295 1848 1520 1887 habuerint.

216 1909 323 1956 Vere,
354 1908 498 1957 inquit,
532 1908 686 1944 humilis
718 1908 798 1944 istis
828 1908 952 1958 signis
991 1908 1224 1953 dinoscitur;
1254 1907 1288 1943 si
1318 1914 1521 1956 correptus

208 1979 229 2002 a
267 1966 415 2002 iuniore
451 1979 523 2002 non
570 1966 815 2016 dedignetur,
860 1967 894 2002 si
936 1978 1008 2002 non
1053 1965 1255 2002 insolescat
1299 1965 1520 2011 honoribus,

207 2024 241 2060 si
270 2036 342 2060 non
375 2024 546 2060 elevetur
576 2031 612 2060 et
644 2024 853 2060 delectetur
889 2024 968 2060 suis
1002 2024 1191 2067 laudibus,
1222 2023 1257 2059 si
1286 2035 1359 2059 non
1393 2023 1521 2059 reddit

208 2082 351 2117 malum
380 2094 456 2131 pro
489 2082 590 2117 malo
624 2082 684 2118 vel
714 2082 959 2118 maledictum
978 2094 1054 2130 pro
1085 2081 1287 2117 maledicto
1319 2082 1388 2117 sed
1413 2093 1520 2116 econ-

153 2149 194 2180 30
209 2140 332 2175 trario
365 2140 573 2183 benedicat,
605 2140 639 2175 si
669 2139 768 2175 inter
790 2140 988 2188 coequales
1006 2139 1161 2188 primus
1183 2146 1238 2175 est
1270 2139 1305 2174 in
1339 2151 1454 2188 opere
1485 2145 1520 2174 et

209 2197 365 2233 ultimus
396 2197 431 2233 in
464 2197 610 2242 ordine,
638 2197 792 2246 primus
823 2197 859 2232 in
893 2197 1025 2233 labore
1056 2204 1091 2233 et
1122 2197 1278 2232 ultimus
1309 2196 1344 2232 in
1378 2196 1519 2245 requie,

205 2255 358 2304 primus
384 2255 419 2290 in
443 2255 695 2291 ministrando
718 2262 753 2291 et
775 2255 930 2291 ultimus
951 2255 986 2290 in
1011 2255 1278 2301 recumbendo,
1306 2254 1341 2290 si
1359 2254 1521 2304 gracias

211 2313 294 2362 agit
338 2312 598 2349 benevolencie
642 2312 779 2359 divine,
828 2312 863 2349 si
910 2320 987 2348 tam
1037 2312 1197 2348 libenter
1240 2313 1365 2348 obedit
1408 2323 1518 2360 quam

206 2370 386 2419 precipit,
418 2370 452 2406 si
482 2370 598 2406 eciam
640 2370 675 2406 in
703 2377 892 2419 potestate
936 2370 1160 2406 constitutus
1186 2370 1299 2419 prius
1330 2382 1370 2406 se
1400 2369 1521 2406 noscit

156 2435 195 2468 35
211 2428 416 2464 subiectum
461 2439 571 2476 quam
626 2428 927 2477 suprapositum.
980 2428 1115 2463 Omnia
1159 2435 1284 2464 autem
1330 2428 1397 2463 hec
1437 2434 1520 2463 octo

213 2486 474 2522 demonstrari
498 2493 659 2535 possunt
690 2498 774 2521 cum
808 2486 910 2522 veris
942 2486 988 2521 de
1020 2498 1110 2521 vere
1141 2485 1295 2529 humili,·
1326 2492 1360 2520 et
1386 2491 1521 2534 patent

212 2544 490 2593 exemplariter
536 2544 582 2579 de
619 2542 774 2580 Christo
819 2544 920 2592 quod
965 2544 1065 2579 valet
1108 2543 1358 2592 multipharia
1397 2555 1518 2592 argu—

212 2608 349 2636 menta.

283 2776 307 2803 2,
328 2768 354 2796 3.
374 2770 418 2797 A:
438 2769 602 2796 secundum
612 2768 703 2803 fides.
778 2776 806 2803 9.
828 2769 855 2796 A
870 2768 900 2796 in
922 2776 1036 2803 marga
1055 2767 1223 2796 Johannes.
1298 2766 1335 2795 13.
1356 2768 1400 2795 A:
1423 2775 1519 2803 quan-

213 2807 403 2840 tumcunque.
494 2803 536 2831 23.
558 2805 585 2830 A
606 2804 635 2831 in
658 2811 771 2838 marg:
792 2803 1036 2838 Lyncolniensis.
1126 2803 1173 2830 26.
1194 2804 1237 2830 A:
1266 2802 1387 2829 humilis
1406 2802 1520 2829 habens

212 2840 324 2874 signis.
397 2838 437 2866 35.
460 2838 496 2866 B:
518 2839 717 2873 suppositum.

1363 2895 1380 2916 2

1558 793 1625 820 Our
1645 800 1716 819 own
1738 793 1785 819 sin

1559 836 1596 854 or
1615 828 1691 863 folly
1711 827 1737 854 is
1757 828 1786 854 in

1543 862 1627 897 fault,
1648 863 1736 889 when
1759 870 1803 888 we

1620 897 1671 924 fai}
1693 902 1723 923 to

1541 930 1730 959 understand
1752 932 1801 958 the

1587 966 1759 1001 scripture.

1551 1569 1642 1605 Eight
1662 1570 1748 1605 signs
1768 1571 1802 1597 of

1569 1605 1712 1641 humility
1732 1610 1777 1632 set

1598 1639 1688 1666 down
1712 1640 1751 1676 by

1580 1673 1767 1702 Grossetete.
