2003 3322
167 232 256 262 CAP.
278 223 421 279 xxvii]
676 235 817 267 PRIMA
845 235 971 267 PARS.

165 352 362 392 potestate
386 344 508 379 homo
533 350 665 390 potest
698 354 856 378 currere
887 351 923 378 et
947 343 1093 378 multos
1117 351 1228 378 actus
1252 341 1480 390 corporales

163 402 307 447 facere,
352 400 408 437 sic
447 399 649 436 mediante
688 401 827 436 eadem
867 399 1066 447 spirituali
1105 408 1303 448 potestate
1349 407 1480 447 potest

164 460 286 495 homo
319 470 425 494 nunc
456 458 587 494 facere
620 456 816 494 miracula
849 458 1013 505 quando
1046 457 1216 505 expedit,
1252 469 1358 493 nunc
1393 469 1479 504 pre-

46 521 126 562 364²
163 517 311 563 dicare,
345 528 451 552 nunc
484 527 650 563 regnum
685 514 850 551 ecclesie
879 512 883 567 Ι
912 524 955 551 ut
988 514 1161 563 tempori
1186 514 1368 562 congruit
1391 526 1480 562 pre-

131 575 243 611 5lato
275 573 482 610 intendere
515 581 552 609 et
584 585 690 609 nunc
717 585 906 609 censuras
931 573 993 609 vel
1015 572 1224 621 privilegia
1257 573 1477 608 secundum

162 633 268 680 leges
291 633 339 668 ab
363 630 530 668 ecclesia
559 630 685 667 editas
715 643 915 675 exercere;
951 639 987 667 et
1011 631 1066 667 sic
1090 630 1278 666 omnibus
1301 629 1478 678 pensatis

164 699 221 727 est
243 702 349 738 papa
380 697 490 726 tante
512 688 720 737 potestatis
743 688 845 725 sicut
868 697 982 724 erant
1014 688 1187 736 apostoli
1209 688 1269 724 vel
1300 687 1479 724 maioris.

1718 226 1765 274 93

222 749 300 784 Sed
333 755 473 783 contra
504 745 718 794 perfidiam
753 746 869 782 istam
904 746 1104 794 arguitur:
1139 745 1324 794 Apostoli
1354 746 1480 782 habu·
1513 751 1602 787 They
1621 760 1671 779 are
1692 756 1754 786 not,

1496 787 1555 814 like
1565 787 1614 814 the
1629 787 1762 821 apostles

164 814 280 842 erunt
312 813 555 853 potestatem
590 816 674 840 esse
705 805 766 840 sal
797 812 903 840 terre
934 811 969 840 et
1001 804 1073 840 lux
1104 804 1240 840 mundi
1281 807 1339 849 (ut
1370 812 1480 851 patet
1507 822 1557 849 the
1579 822 1635 848 salt
1655 807 1774 848 ofthe⁷

112 878 149 899 10
165 876 208 900 ex
241 862 385 909 dictis),
427 863 496 898 sed
528 861 672 910 prelati
707 861 889 898 moderni
927 874 1010 898 non
1042 863 1191 898 habent
1224 861 1332 898 illam
1368 870 1480 909 pote-

164 929 308 958 statem
331 920 391 957 vel
423 928 591 965 tantam,
627 932 721 968 ergo
744 933 825 956 non
848 919 1114 968 parificantur
1136 920 1176 956 in
1199 918 1479 967 potestatibus,

165 988 202 1016 et
236 977 464 1027 specialiter
496 977 603 1014 istud
634 991 716 1014 non
749 987 806 1014 est
830 979 1149 1027 extorquendum
1175 979 1224 1014 ab
1248 977 1481 1014 hominibus

164 1046 375 1085 tamquam
410 1036 520 1072 fides.

222 1095 485 1142 Assumptum
520 1102 631 1142 patet
664 1105 707 1130 ex
730 1093 859 1129 forma
882 1092 1212 1130 similitudinaria
1235 1106 1314 1142 qua
1337 1093 1482 1130 dicitur

112 1153 253 1189 15J0h.
287 1153 313 1197 Ι,
356 1162 420 1188 12:
462 1152 656 1201 Quotquot
688 1158 814 1187 autem
859 1159 1088 1200 receperunt
1135 1164 1234 1199 euin,
1281 1151 1386 1187 dedit
1430 1151 1484 1187 eis

161 1216 390 1260 potestatem
412 1209 524 1259 filios
555 1209 632 1245 Dei
650 1209 757 1259 fieri.
798 1211 880 1245 Nec
914 1217 972 1245 est
1004 1209 1114 1246 racio
1148 1208 1391 1246 diversitatis
1422 1209 1483 1245 vel

168 1267 371 1305 evidencia
405 1280 484 1315 qua
516 1267 653 1304 fideles
686 1266 893 1303 christiani
926 1268 1074 1304 habent
1103 1276 1343 1315 potestatem
1380 1266 1483 1302 filios

170 1325 240 1362 Dei
259 1324 343 1361 fieri
360 1325 457 1373 quin
471 1325 558 1373 pari
578 1324 782 1362 evidencia
807 1325 1031 1361 habuerunt
1054 1325 1226 1372 apostoli
1242 1333 1483 1373 potestatem

168 1396 251 1420 esse
274 1383 335 1419 sal
355 1390 461 1419 terre
488 1390 523 1419 et
555 1383 626 1419 lux
656 1383 802 1429 mundi,
836 1395 926 1419 cum
952 1382 1133 1419 Christus
1156 1383 1225 1431 qui
1249 1396 1329 1419 non
1352 1391 1485 1431 potest

111 1457 153 1478 20
168 1440 330 1478 mentiri
363 1440 459 1477 dicit
492 1442 600 1489 quod
632 1449 724 1477 sunt
755 1440 987 1477 huiusmodi
1021 1450 1058 1477 et
1090 1454 1171 1477 non
1204 1453 1248 1477 ex
1288 1453 1348 1487 se3
1393 1440 1484 1476 ideo

170 1498 427 1536 manifestum
467 1508 525 1535 est
557 1499 665 1548 quod
704 1511 726 1535 a
758 1501 841 1535 Deo
876 1499 978 1535 hanc
1014 1500 1188 1535 habeant
1221 1507 1484 1547 potestatem3

169 1566 206 1594 et
239 1570 330 1593 cum
364 1556 507 1605 prelati
541 1556 724 1593 moderni
757 1569 839 1592 non
872 1565 1055 1593 exercent
1087 1556 1197 1593 illam
1233 1558 1283 1593 ad
1325 1556 1485 1593 edifica-

168 1615 324 1652 cionem
360 1614 525 1651 ecclesie
558 1617 617 1660 (ut
648 1623 757 1662 patet
790 1627 834 1650 ex
867 1614 1011 1660 dictis),
1056 1614 1215 1651 videtur
1254 1616 1363 1663 quod
1395 1624 1487 1651 sunt

170 1672 448 1721 dampnabiles
481 1684 525 1709 ex
557 1674 683 1709 abusu
715 1671 946 1708 huiusmodi
979 1673 1200 1720 potestatis.

112 1736 152 1769 25
228 1730 433 1776 Similiter,
479 1730 649 1779 apostoli
688 1731 916 1767 habuerunt
954 1738 1196 1778 potestatem
1246 1730 1486 1778 generaliter

170 1788 343 1825 faciendi
383 1788 579 1825 miracula
616 1800 689 1824 nec
728 1788 890 1825 aliunde
938 1789 1169 1825 defecerunt
1213 1801 1236 1825 a
1281 1788 1485 1824 modernis

171 1846 335 1894 prelatis
367 1846 408 1882 in
440 1854 639 1894 potestate
671 1845 928 1883 sacerdotali.
963 1846 1086 1894 Igitur
1119 1859 1210 1882 cum
1234 1846 1377 1894 prelati
1402 1859 1485 1882 mo-

172 1903 284 1940 derni
329 1903 521 1940 deficiunt
560 1917 582 1941 a
620 1913 818 1952 potestate
856 1903 1028 1940 faciendi
1067 1904 1276 1950 miracula,
1329 1903 1487 1940 videtur

172 1963 282 2010 quod
319 1961 398 1998 sint
435 1961 674 2010 simpliciter
710 1961 910 1998 inferioris
955 1962 1166 2010 potestatis
1206 1975 1325 2011 quam
1374 1971 1487 1998 erant

116 2019 359 2067 soapostoli.
405 2021 508 2056 Nam
553 2020 720 2056 Matthei
761 2019 810 2066 X,
859 2033 890 2065 1,
931 2019 1027 2056 dicit
1069 2020 1204 2056 Fides:
1258 2020 1487 2056 Convocatis

173 2077 374 2113 duodecim
407 2078 592 2127 apostolis
624 2078 729 2114 dedit
760 2078 837 2113 illis
867 2078 978 2114 Jesus
1005 2085 1238 2127 potestatem
1278 2078 1485 2127 spirituum

172 2135 460 2182 inmundorum,
506 2142 546 2171 ut
589 2135 755 2172 eicerent
798 2147 861 2171 eos
905 2143 940 2171 et
984 2143 1169 2172 curarent
1212 2147 1361 2172 omnem
1401 2135 1484 2171 lan-

172 2205 335 2243 guorem
375 2200 410 2229 et
456 2205 604 2229 omnem
648 2193 925 2243 infirmitatem.
974 2195 1023 2229 Et
1061 2193 1260 2242 sequitur:
1306 2193 1488 2243 Infirmos

173 2258 318 2298 curate,
369 2258 544 2287 mortuos
589 2251 783 2296 suscitate,
836 2251 1011 2300 leprosos
1062 2252 1256 2299 inundate,
1308 2252 1488 2287 demones

118 2314 156 2346 35
172 2308 290 2344 eicite.
346 2309 481 2345 Gratis
511 2309 723 2358 accepistis,
754 2309 885 2360 gratis
917 2309 1016 2345 date.
1063 2311 1112 2345 Et
1145 2310 1251 2346 Luce
1276 2310 1338 2356 IX,
1380 2322 1390 2344 1
1431 2308 1488 2345 sic

173 2365 379 2402 scribitur:
419 2366 648 2403 Convocatis
669 2374 796 2403 autem
817 2367 929 2403 Jesus
951 2367 1151 2403 duodecim
1175 2367 1361 2416 apostolis
1384 2367 1489 2402 dedit

174 2423 251 2459 illis
283 2424 462 2460 virtutem
502 2432 537 2461 et
569 2432 799 2474 potestatem
837 2436 955 2474 super
993 2425 1119 2461 onznia
1159 2425 1335 2461 demonia
1375 2432 1411 2461 et
1449 2432 1489 2460 ut

175 2481 388 2532 languores
419 2490 615 2521 curarent.
656 2484 704 2518 Et
727 2483 834 2519 Luce
856 2484 910 2519 X0
939 2483 1117 2531 capitulo
1149 2482 1206 2519 sic
1238 2483 1408 2520 habetur
1440 2484 1489 2518 de

245 2661 270 2691 3.
292 2664 336 2690 A:
357 2663 525 2690 mirabilia.
599 2662 626 2690 8.
646 2663 675 2691 A
689 2663 719 2690 in
734 2671 849 2699 marg.:
869 2663 1048 2698 Responsio.
1064 2671 1087 2690 1.
1162 2671 1200 2690 12.
1220 2664 1267 2697 A;
1287 2664 1324 2690 ab
1339 2663 1488 2691 omnibus.

178 2698 219 2725 16.
239 2699 284 2725 A:
305 2698 395 2733 filios
414 2698 470 2725 De.
561 2705 600 2732 ¹7·
621 2699 664 2725 A:
685 2697 761 2733 filii.
852 2704 890 2725 21.
911 2700 956 2725 A:
985 2698 1064 2725 hanc
1084 2701 1122 2725 et.
1205 2705 1247 2726 22.
1268 2699 1312 2725 A:
1341 2701 1370 2725 el
1389 2699 1489 2731 deest;

176 2733 215 2759 ib.
231 2733 275 2760 A:
291 2733 334 2759 ad
347 2733 440 2759 deest.
515 2732 555 2759 25.
571 2733 599 2759 A
614 2733 644 2759 in
660 2740 774 2767 marg:
790 2739 818 2759 2.
893 2733 938 2760 28.
954 2733 998 2759 A:
1014 2733 1045 2760 in
1055 2735 1220 2768 potestate.
1294 2731 1334 2760 31.
1347 2732 1491 2760 A:Jesus

177 2767 271 2794 deest.
345 2765 390 2800 34.
410 2768 455 2794 A:
476 2775 590 2794 curare
604 2788 610 2793 .
627 2788 633 2793 .
650 2788 655 2793 .
669 2767 829 2801 suscitare,
850 2768 1010 2794 mundare.

249 2849 303 2882 38.
332 2850 446 2882 Lucae
471 2851 511 2890 X,
544 2861 593 2893 ¹9·

1591 856 1688 883 earth.

1529 1736 1617 1773 They
1636 1741 1752 1764 cannot

1508 1772 1596 1799 work
1616 1772 1770 1799 miracles.
