2003 3322
221 205 309 232 αΑι».
332 196 458 249 xxm]
680 206 889 238 SECUNDA
920 207 1044 237 PARS.
1739 196 1813 232 333

221 325 448 349 mammone.
502 314 729 349 Affammona
775 313 879 361 apud
923 312 1099 348 Hebreos
1147 312 1284 347 divicie
1335 313 1531 361 appellari

221 372 410 407 dicuntur.
450 370 642 420 Congruit
664 378 699 405 et
716 370 897 419 punicum
928 382 1077 413 nomen,
1111 382 1197 405 uam
1222 370 1373 405 lucrum
1391 371 1530 418 punice

219 429 419 465 zWammon
465 429 617 465 dicitur.
664 429 741 463 Sed
777 428 842 477 qui
876 428 995 463 servit
1038 439 1267 475 mammone,
1312 427 1369 463 illi
1405 428 1531 476 utique

219 487 338 522 servit
379 486 444 535 qui
486 487 599 522 rebus
642 486 723 522 istis
767 486 932 521 terrenis
975 486 1111 521 merito
1161 497 1227 521 sue
1265 485 1530 534 perversionis

187 544 436 593 §prepositus
475 544 722 580 ministrandi
752 544 863 579 liuius
894 544 1053 579 seculia
1077 543 1244 579 Domino
1268 543 1421 580 dicitur.
1456 542 1531 578 Aut

219 614 316 652 ergo
349 609 436 637 tunc
468 602 554 638 odio
588 601 737 637 habebit
774 601 887 637 lzomo
922 608 955 637 et
987 601 1154 636 alterum
1197 601 1344 651 diliget,
1386 601 1424 636 id
1462 608 1529 647 est,

220 660 412 695 domimum
451 659 590 706 Deum,
635 666 701 694 aut
744 659 909 695 alterum
944 659 1123 707 pacietur
1164 659 1405 707 alterumque
1442 671 1529 694 con-

220 724 397 766 tempnet,
445 717 485 752 id
528 725 595 764 est,
640 718 910 753 adversantem
953 717 1159 753 diabolum.
1214 716 1389 752 Patietur
1432 717 1529 752 enim

220 775 359 810 durum
383 782 418 811 et
434 775 695 823 perniciosum
721 775 928 820 dominum,
963 775 1130 823 quisquis
1151 775 1270 811 servit
1294 787 1531 818 mammone;

166 846 204 867 10
218 844 286 869 sua
319 832 415 868 enim
450 833 657 881 cupiditate
688 833 917 881 implicatus,
964 833 1141 868 subditur
1180 832 1344 878 diaholo,
1390 840 1425 868 et
1457 844 1528 867 non

219 902 301 926 eum
342 890 483 940 diligit.
534 890 630 933 Quis
668 890 763 926 enim
805 898 858 926 est
898 890 961 938 qui
998 890 1138 940 diligat
1177 890 1403 926 diabolum?
1455 891 1532 926 Sed

219 956 345 984 tamen
373 949 564 997 pacietur,
597 948 693 984 sicut
725 948 760 983 in
794 948 941 984 maiore
972 948 1098 997 aliqua
1133 948 1260 994 domo,
1300 948 1363 996 qui
1392 948 1532 984 ancille

218 1006 339 1042 aliene
382 1007 603 1042 coniunctus
647 1013 703 1043 est
735 1013 900 1055 propter
945 1006 1191 1055 cupiditatem
1237 1018 1344 1041 suam
1391 1007 1529 1041 duram

212 1064 365 1113 patitur
391 1064 625 1111 servitutem,
661 1064 817 1100 ecianzsi
848 1077 920 1100 non
951 1064 1092 1114 diligat
1113 1076 1196 1099 eum
1221 1064 1326 1099 cuius
1347 1064 1529 1099 ancillam

166 1121 358 1172 15dilz'git.

275 1179 450 1215 Alterum
483 1187 608 1216 autem
649 1187 898 1228 contempnet,
944 1180 1057 1226 dixit,
1102 1191 1197 1215 non:
1242 1180 1329 1215 odio
1368 1179 1528 1215 habebit.

219 1237 376 1273 Nullius
408 1237 504 1273 enim
529 1238 624 1285 fere
655 1237 889 1274 consciencia
921 1237 1047 1273 Deum
1076 1244 1204 1286 potest
1243 1238 1380 1273 odisse.
1432 1237 1529 1273 Con-

221 1295 380 1344 tempnit
424 1302 563 1342 autem,
608 1295 647 1330 id
693 1303 759 1341 est,
805 1307 877 1331 non
925 1295 1031 1331 timet
1074 1307 1172 1341 eum,
1218 1296 1326 1344 quasi
1364 1296 1409 1331 de
1453 1295 1531 1331 eius

220 1353 387 1388 bonitate
428 1365 586 1389 securus
630 1361 694 1389 est.
748 1353 803 1388 Ab
843 1353 914 1388 hac
953 1353 1198 1403 negligencia
1243 1361 1278 1388 et
1310 1353 1529 1402 perniciosa

164 1423 205 1445 20
219 1410 426 1446 securitate
459 1418 616 1446 revocat
646 1411 812 1460 Spiritus
845 1412 1020 1457 Sanctus,
1066 1423 1149 1446 cum
1184 1423 1260 1459 per
1291 1412 1528 1460 Proplzetain

221 1468 334 1504 dicit:
364 1468 443 1503 Fili
473 1481 517 1504 ne
548 1469 695 1505 adicias
722 1476 922 1517 peccatum
956 1481 1074 1517 super
1101 1476 1302 1517 peccatum
1337 1476 1371 1504 et
1404 1469 1530 1505 dicas.-

220 1526 427 1562 Miseracio
461 1526 537 1561 Dei
567 1539 711 1576 magna
746 1534 812 1562 est.
847 1527 1015 1576 Ignoras
1036 1527 1124 1575 quia
1152 1526 1349 1574 paciencia
1373 1527 1449 1562 Dei
1479 1527 1530 1562 ad

216 1584 468 1632 penitenciam
517 1591 553 1619 te
596 1584 759 1620 invitat?
816 1584 932 1620 Cuius
976 1584 1073 1619 enim
1113 1591 1219 1619 tanta
1259 1584 1529 1620 misericordia

220 1641 521 1677 commemorari
545 1649 672 1690 potest
702 1654 815 1691 quam
850 1642 929 1677 eius
961 1642 1024 1690 qui
1047 1642 1180 1678 ‘omnia
1215 1643 1332 1677 donat
1367 1650 1529 1691 peccata

164 1701 202 1733 25
220 1699 414 1735 conversis
446 1707 481 1735 et
513 1700 723 1735 oleastrum
746 1700 851 1748 facit
882 1700 1113 1748 participem
1147 1700 1397 1749 pinguedinis
1436 1700 1527 1736 olee.

219 1757 271 1792 Et
303 1757 408 1793 cuius
439 1764 545 1793 tanta
577 1758 764 1793 severitas
786 1770 897 1806 quam
931 1757 1009 1793 eius
1042 1758 1107 1806 qui
1136 1758 1378 1793 naturalibus
1411 1758 1531 1793 ramis

220 1827 292 1850 non
320 1815 506 1863 pepercit,
539 1816 607 1851 sed
632 1823 799 1864 propter
831 1815 1095 1864 infidelitatem
1120 1815 1256 1865 fregit
1294 1816 1410 1851 illos?
1455 1816 1532 1851 Sed

218 1872 386 1921 quisquis
419 1873 498 1908 vult
540 1873 706 1922 diligere
737 1874 863 1908 Deum
904 1881 938 1908 et
976 1885 1113 1908 cavere
1150 1885 1195 1908 ne
1232 1874 1411 1921 offendat,
1458 1886 1529 1909 non

218 1943 258 1966 se
289 1930 503 1966 arbitretur
537 1931 681 1967 duobus
715 1931 878 1967 dominis
905 1943 1021 1979 posse
1051 1931 1201 1966 servire
1224 1939 1259 1966 et
1282 1931 1529 1967 intencionem

164 1990 205 2021 30
220 1988 348 2024 cordis
379 1988 440 2024 sui
470 1996 612 2024 rectam
647 1989 693 2024 ab
726 1989 830 2024 omni
861 1989 1083 2037 duplicitate
1115 1989 1291 2037 explicet.
1342 1990 1397 2024 Ita
1431 1989 1527 2025 enim

217 2045 357 2081 senciet
395 2046 441 2081 de
480 2046 645 2082 Domino
693 2047 728 2081 in
768 2047 933 2082 bonitate
972 2053 1006 2082 et
1043 2047 1078 2081 in
1118 2046 1364 2095 simplicitate
1401 2047 1530 2083 cordis

218 2111 349 2151 queret
380 2104 502 2139 illum.

276 2161 380 2208 Ideo,
425 2160 568 2208 inquit,
615 2161 698 2197 dico
733 2162 837 2197 vobis
870 2174 941 2196 non
975 2162 1116 2197 hahere
1156 2162 1190 2197 in
1230 2162 1359 2197 anima
1401 2170 1528 2197 vestra

219 2218 309 2266 quid
341 2219 463 2254 edatis
494 2231 610 2267 neque
641 2219 800 2267 corpori
833 2227 959 2255 vestro
986 2220 1078 2268 quid
1110 2220 1286 2255 induatis.
1321 2220 1381 2255 Ne
1401 2221 1528 2268 forte,

164 2279 202 2311 35
219 2277 392 2324 quamvis
424 2277 499 2312 iam
538 2277 735 2326 superflua
776 2290 847 2312 non
887 2285 1111 2325 querantur,
1139 2285 1308 2326 propter
1345 2278 1427 2327 ipsa
1466 2290 1527 2313 ne-

219 2334 388 2369 cessaria
426 2347 495 2370 cor
534 2334 751 2383 duplicetur
788 2342 823 2370 et
867 2335 918 2369 ad
964 2335 1045 2383 ipsa
1090 2335 1349 2383 conquirenda
1396 2343 1528 2371 nostra

220 2392 470 2440 detorquetur
513 2392 686 2436 intencio,
741 2404 825 2428 cum
871 2392 1016 2441 aliquid
1066 2393 1175 2440 quasi
1224 2393 1530 2429 misericorditer

219 2461 442 2498 operamur,
475 2450 515 2485 id
547 2457 613 2493 est,
647 2457 686 2485 ut
709 2462 792 2485 cum
824 2451 1024 2486 consulere
1055 2450 1172 2486 alicui
1193 2451 1318 2486 videri
1339 2451 1527 2497 volumus,

287 2647 311 2667 2.
332 2641 376 2667 A:
399 2640 511 2667 dicunt.
608 2640 634 2668 8.
656 2642 699 2668 A:
717 2642 850 2676 patitur.
950 2640 992 2669 32.
1014 2643 1057 2669 A:
1080 2645 1233 2677 quereret.
1341 2640 1384 2669 33.
1405 2645 1526 2673 vestra,⁴

217 2674 246 2701 id
268 2679 321 2710 est,
341 2675 588 2703 sollicitudinem.
695 2675 742 2704 313.
763 2678 806 2703 A:
829 2677 1011 2711 dupliciter;
1037 2677 1077 2703 ib.
1100 2677 1136 2703 ss:
1163 2677 1204 2704 ad
1222 2677 1281 2704 ista
1302 2677 1527 2712 conquerenda.

290 2769 318 2800 5.
344 2769 421 2800 Joh.
440 2770 509 2809 XII,
538 2771 596 2809 313
622 2771 710 2810 XIV,
739 2772 790 2804 30.
865 2781 916 2802 21.
944 2771 1035 2802 Eccli
1057 2772 1097 2810 V,
1127 2770 1154 2802 5.
1230 2781 1282 2801 22.
1309 2772 1410 2802 Rom.
1432 2772 1467 2811 ΙΙ,
1495 2782 1524 2811 λι.

221 2815 272 2846 20.
300 2816 400 2847 Rom.
427 2816 480 2855 XI,
509 2826 561 2847 21.
659 2818 711 2849 30.
738 2818 816 2858 Sap.
846 2818 866 2856 Ι,
900 2829 923 2848 1.
1023 2819 1073 2850 31.
1101 2817 1219 2848 Mauh.
1242 2818 1295 2857 Vl,
1323 2818 1375 2849 25.
