2003 3322
124 850 160 871 lo

124 1126 159 1159 15

122 2394 161 2428 35

177 207 265 236 cAP.
286 197 423 253 xi.v11.]
693 209 833 240 PRIMA
859 208 985 240 PARS.

175 317 211 353 si
239 328 311 353 non
342 315 554 352 salubriter
585 315 809 360 odissemus,
845 326 916 350 non
950 314 1263 350 desideraremus
1283 314 1483 362 suturam,

177 387 248 423 que
279 386 351 410 non
384 380 439 409 est
471 373 637 422 tempori
667 372 848 409 obnoxia.
895 373 974 409 Pro
1007 373 1079 408 hac
1111 371 1209 407 enim
1250 371 1326 406 vita
1354 371 1483 420 posita

178 439 233 468 est
263 431 404 478 anima,
433 431 479 467 de
503 442 574 479 qua
609 430 749 466 dictum
774 437 854 466 est:
892 430 969 474 Qui
999 442 1071 466 non
1104 429 1230 465 oderit
1262 429 1419 478 insuper
1450 436 1485 465 et

176 489 344 525 animam
384 501 507 534 suam,
556 500 628 524 non
662 494 791 537 potest
832 500 938 523 meus
976 500 1056 523 esse
1101 487 1322 536 discipulus.
1382 486 1485 522 Huic

176 559 339 596 namque
371 546 444 582 vite
485 546 589 582 cibus
626 552 681 582 est
720 545 960 581 necessarius
1004 545 1073 581 iste
1116 544 1393 593 corruptibilis,
1440 544 1485 580 de

176 617 247 654 quo
280 605 360 654 ipse
392 603 583 639 Dominus
622 603 733 639 dicit:
784 602 921 639 Nonne
964 603 1092 638 anima
1138 602 1228 651 plus
1271 609 1328 637 est
1371 613 1483 650 quam

176 674 273 708 esca,
313 662 353 697 id
384 668 452 707 est,
491 662 558 697 hec
591 661 667 696 vita
699 660 762 697 cui
791 661 1007 697 necessaria
1046 667 1102 696 est
1133 659 1249 696 esca?
1300 659 1352 695 Et
1383 659 1486 708 quod

176 719 266 756 dicit
298 727 338 755 ut
368 719 535 755 animam
568 731 677 755 suam
705 725 827 768 ponat
844 730 921 768 pro
945 718 1077 754 ovibus
1098 718 1198 754 suis:
1229 717 1327 753 hanc
1359 717 1486 766 utique

176 778 291 813 vitam
326 777 428 822 dicit,
461 789 545 812 cum
578 789 618 812 se
635 788 711 825 pro
745 776 850 812 nobis
883 776 1114 812 moriturum
1138 787 1219 811 esse
1235 775 1482 824 pronunciat.

177 837 260 871 Hec
292 833 553 882 Augustinus.

233 892 397 928 Videtur
435 891 555 928 istum
601 899 782 928 sanctum
829 890 1034 927 intendere
1075 891 1183 939 quod
1228 889 1365 926 omnia
1411 890 1484 926 hec

176 949 419 998 temporalia
442 962 518 998 que
550 949 590 986 in
613 949 693 985 vita
716 948 892 997 presenti
913 948 1029 985 nobis
1052 947 1269 996 proficiunt
1293 949 1484 984 debemus

177 1016 418 1055 postponere
451 1007 491 1043 in
524 1019 663 1044 amore
687 1015 852 1055 propter
876 1006 1081 1043 Christum
1116 1014 1153 1042 et
1177 1007 1282 1042 bona
1306 1005 1481 1042 celestia.

176 1067 224 1102 Et
263 1078 352 1102 cum
391 1065 576 1101 volumus
608 1065 676 1101 illa
709 1066 951 1112 quandoque
990 1064 1182 1110 desinere,
1227 1076 1309 1100 non
1348 1072 1481 1100 autem

177 1124 325 1159 bonum
361 1122 470 1159 aliud
492 1125 600 1171 quod
624 1135 846 1170 speramus,
880 1122 1086 1170 signanter
1110 1121 1206 1158 dicit
1233 1121 1482 1169 evangelium

176 1189 255 1217 tam
302 1181 531 1229 frequenter
576 1182 682 1229 quod
728 1180 796 1216 illa
842 1181 1033 1216 debemus
1080 1179 1192 1216 odire
1238 1188 1276 1216 et
1321 1179 1484 1216 celestia

176 1251 399 1286 preamare.
434 1240 482 1274 Et
515 1238 570 1274 sic
594 1238 750 1274 videtur
772 1238 1019 1286 Augustinus
1044 1237 1176 1274 dicere
1199 1238 1308 1286 quod
1333 1238 1482 1274 bonum

178 1295 427 1333 matrimonii
468 1296 644 1344 figurans
684 1295 971 1332 beatitudinem
1013 1295 1168 1332 celestis
1214 1294 1390 1343 coniugii
1435 1294 1485 1331 sit

179 1353 319 1391 melius
359 1367 479 1402 quarn
520 1353 643 1402 prolis
696 1353 931 1402 procreacio
978 1353 1042 1390 hic
1081 1352 1121 1390 in
1159 1353 1235 1390 via.
1289 1355 1338 1389 Et
1383 1352 1483 1389 illud

177 1413 327 1448 bonum
368 1411 442 1448 fuit
480 1411 521 1447 in
552 1412 699 1460 Joseph
739 1420 776 1448 et
809 1413 925 1448 beata
963 1410 1114 1459 virgine
1154 1420 1191 1448 et
1229 1419 1360 1459 potest
1400 1423 1483 1447 esse

177 1469 217 1505 in
251 1469 473 1518 coniugatis
506 1469 592 1506 sine
615 1469 738 1506 debiti
761 1469 980 1516 solucione,
1015 1478 1052 1505 et
1075 1469 1132 1506 sic
1156 1469 1331 1505 creditur
1355 1471 1484 1505 Evan-

178 1527 360 1576 gelistam
394 1536 432 1564 et
463 1527 635 1575 virgines
670 1527 770 1564 alios
804 1539 919 1575 posse
952 1527 1060 1564 licite
1095 1527 1315 1575 coniugari.

645 1663 783 1704 CAP.
817 1663 1018 1703 XLVII.

233 1760 366 1795 Movet
412 1768 543 1795 autem
583 1758 829 1807 Augustinus
873 1759 972 1795 alias
1018 1759 1274 1795 difficultates
1310 1772 1387 1807 que
1423 1771 1484 1794 ex-

177 1817 321 1852 cedunt
354 1816 394 1853 in
428 1816 667 1853 difficultate
706 1818 811 1865 leges
852 1817 1108 1864 capitulares,
1154 1817 1245 1853 ideo
1284 1829 1356 1864 per
1395 1816 1483 1852 illas

177 1882 234 1910 est
277 1874 448 1911 breviter
493 1876 862 1911 transcurrendum.
913 1874 1048 1912 Prima
1094 1883 1229 1911 autem
1269 1874 1484 1911 difficultas

176 1940 234 1968 est
266 1931 297 1968 si
330 1945 401 1980 per
426 1932 737 1969 fornicacionem
771 1945 814 1969 ex
837 1945 916 1981 qua
945 1941 1076 1981 potest
1105 1932 1249 1969 coniux
1279 1932 1482 1969 dimittere

175 2002 290 2026 suum
331 2003 563 2038 comparem
603 1990 771 2038 intelligi
809 1991 926 2026 debet
964 1991 1219 2027 solummodo
1264 1989 1484 2027 fornicacio

176 2047 395 2095 corporalis
428 2049 489 2084 vel
520 2061 758 2097 quecunque
796 2048 1015 2085 fornicacio
1055 2048 1275 2096 spiritualis
1308 2061 1385 2097 que
1427 2056 1484 2084 est

175 2105 314 2142 illicita
348 2105 682 2154 concupiscencia
716 2118 795 2154 qua
835 2119 856 2142 a
895 2106 1054 2142 Christo
1094 2106 1295 2142 ieceditur
1333 2118 1481 2154 sponso

177 2163 356 2210 ecclesie,
390 2163 493 2199 sicut
516 2163 761 2211 Augustinus
785 2163 1052 2211 exemplificat
1075 2163 1275 2209 idolatria,
1310 2163 1483 2200 avaricia

176 2229 213 2256 et
245 2233 485 2269 quacunque
517 2221 615 2269 legis
649 2221 967 2269 transgressione
1002 2234 1045 2258 ex
1070 2234 1311 2270 quacunque
1343 2221 1482 2258 illicita

178 2278 524 2326 concupiscencia‚
570 2291 646 2327 que
684 2280 743 2315 lex
776 2280 825 2315 ab
859 2279 1092 2315 hominibus
1127 2288 1185 2316 est
1218 2280 1387 2316 deserta.
1434 2281 1483 2315 Et

175 2335 330 2372 videtur
361 2336 492 2384 ipsum
527 2336 734 2373 intendere
772 2336 1088 2373 fornicacionem
1129 2337 1368 2385 generaliter
1410 2349 1483 2384 pro

177 2406 418 2442 quocunque
471 2394 650 2440 crimine,
709 2407 798 2430 curn
852 2394 1166 2432 fornicacionem
1230 2395 1482 2443 corporalem

177 2453 395 2488 secundum
431 2453 686 2489 adversantes
710 2451 891 2488 Christus
919 2452 1117 2501 intelligit,
1152 2454 1220 2489 sed
1244 2465 1483 2501 quecunque

247 2618 273 2647 8.
295 2619 332 2646 B:
363 2619 443 2647 hanc
462 2620 574 2654 itaque.
657 2628 691 2648 11.
713 2620 786 2647 Ain
802 2628 898 2654 marg.
911 2620 1105 2648 :lohannes
1179 2619 1217 2648 13
1238 2622 1279 2648 A:
1295 2629 1482 2656 preponere.

177 2654 223 2681 26
244 2654 322 2681 Ain
342 2662 457 2690 mat-g.:
478 2653 664 2691 Dffficultas.
737 2654 777 2682 31
798 2656 842 2683 A:
863 2656 983 2683 avaria.
1056 2655 1102 2684 36.
1124 2657 1169 2683 A:
1189 2655 1401 2683 adversarios.

249 2726 332 2758 &L
335 2736 420 2758 ucae
446 2727 532 2767 XIV⁷
561 2726 613 2758 26.
732 2726 763 2759 6.
790 2727 910 2759 Matth.
937 2728 993 2767 VI,
1028 2726 1081 2760 25.
1201 2739 1231 2770 7.
1257 2728 1335 2760 Joh.
1360 2728 1401 2768 X,
1433 2726 1482 2759 15.

184 2781 232 2813 17.
259 2772 305 2803 St.
330 2773 515 2814 Augustini
542 2773 633 2815 Opp.
659 2780 745 2805 tom.
771 2774 824 2813 III,
856 2784 882 2813 1⁷
909 2784 941 2815 p.
970 2782 1046 2816 247.
1167 2784 1219 2815 24.
1245 2775 1296 2806 De
1322 2784 1483 2806 sermone

180 2817 320 2849 Domini
345 2819 379 2850 in
406 2825 534 2859 monte,
563 2819 583 2851 l.
611 2830 639 2851 c.
666 2830 698 2862 p.
730 2819 802 2860 183,
830 2830 912 2863 very
940 2820 1075 2863 loosely
1102 2821 1243 2862 quoted.

1697 201 1771 248 169

1540 898 1690 932 Marriage
1710 898 1736 925 is

1508 934 1678 961 consistent
1698 932 1772 959 with

1556 968 1711 1004 virginity.

1513 1765 1606 1792 What
1626 1765 1652 1792 is
1673 1769 1775 1792 meant

1518 1800 1556 1836 by
1577 1800 1772 1827 fornication.
