2003 3322
202 214 290 242 CAP.
314 206 498 259 xxxvln]
718 217 857 248 PRIMA
886 218 1011 249 PARS.

201 331 236 359 et
279 324 376 359 vade
412 323 526 372 prius
571 323 817 360 reconciliari
848 323 982 372 fratri
1023 330 1086 359 tuo
1138 331 1173 359 et
1226 331 1313 360 tunc
1366 324 1517 360 veniens

201 382 338 430 offeres
369 394 506 417 munus
536 388 654 417 tuum.
690 382 819 429 Super
848 394 927 430 quo
949 381 1196 429 Augustinus
1229 381 1285 418 sic
1318 381 1515 430 loquitur:

203 438 303 474 Hinc
336 451 426 475 vero
458 446 621 487 apparet
653 440 699 474 de
720 439 860 488 fratre
893 439 1034 475 dictum
1074 451 1155 475 esse
1191 439 1382 487 superius,
1429 440 1516 488 quia

199 496 388 533 sentencia
433 509 503 545 que
553 497 725 545 sequitur
770 509 813 532 ea
866 497 1133 533 coniunccione
1177 497 1426 543 connectitur,
1479 505 1518 532 ut

169 554 403 603 §superiora
448 561 618 590 testetur.
673 555 760 591 Non
805 555 902 590 enim
947 555 1024 590 ait:
1075 555 1118 590 Si
1160 561 1286 590 autem
1331 555 1518 591 obtuleris

202 624 338 648 munus
368 619 474 648 tuum
507 613 559 648 ad
589 612 728 659 altare,
768 613 838 649 sed
875 612 950 648 ait:
993 613 1036 648 Si
1077 624 1173 663 ergo
1221 613 1338 661 offers
1382 625 1519 648 munus

200 677 304 706 tuum
356 670 409 705 ad
459 670 597 707 altare.
652 671 754 706 Nam
807 670 842 706 si
891 670 1011 706 irasci
1061 682 1133 706 non
1185 677 1240 706 est
1280 671 1354 718 fas
1386 670 1519 719 fratri

200 725 281 764 sine
324 740 438 764 causa
482 735 548 763 aut
592 728 720 764 dicere
762 728 897 764 Racha
940 735 1006 764 aut
1051 728 1179 764 dicere
1216 728 1351 775 Fatue,
1398 728 1518 764 multo

201 786 325 822 minus
345 786 419 834 fas
450 793 506 822 est
527 786 654 822 animo
676 786 825 834 aliquid
846 793 985 829 tenere,
1019 793 1058 821 ut
1080 786 1116 821 in
1140 786 1269 822 odium
1295 786 1519 836 indignacio

148 858 186 878 10
201 850 460 879 convertatur.
483 843 546 879 Ad
566 844 669 892 quod
691 843 860 892 pertinet
882 844 1000 880 eciam
1024 844 1126 892 quod
1147 844 1225 880 alio
1249 844 1332 880 loco
1357 843 1520 879 dicitur:

200 901 269 938 Sol
298 913 371 937 non
404 901 553 937 occidat
583 914 701 950 super
732 901 974 938 iracundiam
1008 908 1188 938 vestram.

255 959 442 995 Jubemur
473 959 598 1010 igitur
628 959 781 995 illaturi
810 972 946 995 munus
978 960 1030 995 ad
1066 959 1204 1005 altare,
1248 960 1283 995 si
1316 959 1519 1007 fuerimus

201 1017 398 1053 recordati
435 1017 585 1065 aliquid
626 1018 815 1053 adversus
859 1029 926 1053 nos
969 1018 1110 1053 habere
1145 1017 1337 1066 fratrem,
1382 1029 1519 1053 munus

200 1082 288 1110 ante
318 1075 446 1110 altare
477 1075 695 1123 relinquere
726 1082 761 1111 et
777 1087 950 1126 pergere
982 1082 1016 1111 et
1039 1075 1174 1123 fratri
1206 1074 1454 1111 reconciliari
1484 1081 1519 1111 et

148 1133 337 1169 15deinde
369 1133 499 1168 venire
531 1140 566 1169 et
598 1145 735 1169 munus
773 1133 925 1181 offerre.
977 1132 1093 1175 Quod
1135 1133 1170 1168 si
1211 1133 1426 1181 accipiatur
1468 1133 1521 1168 ad

201 1191 384 1237 litteram,
408 1190 523 1238 forte
553 1191 694 1239 aliquis
726 1191 860 1226 credat
892 1191 944 1225 ita
965 1190 1064 1239 fieri
1095 1197 1290 1239 oportere,
1322 1191 1357 1226 si
1379 1190 1520 1238 frater

200 1255 256 1284 est
282 1260 457 1297 presens,
497 1260 570 1284 non
604 1248 700 1284 enim
732 1248 880 1284 diucius
913 1248 1066 1297 differri
1089 1255 1231 1296 potest,
1264 1260 1349 1284 cum
1382 1260 1520 1284 munus

199 1313 305 1341 tuum
338 1306 555 1354 relinquere
585 1313 672 1342 ante
702 1306 829 1342 altare
861 1306 1040 1342 iubearis.
1086 1306 1129 1341 Si
1159 1318 1257 1356 ergo
1291 1306 1337 1342 de
1367 1307 1521 1342 absente

200 1370 235 1400 et
267 1360 389 1414 (quod
407 1363 506 1413 fieri
531 1360 677 1414 potest)
711 1364 829 1399 eciam
863 1371 971 1400 trans
998 1376 1106 1400 mare
1138 1364 1342 1400 constituto
1375 1364 1522 1412 aliquid

144 1435 186 1456 20
201 1421 277 1457 tale
310 1421 437 1457 veniat
468 1421 504 1457 in
537 1429 712 1468 mentem,
752 1421 964 1458 absurdum
997 1429 1053 1458 est
1085 1422 1245 1458 credere
1276 1428 1364 1457 ante
1396 1421 1522 1457 altare

201 1491 339 1515 munus
377 1479 666 1528 relinquendum
706 1480 807 1528 quod
841 1486 932 1528 post
971 1487 1099 1515 terras
1139 1486 1173 1515 et
1218 1479 1344 1515 maria
1383 1491 1521 1528 perer-

203 1543 289 1572 rata
336 1537 477 1585 offeras
508 1537 604 1573 Deo.
654 1537 706 1572 Et
745 1537 830 1573 ideo
864 1549 1033 1586 prorsus
1074 1537 1290 1573 necessario
1323 1537 1374 1573 ad
1404 1536 1521 1586 spiri-

202 1594 321 1630 tualia
366 1595 553 1646 refugere
590 1595 782 1645 cogimur,
828 1602 867 1630 ut
910 1595 982 1631 hoc
1020 1596 1122 1644 quod
1161 1595 1303 1631 dictum
1350 1601 1406 1630 est
1444 1594 1524 1630 sine

202 1652 442 1688 absurditate
471 1653 594 1701 possit
625 1652 804 1702 intelligi.

146 1713 185 1745 25
259 1709 395 1746 Altare
427 1710 552 1759 itaque
582 1710 843 1760 spiritualiter
865 1710 901 1745 in
926 1710 1111 1746 interiore
1134 1711 1209 1746 Dei
1230 1710 1372 1759 templo
1397 1710 1520 1758 ipsam

190 1767 319 1817 fidem
352 1768 526 1816 accipere
541 1780 762 1817 possumus,
796 1768 903 1804 cuius
933 1768 1090 1818 signum
1124 1775 1179 1804 est
1210 1769 1337 1804 altare
1360 1768 1519 1804 visibile.

207 1825 414 1869 Quodlibet
460 1826 556 1862 enim
604 1838 741 1862 munus
779 1826 977 1874 offerimus
1009 1826 1107 1873 Deo,
1152 1826 1232 1862 sive
1264 1826 1520 1874 propheciam

201 1883 281 1920 sive
313 1883 528 1920 doctrinam
561 1884 640 1920 sive
661 1884 877 1920 oracionem
900 1884 980 1920 sive
993 1896 1191 1934 ympnum
1224 1884 1304 1920 sive
1341 1883 1450 1919 aliud
1482 1890 1521 1918 ut

203 1941 390 1977 canticum
410 1941 598 1977 donorum
618 1941 894 1990 spiritualium,
917 1942 950 1978 si
972 1942 1100 1978 animo
1116 1942 1300 1988 occurrit,
1323 1948 1519 1990 acceptum

146 2003 188 2035 30
202 2011 286 2035 esse
317 2011 388 2035 non
415 2006 544 2048 potest
574 1999 659 2035 Deo
692 1999 765 2035 nisi
789 1999 891 2048 fidei
926 1999 1148 2035 sinceritate
1176 1999 1377 2048 fulciatur
1413 2006 1448 2035 et
1489 1999 1523 2034 ei

191 2057 280 2107 fixe
312 2064 347 2092 et
385 2057 634 2093 immobiliter
670 2064 866 2105 tamquam
904 2057 1026 2093 altari
1062 2057 1296 2106 imponatur,
1330 2064 1370 2092 ut
1397 2056 1522 2106 possit

202 2115 396 2164 integrum
436 2122 471 2151 et
508 2115 698 2150 illibatum
737 2126 818 2151 esse
857 2116 959 2163 quod
1002 2115 1206 2163 loquimur.
1260 2114 1379 2150 Multi
1422 2114 1520 2150 enim

203 2172 363 2208 heretici
398 2185 469 2208 non
515 2173 693 2209 habentes
730 2173 856 2208 altare
899 2169 960 2223 (id
991 2180 1047 2209 est
1079 2185 1210 2208 veram
1232 2170 1379 2222 fidem)
1420 2172 1521 2208 blas-

198 2230 376 2279 phemias
402 2243 479 2280 pro
512 2230 626 2266 laude
658 2230 856 2276 dixerunt,
895 2230 1060 2266 terrenis
1098 2230 1243 2266 scilicet
1281 2229 1523 2279 opinionibus

147 2291 186 2325 35
203 2288 420 2338 aggravati
461 2295 589 2324 votum
627 2300 737 2324 suum
778 2295 972 2336 tamquam
1011 2288 1048 2323 in
1087 2295 1235 2324 terram
1275 2287 1519 2337 proicientes.

205 2346 282 2382 Sed
314 2346 421 2381 debet
453 2357 534 2382 esse
554 2358 649 2382 sana
672 2346 790 2381 eciam
814 2345 1009 2394 offerentis
1031 2346 1206 2382 intencio.
1245 2345 1293 2381 Et
1310 2352 1521 2394 propterea

205 2415 289 2439 cum
321 2403 399 2439 tale
429 2403 576 2452 aliquid
607 2403 777 2439 oblaturi
807 2415 939 2439 sumus
970 2403 1006 2439 in
1039 2404 1157 2440 corde
1195 2411 1341 2450 nostro,
1382 2403 1423 2438 ia'
1453 2410 1520 2449 est,

204 2461 240 2497 in
273 2460 459 2497 interiore
489 2461 566 2497 Dei
596 2461 752 2510 templo,
791 2461 977 2511 templum
1009 2461 1107 2497 enim
1138 2461 1215 2497 Dei
1246 2468 1419 2497 sanctum
1454 2468 1521 2508 est,

274 2614 299 2633 2.
319 2607 349 2634 A
362 2606 392 2634 in
408 2614 523 2641 marg-z
539 2606 740 2643 Augustinus.
816 2604 841 2640 3,
857 2614 885 2639 4.
901 2607 945 2633 A:
960 2605 1108 2642 quoniam
1121 2606 1291 2633 sentencia.
1366 2607 1393 2633 6.
1408 2607 1454 2633 A:
1470 2607 1522 2633 ob-

204 2641 333 2675 tuleris,·
352 2640 374 2668 Β
395 2641 537 2669 correxit.
622 2641 649 2669 8.
671 2642 716 2669 A:
738 2644 767 2669 et
786 2641 900 2668 dicere.
986 2648 1014 2675 9.
1035 2641 1081 2668 A:
1103 2643 1136 2668 ut
1155 2640 1306 2667 modicum
1326 2640 1521 2668 z'ndiffnacio.

206 2675 243 2703 15.
270 2676 311 2702 B:
341 2675 448 2703 venire
479 2678 509 2703 et
529 2675 633 2715 ,ἀθεεὶ
742 2677 784 2704 16.
811 2676 856 2703 A:
879 2674 1062 2714 fortassis..
1155 2682 1196 2710 19-
1226 2675 1269 2713 A:
1303 2679 1333 2703 et
1362 2661 1521 2710 qzi'z'fieri.

204 2718 244 2744 21,
259 2717 303 2738 22.
318 2710 358 2738 B:
372 2713 565 2750 pertranszta
576 2719 587 2743 ;
604 2712 632 2738 A
643 2720 649 2737 :
660 2711 917 2750 pertransitoria.
935 2709 1079 2749 Correxn
1146 2717 1192 2749 ‚2²-
1208 2711 1237 2738 A
1251 2717 1280 2736 ιι]
1297 2718 1411 2745 marg:
1428 2709 1521 2737 Nota.

205 2743 243 2772 31.
264 2744 392 2780 Azfixe
410 2747 522 2780 atque‚·
550 2745 589 2772 1b.
613 2744 652 2772 B:
673 2745 828 2773 immobili.
911 2743 957 2779 34.
978 2745 1023 2772 A:
1045 2744 1193 2773 dixerint.
1276 2743 1319 2772 35.
1339 2746 1384 2772 A:
1405 2747 1523 2772 terram

205 2787 301 2806 suam.

276 2838 305 2859 2.
330 2828 383 2859 De
397 2838 559 2860 sermone
574 2829 715 2860 Domini
732 2829 765 2859 in
780 2835 910 2868 monte,
928 2829 948 2860 l.
969 2839 995 2860 c.
1012 2838 1045 2869 p.
1061 2827 1133 2869 176.
1225 2838 1273 2859 11.
1289 2827 1366 2869 Eph
1395 2828 1450 2867 IV,
1469 2826 1521 2858 26.

1731 211 1802 247 135

1566 448 1768 484 Augustine‘s

1585 488 1753 511 comment.

1592 968 1670 996 This
1690 973 1751 996 text

1534 1006 1646 1032 cannot
1668 1004 1703 1031 be
1720 1005 1808 1031 taken

1586 1040 1617 1066 in
1637 1046 1654 1065 a
1675 1046 1757 1066 mere

1563 1073 1660 1102 literal
1682 1082 1780 1101 sense.

1538 1719 1597 1747 We
1608 1724 1722 1747 cannot
1738 1720 1813 1746 offer

1546 1759 1576 1782 to
1598 1754 1667 1782 God
1689 1763 1728 1781 on
1750 1754 1801 1781 the

1580 1790 1656 1816 altar
1676 1790 1711 1816 of
1728 1797 1785 1817 our

1543 1824 1628 1851 mind
1650 1824 1742 1852 while
1761 1832 1806 1850 wc

1561 1858 1683 1886 cherish
1704 1859 1783 1886 hate.
