2003 3322
184 202 272 230 CAP.
294 193 402 246 mni]
692 204 832 235 PRIMA
860 204 986 234 PARS.
1705 193 1778 228 231

180 317 266 345 erat
305 309 432 358 prius,
480 316 752 358 consequenter
795 316 830 344 et
874 309 1003 344 odium
1049 315 1084 344 et
1127 308 1250 344 omnis
1292 308 1495 344 inimicicia

180 367 447 416 beneficiorum
467 366 695 403 assiduitate
711 366 978 415 compescitur.
1004 366 1119 416 Ergo
1135 365 1348 413 benefacite
1365 366 1494 402 odien-

180 424 290 471 tibus,
335 431 375 460 ut
411 436 462 460 ex
500 431 627 460 vestra
672 423 935 460 benevolencia
981 423 1056 472 ipsi
1095 435 1135 459 se
1179 422 1357 467 iudicent,
1406 422 1493 471 quia

181 482 319 518 iniuste
350 494 419 518 nos
450 481 594 518 odiunt.

148 542 164 574 5
244 539 364 575 Orate
397 552 473 588 pro
512 538 859 588 calumpniantibus
898 551 975 575 vos.
1028 538 1194 574 Orantes
1222 550 1299 588 pro
1332 537 1643 582 inimicisPrayirJg
1662 543 1715 582 for·
1729 550 1788 570 our

181 609 253 633 non
304 604 449 633 tantum
503 597 590 634 illos
633 603 815 646 quantum
861 608 928 632 nos
972 596 1286 632 commendamus
1329 596 1414 631 Deo
1459 602 1494 632 et
1516 578 1777 647 egeffigziggrggns

181 654 309 705 magis
352 655 590 691 exaudimur
621 667 698 704 pro
737 654 899 690 inimicis
937 661 1093 690 orantes
1123 665 1236 702 quam
1264 665 1341 703 pro
1375 653 1492 690 nobis.
1625 656 1670 674 ¹¹⁸·

187 713 262 756 Qui
299 712 396 748 enim
431 725 508 761 pro
545 725 586 749 se
623 720 711 748 orat
750 725 822 748 non
860 712 998 763 gracie
1045 697 1141 761 o⁰pus
1179 711 1385 760 exequitur
1426 711 1495 747 sed

180 777 327 805 nature.
380 770 477 814 Quis
519 771 616 806 enim
657 783 735 819 pro
779 782 819 806 se
863 782 935 805 non
974 770 1091 805 orat?
1142 769 1220 814 Qui
1256 776 1383 805 autem
1417 781 1494 818 pro

127 827 330 864 xoinimico
380 840 449 864 suo
500 835 588 864 orat
637 828 754 879 digne
803 827 1028 873 exauditur,
1082 827 1169 876 quia
1217 827 1355 878 gracie
1399 839 1495 877 opus

179 885 393 934 exequitur.

242 944 290 979 Ut
328 943 411 979 sitis
439 944 521 993 filii
554 944 683 993 patris
721 943 850 979 vestri.
901 943 942 978 In
982 955 1054 991 quo
1099 942 1196 978 enim
1241 943 1317 979 alio
1350 955 1494 994 cogno·
1509 947 1569 975 We
1589 955 1639 975 are
1659 947 1773 975 known

179 1007 313 1037 scatur
344 1001 431 1049 quia
467 1002 542 1049 filii
577 1014 710 1038 sumus
741 1001 827 1047 Dei,
873 1001 946 1037 nisi
973 1000 1177 1048 fuerimus
1215 1000 1361 1037 similes
1394 1002 1491 1037 Deo.
1508 990 1548 1053 fi}
1563 981 1783 1045 {ffissslffzferssgg

178 1058 271 1094 Filii
313 1059 409 1094 enim
458 1060 637 1095 carnales
668 1059 904 1107 frequenter
941 1058 1110 1094 similant
1143 1066 1281 1108 patres
1319 1059 1355 1094 in
1383 1058 1494 1108 facie
1519 1056 1550 1079 to
1571 1060 1628 1079 our
1648 1051 1771 1079 Father.

127 1119 162 1152 15
179 1123 244 1152 aut
276 1116 311 1152 in
345 1117 495 1165 loquela
527 1124 592 1153 aut
631 1117 666 1152 in
706 1117 786 1153 risu
823 1124 889 1152 aut
927 1116 963 1152 in
1001 1116 1129 1165 aliquo
1162 1116 1281 1152 eciam
1314 1117 1493 1166 corporis

178 1174 303 1224 signo,
326 1175 409 1224 filii
437 1182 563 1211 autem
596 1175 820 1224 spirituales
854 1175 888 1210 in
920 1174 1143 1219 sanctitate,·
1182 1181 1217 1211 et
1250 1174 1309 1210 illi
1342 1175 1491 1223 quidem

177 1232 211 1268 si
245 1232 390 1268 similes
419 1233 588 1281 fuerint,
628 1233 778 1268 laudem
818 1232 963 1267 nullam
997 1239 1206 1275 merentur,
1251 1239 1286 1268 et
1317 1233 1351 1268 si
1382 1232 1492 1269 dissi-

179 1290 300 1336 miles,
341 1290 486 1326 nullam
522 1290 858 1340 vituperacionem‚
904 1290 990 1338 quia
1030 1302 1102 1325 non
1140 1297 1196 1326 est
1233 1290 1269 1325 in
1304 1297 1493 1339 potestate

179 1347 342 1384 hominis
382 1349 531 1396 qualem
564 1348 726 1397 accipiat
759 1348 936 1397 corporis
969 1348 1203 1396 qualitatem.
1243 1348 1336 1383 Filii
1366 1355 1493 1384 autem

122 1419 163 1440 20
178 1405 254 1441 Dei
297 1406 483 1454 siquidem
526 1406 670 1442 similes
703 1406 872 1455 fuerint,
918 1405 1105 1441 laudandi
1146 1412 1245 1449 sunt,
1290 1406 1324 1441 si
1366 1413 1491 1442 autem

178 1463 395 1510 dissimiles,
430 1464 541 1500 nimis
573 1464 819 1513 vituperandi
849 1471 949 1510 sunt,
982 1463 1068 1512 quia
1093 1463 1127 1499 in
1150 1470 1342 1512 potestate
1366 1464 1492 1499 unius-

178 1521 357 1569 cuiusque
389 1529 445 1557 est
476 1534 657 1558 mensura
681 1521 868 1570 faciende
901 1521 1059 1557 iusticie.

54 1572 135 1614 379³
235 1579 278 1614 Si
322 1579 361 1614 di
388 1576 391 1630 Ι
421 1579 543 1630 ligitis
587 1592 649 1616 eos
693 1580 756 1628 qui
794 1591 861 1615 vos
899 1579 1080 1629 diligunt,
1121 1591 1234 1627 quam
1275 1580 1491 1615 mercedem

178 1637 394 1673 habebitis?
449 1638 527 1680 Qui
571 1638 716 1673 amicos
761 1637 892 1687 diligit
931 1644 1100 1686 propter
1142 1650 1182 1673 se
1229 1637 1371 1687 diligit,
1416 1649 1490 1673 non

122 1698 339 1744 25propter
370 1696 521 1740 Deunz;
551 1703 586 1731 et
618 1696 701 1731 ideo
734 1695 881 1730 nullam
915 1695 1029 1731 habet
1051 1695 1280 1733 mercedem.
1314 1695 1493 1731 Delectat

177 1753 274 1788 enim
308 1765 392 1788 euni
426 1753 509 1802 ipsa
543 1753 722 1797 dileccio,·
753 1752 818 1801 qui
848 1760 974 1789 autem
1008 1753 1336 1796 inimicumsuum
1361 1753 1491 1803 diligit

177 1822 248 1846 non
277 1817 443 1859 propter
474 1823 514 1847 se
547 1811 687 1861 diligit,
721 1811 790 1846 sed
815 1817 983 1860 propter
1005 1811 1144 1847 Deum.
1180 1811 1269 1847 Ideo
1303 1823 1490 1862 magnam

176 1868 286 1904 habet
325 1869 554 1915 mercedem,
588 1869 674 1917 quia
707 1869 939 1904 contradicit
971 1869 1135 1904 motibus
1165 1869 1267 1914 suis5
1298 1869 1362 1904 ubi
1392 1869 1489 1905 enim

176 1926 287 1962 labor
317 1926 542 1972 seminatur,
577 1927 655 1963 illic
687 1926 845 1962 metitur
866 1927 1042 1975 fructus.

119 1987 160 2018 30
234 1983 369 2020 Estote
410 1997 508 2035 ergo
536 1984 719 2033 perfecti,
759 1984 854 2020 sicut
882 1991 999 2033 pater
1032 1991 1159 2020 vester
1186 1984 1390 2033 perfectus
1421 1991 1488 2020 est.

181 2041 257 2085 Qui
295 2041 423 2092 diligit
462 2043 626 2078 amicum
665 2055 775 2078 suum
823 2049 1026 2090 peccatum
1074 2042 1225 2090 quidem
1266 2054 1338 2077 non
1370 2041 1491 2089 facit,

175 2099 364 2135 iusticiam
412 2108 537 2136 autem
581 2113 653 2136 non
693 2107 892 2148 operatur.
928 2100 1142 2135 Dimidium
1183 2106 1310 2135 autem
1351 2100 1489 2135 bonum

175 2164 229 2192 est
263 2157 460 2194 discedere
492 2171 512 2193 a
547 2159 648 2194 malo
681 2164 715 2193 et
748 2170 821 2193 non
854 2158 961 2206 sequi
991 2158 1141 2193 bonum.
1178 2157 1401 2205 Perfectum
1435 2164 1491 2193 est

174 2221 313 2261 autem,
360 2223 400 2250 ut
437 2228 509 2251 non
548 2216 671 2252 solum
701 2215 843 2265 fugiat
883 2215 1026 2250 malum
1065 2216 1134 2251 sed
1165 2215 1296 2262 faciat
1335 2215 1487 2251 bonum.

118 2276 158 2308 35
175 2272 265 2308 Ideo
289 2273 399 2308 dicit:
432 2274 605 2322 Perfecti
634 2279 764 2319 estote,
799 2279 839 2307 ut
871 2280 906 2309 et
937 2273 1083 2309 amicos
1116 2272 1291 2322 diligatis
1318 2279 1487 2321 propter

169 2338 385 2378 peccatum,
437 2331 608 2367 inimicos
637 2338 804 2380 propter
842 2331 1046 2376 iusticiam,
1088 2330 1265 2379 quoniam
1305 2330 1404 2365 illud
1444 2331 1490 2366 de

171 2399 270 2436 pena
316 2388 466 2434 liberat,
512 2389 582 2425 hoc
626 2396 752 2424 autem
802 2389 905 2424 ducit
950 2389 1000 2424 ad
1037 2388 1222 2439 gloriam.
1270 2388 1351 2424 Nec
1390 2388 1487 2424 enim

171 2446 350 2495 perfecta
403 2454 458 2482 est
499 2447 576 2482 Dei
626 2447 758 2496 imago
810 2458 882 2495 que
934 2459 1007 2483 non
1051 2458 1127 2495 per
1175 2446 1302 2482 omnia
1343 2446 1489 2482 similat

174 2503 313 2542 Deum.

242 2717 270 2751 8,
290 2726 318 2754 9.
340 2718 380 2746 B:
401 2720 457 2746 sed
473 2723 584 2747 nature
604 2720 698 2747 deest.
797 2718 836 2747 13.
857 2720 936 2753 nisi,·
954 2721 999 2747 A:
1021 2728 1094 2747 non.
1195 2728 1237 2753 14.
1257 2721 1303 2747 A:
1324 2721 1355 2748 in
1374 2729 1390 2747 s
1413 2721 1486 2748 ecte.

173 2752 216 2780 16.
248 2755 293 2780 A:
325 2754 504 2781 sanctitate.
631 2762 669 2781 21.
701 2754 740 2781 B:
772 2757 845 2781 sunt
876 2755 969 2782 deest.
1101 2754 1137 2781 26
1183 2755 1227 2781 A:
1259 2762 1315 2781 sua
1346 2755 1485 2782 dieccz'o.

173 2786 214 2815 31.
233 2787 272 2815 B:
308 2796 393 2815 suum
415 2789 506 2816 deest.
649 2787 695 2822 34.
717 2790 761 2816 A:
792 2797 852 2816 non
863 2789 990 2825 fugiat.
1134 2775 1181 2816 36.
1208 2790 1253 2816 A:
1287 2790 1365 2817 illud
1391 2790 1485 2817 deest.

172 2821 217 2857 37.
238 2824 281 2850 A:
303 2823 386 2850 dicit.
459 2822 504 2851 38.
527 2823 565 2851 13:
587 2824 643 2860 qui
659 2832 731 2850 non.
