2062 3327
204 242 293 269 CAP.
314 231 395 288 ΧΠ]
712 243 853 273 PRIMA
881 242 1007 274 PARS.
1762 234 1811 282 39

84 362 165 407 357b
260 350 467 396 Similiter,
515 358 675 386 curatus
703 344 709 398 l
739 348 867 385 fidelis
913 350 1030 385 debet
1074 348 1285 385 notificare
1318 348 1398 385 suis
1432 351 1521 385 sub-
1570 356 1773 391 Indulgcnces

203 408 308 455 ditis,
342 408 410 444 ubi
444 416 502 444 est
534 407 725 453 securior,
762 406 935 454 amplior
959 415 994 443 et
1018 420 1091 455 pro
1115 407 1250 455 precio
1273 407 1430 443 meliori
1465 407 1522 443 in·
1536 391 1813 454 grantteeclssplcasy

201 466 410 515 dulgencia
428 479 501 514 pro
525 465 604 502 suis
628 464 796 501 subditis
813 466 1100 513 comparanda.
1130 466 1207 501 Sed
1229 465 1337 501 bulla
1366 465 1522 513 papalis

201 526 317 561 docet
352 527 410 570 (ut
443 523 604 569 dicitur)
642 524 858 571 quemdam
908 536 1056 571 papam
1102 522 1242 560 fecisse
1287 522 1520 560 oracionem

167 584 420 631 5quamdam
466 590 503 619 et
548 581 792 618 concessisse
837 581 887 617 ad
934 580 1174 617 instanciam
1218 580 1321 629 regis
1354 580 1521 618 Francie

199 642 278 677 duo
312 640 438 677 millia
471 653 685 685 annorum,
711 638 1038 688 quociescumque
1061 639 1205 676 habilis
1237 639 1347 675 illam
1380 638 1521 675 dixerit

198 698 302 734 inter
330 698 670 735 Consecracionem
706 706 743 733 et
774 698 913 747 Agnus
945 698 1029 734 Dei.
1079 697 1127 733 Et
1160 697 1216 734 sic
1250 696 1519 746 probabiliter

199 755 238 792 in
272 756 474 793 audiendo
509 756 655 792 multas
690 755 831 792 missas
867 755 993 792 fidelis
1034 764 1168 803 posset
1201 755 1241 791 in
1275 767 1518 804 quocunque

196 815 285 851 loco
325 813 503 851 fidelium
539 822 700 850 centurn
735 813 859 850 millia
900 826 1098 850 annorum
1132 813 1344 862 acquirere
1378 815 1426 850 de
1459 813 1517 850 in-

145 872 407 921 iodulgencia
457 885 537 908 uno
584 871 660 908 die.
708 873 794 917 Que
839 884 931 919 ergo
983 871 1200 908 necessitas
1246 872 1341 908 dare
1386 885 1511 907 unum

197 930 405 967 denarium
439 943 513 979 pro
546 943 668 978 parva
703 938 739 966 et
772 929 906 966 minus
938 929 1134 966 fundabili
1167 929 1447 977 indulgencia?

253 989 392 1025 Talem
429 997 564 1025 autem
589 987 898 1036 prudenciorem
936 987 1242 1024 mercimoniam
1281 1001 1354 1036 pro
1386 988 1515 1024 salute
1569 1004 1634 1032 The
1654 1005 1766 1033 Lord's

196 1046 327 1083 anime
360 1055 494 1095 posset
527 1055 687 1082 curatus
718 1059 789 1082 suo
820 1046 970 1094 populo
1000 1046 1132 1082 dicere
1156 1046 1353 1087 colorate;
1388 1045 1513 1082 immo
1550 1048 1789 1111 pggsslgserarsiybt

197 1106 506 1152 superaddendo
541 1117 614 1153 pro
647 1103 759 1141 laicis
800 1104 867 1152 qui
913 1104 1098 1140 nesciunt
1132 1104 1243 1140 illam
1277 1103 1511 1140 oracionem
1545 1109 1595 1136 the
1616 1110 1783 1146 privileged

144 1163 305 1211 15quod
338 1171 493 1199 tantam
526 1163 588 1199 vel
622 1162 819 1199 maiorem
859 1161 1158 1210 indulgenciam
1200 1162 1406 1198 habebunt
1439 1175 1512 1210 pro
1598 1153 1735 1181 prayers.

195 1220 384 1258 oracione
437 1220 642 1257 dominica
696 1220 1021 1269 quociescunque
1074 1220 1203 1268 ipsam
1259 1219 1430 1256 dixerint
1472 1219 1512 1256 in

193 1287 305 1316 tanta
338 1278 503 1315 caritate
536 1287 578 1315 ut
611 1278 819 1315 habilitate
861 1278 1136 1326 indulgencias
1170 1279 1451 1326 promerendo.

252 1338 401 1374 Contra
434 1337 532 1374 tales
566 1336 681 1374 fictas
715 1345 751 1373 et
784 1336 1054 1373 infundabiles
1086 1336 1362 1384 indulgencias
1395 1337 1512 1373 debet
1525 1342 1727 1378 Indulgences
1753 1352 1804 1371 are

194 1394 322 1431 fidelis
374 1396 581 1443 presbyter
639 1394 906 1443 multiplicare
962 1394 1145 1431 raciones
1192 1394 1359 1441 vivaces,
1415 1396 1510 1430 dum
1553 1386 1635 1405 mere
1655 1378 1772 1407 frauds.

136 1465 177 1486 20
193 1452 316 1489 esurit
351 1462 387 1490 et
420 1452 502 1489 sitit
525 1452 727 1489 iusticiam
751 1452 847 1501 legis
881 1452 966 1499 Dei,
1002 1452 1095 1501 quia
1119 1465 1189 1500 per
1222 1452 1320 1489 talia
1355 1452 1510 1500 sophis—

194 1519 300 1547 mata
333 1510 571 1547 Antichristi
604 1511 664 1547 lex
698 1510 769 1547 Dei
803 1511 1115 1559 contempnitur,
1149 1511 1293 1547 stultus
1327 1510 1436 1547 dives
1470 1510 1510 1546 in

192 1581 260 1617 spe
292 1582 394 1606 vana
432 1568 596 1617 ponitur
629 1577 665 1605 et
697 1568 875 1618 undique
908 1568 1052 1606 viatori
1085 1569 1182 1605 false
1214 1568 1408 1605 illuditur.
1461 1570 1509 1605 Et

192 1628 330 1664 eadem
377 1636 434 1663 est
475 1626 750 1663 consideracio
797 1628 844 1663 de
885 1626 1118 1664 mercandia
1163 1626 1277 1663 venie
1323 1626 1506 1663 omnium
1557 1667 1561 1672 ,
1618 1634 1714 1662 Their

190 1685 479 1733 discipulorum
513 1684 748 1722 Antichristi
788 1684 855 1733 qui
894 1684 1067 1721 illudunt
1106 1686 1257 1733 populo
1290 1684 1507 1721 infideliter
1534 1668 1712 1732 ὼξὲξᾷξξξξ
1729 1678 1783 1732 (ᾖξε

133 1743 229 1779 25in
261 1744 335 1780 hac
367 1752 494 1791 parte,
529 1742 754 1780 cuiusmodi
786 1752 877 1779 sunt
900 1756 1017 1792 pape,
1055 1742 1293 1789 cardinales,
1328 1742 1506 1791 episcopi
1520 1738 1799 1802 Anticlgrigqgrom

190 1810 226 1837 et
258 1801 470 1838 inferiores
503 1801 646 1849 prelati
679 1814 804 1849 usque
846 1803 895 1837 ad
929 1802 1102 1838 discolos
1136 1801 1403 1849 perdonistaS.
1458 1804 1506 1837 Et
1581 1782 1745 1842 piirffioncr.

188 1859 269 1896 fere
302 1859 408 1896 idern
443 1868 500 1896 est
532 1859 726 1896 iudicium
761 1861 808 1895 de
845 1859 931 1896 aliis
954 1859 1230 1896 venditoribus
1254 1859 1507 1906 meritorum,

189 1916 417 1953 cuiusmodi
453 1926 543 1953 sunt
573 1917 775 1964 monachi,
807 1917 991 1954 canonici
1025 1926 1145 1965 atque
1168 1918 1321 1955 fratres.
1357 1918 1508 1954 Omnes

189 1974 294 2011 enirn
357 1975 650 2012 convincuntur
709 1988 752 2012 ex
813 1975 888 2012 ista
956 1975 1131 2012 stulticia
1193 1976 1302 2023 quod
1365 1975 1509 2012 nolunt

131 2036 172 2068 30
189 2045 321 2069 emere
352 2034 414 2070 vel
448 2033 659 2081 adquirere
693 2032 952 2081 participium
987 2033 1224 2070 meritorum
1257 2033 1398 2070 talium
1433 2033 1507 2070 sibi

187 2091 296 2139 ipsis.
331 2093 379 2127 Et
411 2104 492 2128 non
524 2100 616 2128 sunt
648 2091 703 2128 sic
744 2091 854 2127 stulti
894 2093 1002 2140 quod
1041 2093 1190 2128 audent
1229 2091 1361 2128 dicere
1399 2091 1507 2139 ipsos

188 2161 271 2186 esse
294 2162 451 2186 summe
475 2150 614 2197 plenos
638 2150 784 2186 talibus
814 2149 1079 2198 indulgenciis
1103 2149 1187 2186 sine
1211 2149 1376 2185 meritis.
1412 2151 1505 2186 Ideo

187 2220 276 2244 cum
312 2207 441 2243 omnis
475 2207 620 2244 caritas
643 2207 784 2255 incipit
817 2221 839 2244 a
871 2221 911 2244 se
948 2208 1048 2256 ipsa,
1085 2216 1142 2244 est
1173 2205 1311 2244 ‘multis
1346 2207 1505 2244 evidens

187 2267 295 2313 quod
333 2278 414 2302 non
447 2274 504 2301 est
536 2265 611 2301 nisi
635 2266 841 2314 sophisma
865 2279 945 2314 quo
968 2266 1141 2302 illudunt
1174 2266 1324 2314 populo
1357 2265 1503 2302 laicali.

131 2325 170 2358 35
243 2322 357 2360 Vivat
396 2336 490 2371 ergo
529 2324 650 2360 horno
682 2323 827 2360 iustam
863 2323 983 2361 vitam
1025 2333 1061 2360 et
1101 2323 1277 2360 confidat
1310 2324 1358 2359 de
1381 2323 1504 2371 parti-

188 2381 301 2418 cione
335 2381 466 2418 meriti
500 2383 608 2430 quod
641 2384 745 2418 Deus
786 2381 857 2418 sibi
908 2381 1117 2418 donaverit
1150 2381 1253 2417 sicut
1285 2382 1429 2429 placet,
1466 2390 1503 2418 et

187 2451 326 2476 omnes
371 2439 531 2486 argucie
576 2439 811 2477 Antichristi
861 2453 943 2476 non
989 2448 1079 2476 sunt
1130 2439 1282 2476 habiles
1328 2439 1501 2476 recitari.

186 2499 303 2544 Deus,
338 2497 466 2546 inquit
497 2497 778 2543 Antichristus,
814 2498 909 2534 dixit
932 2499 1068 2534 Petro:
1109 2498 1371 2547 Quodcunque
1403 2498 1503 2548 liga-

188 2556 289 2592 veris
321 2568 436 2605 super
467 2563 614 2592 terram
649 2556 721 2592 erit
762 2557 924 2607 ligatum
964 2564 999 2592 et
1031 2557 1066 2592 in
1099 2556 1189 2592 celis
1221 2563 1304 2603 etc„
1344 2564 1380 2592 et
1418 2555 1502 2603 ipse

254 2733 274 2751 1.
295 2725 323 2752 A
343 2724 373 2751 in
396 2733 508 2759 marg.:
530 2726 561 2752 5.
651 2733 679 2757 4.
702 2725 746 2752 A:
766 2724 899 2752 doceret.
996 2725 1024 2751 (3.
1045 2725 1089 2752 A:
1111 2724 1218 2759 ipsam:
1321 2732 1358 2751 12.
1380 2725 1423 2751 A:
1466 2732 1501 2751 er

183 2759 291 2786 salute.
365 2767 403 2793 17.
425 2759 462 2786 B:
478 2760 691 2794 promovendo
702 2769 711 2791 ,·
731 2759 878 2786 correxit:
907 2759 1126 2794 promerendo.
1200 2758 1245 2786 28.
1267 2760 1310 2786 A:
1332 2759 1439 2786 czciuslz
1461 2761 1499 2785 et.

186 2792 228 2820 35.
249 2796 278 2821 A
298 2794 327 2821 in
350 2802 461 2829 marga
484 2794 576 2822 Nota.

253 2863 283 2896 6.
303 2866 366 2897 See
381 2866 494 2897 Select
508 2865 653 2907 English
668 2865 797 2897 Works
816 2866 837 2906 I,
859 2867 930 2907 137,
950 2866 986 2905 H,
1005 2866 1080 2896 302.
1139 2866 1191 2899 38.
1207 2864 1325 2896 Matth.
1341 2865 1429 2904 XVI,
1450 2875 1498 2907 19.
