2003 3322
202 200 291 229 cAp.
311 188 466 248 XXXIV]
683 202 894 236 SECUNDA
921 203 1047 235 PARS.

204 318 427 347 consonant
461 309 693 358 castigando
727 318 904 357 peccata,
937 309 1029 346 licet
1061 321 1199 345 omnes
1233 310 1337 356 leges
1370 308 1436 344 ille
1469 308 1509 343 in

202 368 331 404 forma
375 377 412 404 et
449 376 593 404 natura
632 367 794 415 propria
834 367 911 404 sint
951 367 1133 404 extincte.
1177 369 1278 403 Nam
1319 366 1360 402 in
1405 374 1511 401 statu

201 425 432 462 innocencie
460 438 541 462 non
573 426 733 462 fuerunt
767 434 803 461 et
835 438 916 461 non
949 434 1064 462 erunt
1096 433 1186 473 post
1219 424 1324 460 diem
1358 423 1510 468 iudicii,

202 485 362 532 quando
401 483 567 520 ecclesia
607 483 681 519 erit
712 483 865 532 optime
898 484 1097 531 regulata;
1138 492 1175 519 et
1214 491 1308 518 tunc
1342 480 1511 517 cessabit

169 542 423 577 §humanum
456 541 684 590 imperium,
719 543 880 590 quando
912 550 997 578 tota
1030 540 1199 577 ecclesia
1231 540 1270 576 in
1299 539 1511 576 virtutibus

201 608 237 635 et
269 598 515 636 beatitudine
554 599 676 647 capiti
715 612 786 636 suo
820 599 978 635 Christo
1017 598 1182 635 domino
1222 607 1280 634 est
1312 597 1510 642 subiecta3

202 665 240 693 et
283 669 389 693 nunc
432 657 630 703 veritates,
675 670 773 705 quas
820 657 1002 694 homines
1046 665 1141 692 tunc
1185 664 1426 703 cognoscent
1470 654 1510 689 in

201 714 458 761 beatitudine,
492 714 571 751 iam
604 727 683 751 non
712 716 859 752 audent
894 715 1032 751 mundi
1056 714 1303 762 principibus
1328 715 1512 760 detegere

200 785 270 820 pre
302 781 461 809 tunore.

148 899 186 920 10
652 884 790 925 CAP.
822 884 1063 925 XXXIV.

258 979 448 1028 Sequitur
470 979 510 1016 in
533 988 640 1016 textu
664 979 873 1028 evangelii:
910 980 1014 1023 Quid
1036 987 1161 1015 autem
1192 979 1299 1015 vides
1311 979 1510 1027 festucam

199 1038 235 1074 in
273 1038 381 1075 oculo
404 1038 557 1086 fratris
594 1038 649 1072 tui
683 1045 719 1073 et
757 1039 906 1074 trabem
946 1038 982 1073 in
1021 1038 1129 1073 oculo
1173 1045 1236 1073 tuo
1270 1050 1342 1073 non
1376 1038 1512 1073 vides?

199 1096 275 1132 Aut
289 1096 478 1145 quomodo
501 1095 595 1132 dicis
605 1096 741 1143 fratri
759 1103 843 1131 tuo:
863 1096 1021 1142 Frater,
1044 1096 1137 1140 sine,
1161 1096 1295 1131 eiciam
1309 1096 1509 1144 festucam

199 1155 248 1190 de
269 1154 379 1190 oculo
402 1161 487 1189 tuo:
517 1153 570 1188 Et
601 1165 698 1199 ecce,
732 1154 861 1189 trabes
893 1161 949 1189 est
979 1154 1015 1188 in
1049 1154 1158 1190 oculo
1192 1161 1277 1189 tuo:
1317 1153 1509 1201 Ypocrita‚

148 1211 184 1244 15
200 1212 277 1248 eice
301 1211 473 1260 primum
506 1211 653 1246 trabem
688 1212 734 1246 de
766 1211 875 1247 oculo
908 1219 985 1257 tuo,
1025 1219 1060 1247 et
1092 1219 1180 1247 tunc
1213 1211 1357 1246 videbis
1389 1211 1511 1246 eicere

189 1271 386 1319 festucam
411 1270 457 1305 de
478 1269 586 1304 oculo
599 1269 751 1317 fratris
772 1269 837 1307 tui.
862 1270 990 1316 Super
1013 1282 1091 1317 quo
1114 1268 1378 1317 Augustinus:
1409 1269 1457 1304 Ut
1477 1269 1512 1304 si

189 1328 306 1376 forte
329 1327 437 1363 verbi
456 1327 596 1376 gracia
619 1326 678 1362 ira
702 1326 766 1362 ille
784 1327 960 1375 peccavit
983 1334 1017 1363 et
1039 1334 1078 1362 tu
1108 1327 1194 1363 odio
1229 1326 1506 1375 reprehendas,

201 1392 382 1434 quantum
421 1391 546 1420 autem
586 1384 685 1420 inter
707 1384 904 1432 festucam
944 1392 979 1420 et
1018 1385 1180 1428 trabem,
1220 1384 1329 1433 quasi
1359 1391 1505 1419 tantum

201 1443 301 1478 inter
322 1443 421 1478 iram
446 1442 564 1477 distat
585 1450 621 1478 et
642 1442 783 1478 odium.
814 1442 954 1478 Odium
978 1450 1104 1478 autem
1134 1450 1188 1479 est
1211 1443 1270 1477 ira
1294 1442 1506 1477 inveterata

144 1510 186 1532 20
201 1500 311 1549 quasi
358 1512 429 1549 que
474 1507 659 1536 vetustate
702 1500 784 1549 ipsa
835 1508 982 1536 tantum
1030 1501 1151 1536 robur
1201 1507 1415 1549 acceperat,
1469 1506 1509 1534 ut

202 1558 339 1594 merito
379 1558 596 1607 appelletur
628 1558 769 1596 trabes,
808 1558 917 1593 Fieri
947 1566 1072 1594 autem
1102 1565 1243 1609 potest,
1277 1565 1316 1593 ut
1346 1557 1381 1593 si
1410 1557 1508 1593 iras-

201 1616 303 1652 caris
353 1616 498 1652 homini
540 1615 634 1651 velis
672 1628 756 1651 eum
795 1616 967 1666 corrigi:
1011 1617 1054 1652 Si
1103 1629 1193 1652 vero
1238 1615 1368 1651 oderis
1412 1627 1509 1661 eum,

201 1686 273 1710 non
311 1673 461 1722 poteris
503 1685 587 1709 eum
634 1674 730 1709 velle
772 1674 988 1723 corrigere.
1035 1674 1238 1718 Quomodo
1277 1672 1373 1709 enim
1418 1673 1512 1708 dicis

190 1732 325 1780 fratri
360 1739 444 1767 tuo.-
487 1731 588 1777 Sine,
634 1731 767 1767 eiciam
792 1731 990 1780 festucam
1025 1733 1071 1767 de
1103 1732 1212 1768 oculo
1247 1739 1323 1774 tuo,
1362 1738 1396 1766 et
1428 1742 1512 1766 ecce

145 1788 184 1820 25
202 1790 332 1825 trabes
374 1796 429 1825 est
466 1788 502 1824 in
540 1789 650 1825 oculo
690 1797 767 1833 tuo,
805 1789 882 1825 eice
913 1790 1085 1838 primum
1123 1790 1272 1825 trabem
1313 1790 1359 1824 de
1402 1788 1510 1824 oculo

201 1854 264 1882 tuo
297 1853 331 1882 et
362 1854 449 1882 tunc
482 1847 625 1883 videbis
656 1847 778 1883 eicere
798 1848 998 1896 festucam⁴
1037 1848 1083 1883 de
1121 1848 1230 1883 oculo
1254 1846 1406 1896 fratris
1444 1846 1511 1892 tui,

202 1905 273 1940 hoc
305 1911 373 1951 est,
402 1904 574 1953 primum
614 1905 682 1941 abs
720 1912 755 1940 te
787 1906 939 1954 expelle
970 1905 1100 1941 odium
1134 1912 1168 1941 et
1201 1906 1336 1941 deinde
1365 1904 1513 1953 poteris

202 1962 278 1998 iam
319 1974 402 1998 eum
434 1974 544 2011 quem
578 1963 712 2013 diligis
744 1964 962 1998 emendare.
1003 1963 1055 1998 Et
1086 1964 1177 1999 bene
1208 1963 1281 1998 ait:
1321 1962 1510 2011 Yp0crita.

201 2020 394 2056 Accusare
445 2020 541 2055 vicia
592 2021 688 2056 enim
735 2021 905 2070 officium
946 2028 1001 2056 est
1038 2021 1225 2057 bonorum
1266 2021 1439 2056 virorum
1478 2026 1513 2054 et

145 2078 186 2109 30
201 2078 484 2124 benevolorum,
513 2079 614 2126 quod
643 2091 725 2113 cum
750 2078 1024 2127 malifaciunt‚
1048 2078 1195 2115 alienas
1212 2086 1347 2128 partes
1376 2084 1511 2127 agunt,

202 2135 301 2172 sicut
315 2135 501 2186 ypocrite
524 2136 588 2184 qui
613 2143 750 2186 tegunt
776 2137 844 2172 sub
878 2136 989 2172 ovina
1017 2137 1123 2185 pelle
1145 2137 1289 2172 rabiem
1324 2136 1510 2184 lupinam,

202 2193 267 2241 qui
297 2201 432 2243 tegunt
462 2194 530 2229 sub
557 2206 727 2242 persona
749 2195 852 2243 quod
884 2202 970 2230 sunt
1002 2202 1036 2230 et
1065 2201 1255 2230 ostentant
1287 2194 1322 2229 in
1342 2205 1511 2242 persona

205 2251 305 2299 quod
336 2263 409 2286 non
444 2258 542 2286 sunt.

268 2308 536 2358 Ypocritarum
588 2309 711 2359 igitur
753 2309 904 2345 nomine
953 2309 1200 2345 simulatores
1249 2317 1284 2345 et
1315 2309 1434 2358 fictos
1477 2315 1512 2344 et

147 2367 325 2415 35falsos
351 2367 512 2414 fratres
548 2367 678 2415 accipe
717 2374 751 2403 et
788 2367 957 2416 parietes
990 2368 1197 2403 dealbatos.
1245 2368 1297 2403 Et
1329 2375 1383 2403 est
1423 2378 1513 2401 vere

203 2424 364 2460 multum
408 2425 620 2460 cavendum
665 2432 700 2460 et
739 2425 940 2461 molestum
978 2437 1102 2475 genus
1139 2425 1410 2461 simulatorum
1450 2424 1513 2472 qui

271 2615 295 2643 5.
317 2618 361 2644 A:
382 2615 547 2644 humanum
566 2617 797 2652 imperpetuum.
900 2617 927 2644 6.
944 2617 982 2643 B:
1004 2617 1190 2644 beatitudini
1297 2625 1323 2652 7.
1345 2617 1461 2644 Codd.:
1483 2619 1513 2644 et

204 2653 284 2678 tunc.
358 2659 391 2679 11.
413 2651 434 2678 B
451 2652 479 2678 in
497 2659 610 2686 marg:
634 2651 765 2678 XXXIII.
839 2650 876 2678 13.
889 2653 933 2679 A:
948 2651 1061 2679 Frater
1075 2652 1169 2679 deest.
1244 2652 1285 2679 16.
1306 2654 1334 2679 A
1348 2653 1378 2679 in
1395 2659 1509 2687 marg:

203 2685 406 2722 Augustinus.
479 2694 517 2720 17.
538 2687 582 2713 A:
605 2689 635 2713 et
653 2686 745 2713 deest.
818 2685 858 2713 35.
880 2688 924 2714 A:
945 2687 1096 2722 accipere.

205 2815 214 2846 l
277 2778 326 2800 Η.
352 2769 471 2847 Mat6th.
498 2768 569 2809 VH,
596 2769 696 2802 3—5.
810 2769 858 2801 16.
885 2770 936 2801 De
963 2780 1125 2801 sermone
1151 2770 1292 2801 Domini
1319 2770 1352 2800 in
1380 2776 1509 2810 monte,

218 2838 226 2846 .
253 2824 280 2846 c.
306 2826 339 2857 p.
368 2825 407 2846 22
437 2841 443 2846 .

1329 2883 1373 2908 24

1719 191 1796 238 369

1566 1273 1754 1306 Angustiae:

1552 1306 1629 1334 Hate
1649 1317 1720 1345 may
1742 1308 1775 1334 be

1557 1342 1605 1368 the
1627 1343 1713 1371 bearn
1735 1344 1765 1370 in

1552 1384 1610 1403 our
1629 1386 1681 1414 eye
1701 1381 1766 1409 that

1560 1412 1651 1440 unfits
1672 1423 1707 1442 us
1728 1422 1758 1444 to

1599 1455 1728 1483 reprove

1592 1485 1730 1513 another.
