2003 3322
198 212 271 247 138

207 980 250 1007 Ch
257 981 439 1017 rysostom's

240 1020 406 1043 comment.

212 1270 281 1298 God
304 1272 364 1299 will
387 1275 440 1298 not

234 1311 340 1341 accept
359 1307 409 1333 the

252 1341 399 1376 offerings

213 1376 246 1401 of
263 1375 351 1403 those
371 1376 442 1403 who

219 1410 330 1438 illtreat
351 1411 428 1438 their

251 1445 403 1473 brethren.

894 221 1012 252 opos
1038 221 1374 253 EVANGELtCUM
1519 209 1625 263 [CAP.
1648 218 1785 246 xxxix.

478 327 654 375 periores
688 327 883 375 propositi
916 329 1136 375 rependere
1169 327 1248 363 suis
1282 327 1450 364 subditis
1485 329 1559 364 hoc
1582 327 1787 376 spirituale

477 384 710 433 suffragium
757 398 877 434 quam
924 385 1073 422 subditi
1113 386 1258 422 debent
1309 385 1364 422 eis
1416 387 1582 422 reddere
1634 387 1784 422 donum

477 443 641 491 aliquod
673 444 908 491 temporale,
942 442 1100 480 videtur
1132 455 1202 492 per
1246 444 1378 480 locum
1425 457 1447 480 a
1491 443 1633 480 maiori
1679 445 1787 492 quod

477 514 558 537 non
592 502 736 537 debent
769 501 917 537 subditi
952 501 1028 537 hoc
1062 501 1117 537 eis
1150 503 1316 538 reddere
1349 511 1566 550 antequam
1608 514 1679 549 pro
1718 514 1788 549 po-

478 559 577 595 ciori
610 559 665 595 eis
698 559 961 595 satisfecerint
996 568 1033 595 et
1065 559 1290 608 specialiter
1324 561 1407 596 Deo
1441 572 1526 596 suo.
1560 561 1650 595 Non
1682 559 1785 595 enirn
1805 561 1821 593 5

478 618 623 654 debent
655 619 876 653 secundum
910 618 1051 654 falsam
1097 617 1300 654 racionem
1342 627 1379 654 et
1413 620 1495 654 Deo
1542 616 1786 654 contrariam

478 674 596 711 alicui
629 674 780 711 homini
813 675 1029 723 quicquam
1063 676 1158 711 dare
1203 677 1271 712 sed
1305 677 1352 712 de
1396 677 1471 712 hoc
1515 674 1788 711 intromittant

478 745 518 769 se
551 732 619 781 qui
652 734 800 770 audent
834 742 870 770 et
902 732 1033 769 sciunt
1073 734 1121 770 de
1161 732 1232 770 Dei
1280 733 1480 770 adiutorio
1526 733 1786 770 confidentes.

925 878 1062 922 CAP.
1094 880 1344 922 XXXIX.

536 976 805 1013 Crisostomus
838 985 972 1013 autern
1007 989 1125 1024 super
1157 976 1234 1013 isto
1266 985 1373 1013 textu
1407 977 1462 1013 sic
1501 976 1702 1025 loquitur:
1747 978 1847 1013 Sim

478 1035 596 1083 offers
628 1047 766 1071 munus
797 1042 903 1070 tuum
937 1042 1005 1071 etc.
1032 1035 1174 1083 frater
1204 1042 1292 1071 tuus
1323 1035 1469 1083 aliquid
1500 1036 1612 1071 habet
1650 1042 1786 1072 contra

477 1100 525 1137 te,
557 1092 591 1128 si
622 1092 745 1128 iratus
776 1093 810 1128 ei
831 1093 966 1141 fueris
998 1093 1079 1129 sine
1110 1105 1239 1138 causa,
1271 1093 1304 1129 si
1336 1093 1472 1129 dixisti
1502 1093 1536 1129 ei
1563 1094 1696 1129 Racha
1730 1093 1790 1130 vel

477 1151 601 1186 Fatue
631 1151 712 1187 sine
744 1163 872 1186 causa.
921 1151 963 1186 Si
994 1163 1092 1201 ergo
1125 1162 1176 1186 ex
1208 1151 1281 1186 hiis
1313 1151 1458 1187 levibus
1491 1151 1615 1187 causis
1646 1152 1788 1200 offenso

467 1203 607 1257 fratre
644 1215 679 1244 et
717 1220 789 1244 non
824 1208 983 1257 placato
1023 1208 1255 1257 impossibile
1286 1216 1343 1244 est
1381 1221 1518 1245 munus
1557 1215 1662 1244 tuum
1705 1210 1788 1245 Deo

478 1266 615 1315 offerri
649 1273 684 1302 et
722 1267 875 1315 suscipi,
915 1267 1105 1315 quomodo
1144 1273 1232 1303 ante
1271 1274 1516 1316 conspectum
1550 1266 1626 1303 Dei
1656 1267 1787 1318 ingre-
1808 1267 1844 1299 15

479 1324 648 1368 diantur,
681 1325 915 1373 quifratres
945 1337 1035 1361 suos
1061 1325 1296 1371 conculcant,
1330 1325 1536 1375 castigant,
1555 1325 1787 1373 predantur,

478 1389 513 1417 et
545 1382 621 1418 alia
655 1382 775 1418 multa
809 1383 844 1418 in
880 1382 1004 1418 viduis
1026 1389 1060 1419 et
1082 1382 1269 1431 orphanis
1291 1383 1495 1431 nephanda
1518 1383 1790 1419 committunt?

480 1441 520 1475 In
555 1440 698 1489 primis
734 1440 836 1476 scire
875 1441 1054 1477 debemus
1093 1441 1194 1489 quod
1231 1440 1412 1488 quamdiu
1439 1440 1582 1489 fideles
1619 1441 1790 1477 homines

479 1498 648 1547 aliquam
696 1498 968 1535 dissensionem
1007 1498 1212 1535 habuerint
1249 1499 1349 1534 inter
1384 1511 1424 1534 se
1456 1499 1563 1535 Deus
1600 1498 1677 1534 illis
1716 1511 1788 1534 non

474 1563 602 1606 potest
633 1568 714 1592 esse
744 1557 900 1593 amicus.
947 1556 1089 1593 Munus
1122 1569 1254 1593 eorum
1288 1569 1360 1592 non
1396 1556 1617 1605 suscipitur,
1657 1557 1787 1592 oracio
1804 1568 1846 1589 20

479 1627 613 1650 eorum
646 1626 719 1650 non
751 1615 976 1658 exauditur,
1010 1615 1069 1650 vel
1090 1615 1125 1651 si
1145 1614 1290 1663 aliquid
1321 1614 1430 1650 aliud
1451 1615 1587 1650 bonum
1601 1615 1788 1663 fecerint,

478 1673 565 1721 quia
602 1684 711 1708 nemo
744 1672 843 1708 inter
876 1673 971 1709 duos
1002 1672 1174 1708 inimicos
1206 1679 1334 1721 potest
1371 1684 1452 1708 esse
1470 1672 1606 1722 fidelis
1643 1672 1789 1709 amicus

478 1731 693 1775 amborum,
739 1738 913 1780 utputa,
945 1730 980 1766 si
1010 1731 1056 1766 de
1088 1731 1154 1766 illo
1187 1731 1278 1767 bene
1310 1730 1482 1779 loquaris
1519 1731 1623 1779 apud
1660 1730 1787 1778 istum,

481 1788 660 1837 displices
693 1788 756 1825 isti
786 1796 821 1824 et
853 1788 889 1824 in
920 1789 1173 1837 suspicionem
1213 1788 1328 1835 venis,
1373 1788 1484 1836 quasi
1514 1788 1606 1837 plus
1645 1789 1789 1839 diligas

478 1846 599 1882 illum.
646 1846 698 1881 Et
734 1846 769 1882 si
797 1846 849 1881 ad
880 1846 987 1882 illum
1021 1846 1112 1882 bene
1143 1846 1315 1894 loquaris
1356 1847 1402 1882 de
1439 1846 1509 1882 isto
1542 1853 1577 1882 et
1609 1846 1788 1895 displices
1804 1848 1844 1881 25

479 1904 537 1939 illi
568 1911 603 1939 et
635 1905 670 1940 in
701 1904 955 1954 suspicionem
992 1904 1095 1940 venis
1118 1904 1226 1953 quasi
1242 1905 1334 1953 plus
1358 1904 1502 1954 diligas
1535 1904 1669 1940 istum:
1701 1905 1786 1940 ideo

478 1969 512 1997 et
535 1963 642 1998 Deus
674 1975 746 1999 non
780 1963 860 1998 vult
892 1975 971 1999 esse
1002 1962 1353 2012 amicusfidelium,
1381 1962 1562 2010 quamdiu
1595 1962 1668 2012 ipsi
1689 1962 1789 1998 inter

477 2032 517 2056 se
537 2021 694 2069 suerint
725 2020 878 2068 inimici,
925 2021 1011 2069 quia
1049 2027 1085 2056 et
1122 2021 1156 2056 si
1192 2019 1252 2055 illi
1295 2020 1603 2056 misericordiam
1626 2020 1787 2068 fecerit,

478 2078 547 2114 iste
578 2079 847 2125 contristatur,
881 2086 915 2115 et
946 2079 978 2114 si
1010 2091 1083 2114 non
1117 2078 1382 2126 contristatur,
1416 2078 1502 2126 quia
1527 2078 1643 2114 nichil
1659 2085 1787 2127 potest

478 2148 600 2186 agere
636 2144 771 2173 contra
803 2137 944 2183 Deum,
988 2144 1115 2172 tamen
1154 2149 1225 2172 non
1266 2136 1485 2186 congaudet
1525 2136 1560 2172 in
1599 2136 1787 2187 beneficiis
1802 2139 1844 2171 30

478 2194 567 2230 eius.
604 2195 646 2230 Si
676 2202 802 2231 autem
835 2194 981 2243 aliquid
1008 2202 1165 2243 poterat
1187 2201 1321 2230 contra
1345 2194 1471 2230 Deum
1494 2201 1529 2229 et
1550 2194 1788 2231 irasceretur

477 2253 529 2288 ad
560 2253 700 2299 Deum,
733 2253 817 2301 quia
851 2252 1031 2288 misertus
1064 2260 1117 2289 est
1150 2252 1291 2288 inimici
1322 2252 1411 2288 eius.
1463 2251 1651 2288 Similiter
1689 2260 1724 2288 et
1755 2253 1788 2289 si

477 2311 540 2346 isti
579 2310 887 2346 misericordiam
924 2310 1084 2359 fecerit,
1141 2310 1206 2346 ille
1249 2309 1513 2346 contristatur.
1573 2310 1786 2346 Considera

478 2368 629 2417 qualem
670 2369 782 2404 habet
814 2369 921 2404 Deus
959 2368 1234 2404 conscienciam
1275 2368 1377 2403 circa
1417 2380 1486 2404 nos
1524 2375 1558 2403 et
1596 2369 1786 2416 quomodo

478 2426 591 2466 fidem
623 2434 756 2462 servat
800 2426 1025 2472 hominibus,
1071 2426 1156 2475 quia
1195 2438 1263 2462 nos
1295 2425 1472 2475 perfecte
1516 2425 1656 2476 diligit,
1701 2426 1785 2462 ideo
1802 2427 1841 2461 35

478 2483 638 2520 inimicis
670 2484 812 2520 nostris
845 2496 916 2520 non
951 2484 1031 2520 vult
1053 2496 1134 2520 esse
1156 2484 1314 2529 amicus,
1349 2490 1389 2518 ut
1406 2490 1515 2531 puta,
1549 2484 1623 2519 duo
1645 2483 1788 2519 inimici

478 2542 567 2578 estis
593 2542 749 2591 fideles,
795 2542 879 2578 ideo
923 2542 991 2577 tibi
1027 2554 1098 2577 non
1146 2542 1224 2577 vult
1268 2554 1348 2577 esse
1390 2541 1550 2588 amicus,
1598 2541 1686 2590 quia
1729 2541 1787 2577 illi

547 2729 585 2748 21.
607 2722 650 2748 A:
673 2721 757 2760 quod
776 2720 1046 2758 aliudhominum.
1120 2721 1161 2755 25,
1183 2721 1229 2748 26.
1251 2721 1295 2748 A:
1318 2724 1345 2747 el
1364 2721 1393 2747 si
1407 2736 1435 2740 —
1451 2721 1568 2756 diligas
1588 2721 1678 2748 istum
1693 2721 1785 2748 deest.

479 2754 520 2782 32.
543 2757 584 2782 A:
607 2756 679 2782 inict
700 2764 774 2782 elus.
847 2754 892 2783 30.
916 2756 951 2783 B:
976 2759 1007 2782 ut
1027 2755 1120 2783 deest.

553 2850 600 2870 io.
629 2841 694 2880 Op.
724 2836 872 2881 lmperf.,
902 2840 919 2871 l.
949 2851 974 2871 c.
1003 2851 1034 2881 p.
1063 2839 1139 2882 796,
1167 2850 1243 2882 797.
1345 2850 1392 2870 11.
1422 2838 1540 2870 Matth.
1569 2840 1609 2878 V,
1639 2840 1691 2871 23.
