2003 3322
195 222 284 249 CAP.
310 212 402 268 tui]
706 226 845 257 PRIMA
873 227 998 257 PARS.

194 343 234 367 se
272 343 355 367 esse
394 330 625 367 manifestos
659 330 875 378 discipulos
907 331 1155 379 Antichristi,
1203 341 1240 368 et
1279 333 1502 370 declinacio

196 389 244 425 ab
279 387 353 425 ista
388 389 473 436 lege
504 388 651 425 Christi
685 397 741 424 est
776 401 895 425 causa
928 389 1086 426 malicie
1117 389 1197 426 iam
1231 390 1434 438 regnantis
1467 400 1503 427 et

195 458 318 495 quare
355 445 436 482 iam
470 458 549 482 non
581 454 671 482 sunt
704 446 850 483 Christi
890 456 1084 495 martyres
1124 447 1226 484 sicut
1270 448 1388 494 olim3
1429 461 1501 485 nec

196 504 315 540 audet
358 503 446 551 quis
492 503 624 540 dicere
668 504 866 552 episcopis
918 505 979 541 vel
1031 505 1193 553 prelatis
1239 518 1312 553 pro
1365 519 1503 542 amore

162 561 343 598 5Christi
376 561 482 597 istud
515 561 704 598 delictum
740 562 973 599 maximum.
1019 565 1067 599 Et
1107 575 1151 599 ex
1182 562 1267 599 istis
1301 563 1503 611 colligitur

195 621 303 668 quod
336 618 526 656 innocens
562 619 630 667 qui
662 619 814 667 patitur
845 619 1034 656 iniuriam
1070 621 1278 657 humiliter
1310 630 1347 657 et
1380 623 1503 658 donat

194 676 400 713 iniurianti
442 676 708 725 equanimiter
746 677 864 726 longe
902 678 992 726 plus
1032 679 1154 714 donat
1187 691 1308 726 quam
1349 679 1379 714 si
1413 692 1503 715 reus

194 734 421 783 rependerit
460 734 677 771 vindictam
717 734 937 781 iniurianti,
986 736 1081 784 quia
1123 736 1251 773 maius
1291 745 1500 784 peccatum

194 801 251 829 est
283 792 324 828 in
346 793 466 828 talem
493 792 725 841 delinquere
752 802 788 829 et
810 805 881 841 per
905 805 1155 842 consequens
1179 794 1269 830 talis
1294 794 1502 831 remittens

141 849 380 886 1oiniuriam
420 850 588 886 remittit
625 859 835 898 peccatum
875 851 1045 898 gravius,
1086 853 1195 900 quod
1235 860 1291 888 est
1331 852 1503 888 donacio

196 907 320 956 magis
352 916 477 955 grata.
524 909 616 944 Ideo
657 909 900 945 delectantes
941 909 981 945 in
1014 909 1244 946 maioritate
1277 909 1337 946 sui
1371 909 1503 946 meriti

193 967 338 1002 debent
375 966 481 1002 istud
521 966 697 1002 recolere
736 975 772 1002 et
813 968 860 1003 de
895 966 1122 1003 maioritate
1165 979 1234 1003 sue
1273 967 1416 1004 iniurie
1466 976 1503 1004 et

191 1023 417 1060 voluntaria
439 1023 522 1059 eius
546 1023 781 1061 remissione
804 1023 844 1060 in
866 1024 998 1072 specie
1029 1024 1310 1061 retribucionis
1341 1025 1502 1061 Domini

193 1081 393 1118 delectari.
434 1081 677 1129 Desperacio
710 1081 832 1130 igitur
864 1091 901 1118 et
934 1082 1151 1119 infidelitas
1184 1091 1275 1119 sunt
1308 1083 1349 1119 in
1383 1095 1503 1119 eausa

139 1133 175 1166 15
193 1151 315 1187 quare
347 1139 453 1175 istud
486 1139 633 1176 Christi
674 1139 885 1177 consilium
927 1149 963 1176 et
1003 1140 1080 1177 alia
1120 1140 1194 1177 sibi
1233 1140 1380 1177 similia
1420 1153 1501 1177 non

192 1205 283 1233 sunt
316 1197 433 1233 hodie
467 1197 700 1245 practizata.

697 1322 834 1363 CAP.
869 1323 992 1364 LIII.

246 1417 492 1465 Augustinus
533 1426 667 1454 autem
707 1418 915 1466 exequitur
952 1427 1101 1455 textum
1144 1419 1335 1467 evangelii
1379 1422 1498 1456 modo

190 1475 355 1511 lectum:
380 1475 511 1521 Queri,
535 1475 676 1523 inquit,
696 1484 825 1525 potest
840 1477 932 1525 quid
952 1477 1025 1512 sibi
1045 1477 1135 1512 velit
1157 1478 1322 1513 maxilla
1345 1478 1499 1513 dextra.

135 1541 176 1562 20
191 1533 253 1569 Sic
276 1533 372 1568 enim
388 1533 424 1568 in
448 1534 737 1582 exemplaribus
757 1534 892 1570 Grecis
913 1534 1047 1583 quibus
1069 1535 1196 1571 maior
1206 1535 1311 1585 fides
1326 1535 1502 1571 habenda

189 1598 244 1627 est
275 1591 484 1626 invenitur:
515 1603 602 1626 nam
631 1592 750 1627 multa
779 1592 920 1627 Latina
943 1592 1147 1628 maxillam
1181 1600 1326 1628 tantum
1351 1593 1501 1638 liabent,

189 1660 261 1684 non
294 1648 412 1684 eciam
446 1649 662 1685 dexteram.
695 1649 833 1685 Facies
859 1657 985 1685 autem
1009 1657 1065 1685 est
1084 1662 1158 1699 qua
1180 1651 1336 1699 quisque
1357 1662 1501 1701 cogno-

187 1706 330 1751 scitum·
360 1713 395 1742 et
417 1706 582 1756 legimus
604 1708 708 1756 apud
724 1707 974 1756 Apostolum:
1011 1708 1204 1744 Toleratis
1236 1708 1333 1743 enim
1365 1708 1400 1744 si
1418 1709 1502 1757 quis

188 1776 255 1800 vos
277 1764 312 1799 in
334 1764 557 1800 servitutem
587 1765 744 1815 redigzsst
772 1765 807 1801 si
825 1765 908 1814 quis
931 1765 1107 1812 devorat,
1130 1766 1165 1802 si
1179 1766 1262 1815 quis
1285 1766 1501 1810 extollitur,

132 1819 170 1851 25
186 1822 220 1857 si
239 1821 321 1871 quis
349 1821 499 1870 accipit,
530 1822 565 1858 si
593 1822 676 1871 quis
698 1823 733 1858 in
753 1823 901 1871 faciem
931 1823 1030 1858 cedit
1058 1835 1144 1868 vos;
1167 1823 1303 1859 deinde
1325 1823 1501 1859 continuo

185 1879 331 1915 subdit:
363 1879 579 1915 Secundum
613 1880 890 1930 ignobilitatem
925 1880 1021 1926 dico,
1061 1888 1101 1916 ut
1131 1888 1302 1930 exponat
1329 1881 1420 1929 quid
1451 1882 1499 1917 sit

187 1937 222 1972 in
251 1937 399 1985 faciem
432 1937 526 1982 cedi,
571 1938 642 1974 lzoc
673 1945 741 1984 est,
780 1938 997 1986 contempni
1032 1945 1146 1987 atque
1184 1939 1336 1988 despici.
1389 1939 1503 1983 Quod

185 1994 336 2043 quidem
370 2007 442 2030 non
475 1995 559 2030 ideo
593 1995 684 2031 dicit
714 1996 935 2044 Apostolus,
976 2003 1016 2031 ut
1047 1996 1135 2031 illos
1167 2008 1239 2032 non
1270 1996 1502 2032 sustinerent

185 2052 254 2087 sed
284 2059 325 2087 ut
355 2064 395 2088 se
427 2052 567 2102 magis,
605 2053 670 2102 qui
706 2065 769 2089 eos
800 2053 854 2089 sic
892 2053 1086 2103 diligeret,
1125 2061 1165 2088 ut
1195 2066 1235 2089 se
1267 2054 1390 2102 ipsum
1424 2066 1501 2103 pro

131 2108 172 2140 30
187 2109 239 2145 eis
272 2109 385 2145 vellet
415 2110 592 2158 impendi.
647 2111 724 2146 Sed
760 2111 937 2159 quoniam
968 2110 1099 2158 facies
1142 2123 1215 2147 non
1257 2119 1383 2160 potest
1428 2112 1505 2147 dici

188 2167 350 2203 dextera
384 2175 419 2203 et
449 2167 618 2213 sinistra,
652 2176 688 2203 et
720 2175 844 2203 tamen
878 2168 1055 2204 nobilitas
1087 2175 1122 2204 et
1143 2169 1350 2205 secundum
1374 2169 1498 2204 Deum

187 2232 222 2260 et
249 2225 455 2260 secundum
480 2226 550 2260 hoc
571 2226 740 2261 seculum
760 2233 887 2274 potest
909 2237 1000 2272 esse,
1023 2226 1075 2261 ita
1099 2226 1283 2262 tribuitur
1305 2234 1499 2275 tamquam

186 2282 221 2317 in
254 2282 458 2318 maxillam
493 2282 695 2318 dexteram
724 2291 759 2319 et
780 2283 991 2329 sinistram,
1024 2290 1065 2318 ut
1086 2283 1121 2318 in
1143 2296 1364 2333 quocunque
1388 2284 1500 2320 disci-

183 2340 277 2388 pulo
299 2339 387 2376 Jesu
411 2340 555 2375 domini
576 2341 700 2376 nostri
721 2348 976 2389 contemptum
992 2341 1122 2389 suerit
1142 2342 1245 2389 quod
1269 2342 1501 2377 christianus

129 2394 169 2427 35
186 2404 254 2443 est,
293 2398 411 2433 multo
451 2398 579 2448 magis
617 2398 651 2433 in
689 2410 729 2434 se
766 2399 983 2447 contempni
1016 2406 1182 2447 paratus
1226 2399 1287 2442 sit,
1339 2399 1373 2435 si
1417 2399 1501 2448 quis

186 2454 296 2490 liuius
326 2455 446 2491 seculi
475 2456 641 2491 honores
673 2456 795 2491 habet.
833 2456 938 2492 Sicut
970 2457 1068 2491 idem
1103 2457 1313 2504 apostolus,
1347 2469 1430 2493 cum
1464 2457 1500 2492 in

186 2524 227 2548 eo
262 2513 432 2548 homines
458 2521 785 2562 persequerentur
817 2526 950 2549 nomen
984 2514 1249 2560 christianum,
1292 2514 1326 2550 si
1356 2521 1502 2551 taceret

255 2698 278 2717 2.
295 2691 333 2718 B·
349 2699 442 2719 causa
457 2692 579 2719 milicie
653 2690 678 2719 3.
695 2691 867 2719 B:Clzris¹i
880 2692 974 2719 deest.
1047 2693 1070 2720 5
1083 2694 1127 2720 A:
1143 2693 1305 2720 maximum
1321 2693 1419 2728 deest;
1435 2693 1499 2720 Bin

186 2734 272 2760 maig
294 2726 408 2753 :addit¹
464 2734 494 2753 10
522 2727 560 2754 A:
575 2727 694 2753 amacio
764 2726 803 2754 18.
814 2727 881 2754 Ain
897 2735 1011 2762 malgst
1026 2727 1204 2762 Augustino
1283 2735 1321 2761 24
1325 2728 1389 2754 .:A
1403 2736 1501 2755 vos—

187 2734 350 2787 extollitur
370 2760 463 2787 deest.
554 2768 601 2796 29.
624 2763 659 2788 ut
676 2769 728 2794 se,·
748 2761 792 2789 sic
812 2766 840 2788 et
861 2761 891 2788 in
912 2766 993 2788 textu
1016 2762 1047 2790 S.
1069 2748 1248 2797 Augustini,
1269 2762 1285 2789 1.
1309 2770 1335 2789 c.
1357 2763 1497 2797 legimus.

260 2830 373 2862 18.De
389 2842 550 2863 sermone
564 2832 727 2863 Domini
721 2843 754 2863 in
770 2833 1095 2875 monte,l.c.p.191.
1164 2833 1216 2864 23.
1233 2833 1270 2864 ΙΙ.
1287 2833 1494 2872 Cor.XI,2o.

1319 2891 1353 2922 13

1719 220 1789 266 193

1586 571 1668 606 Duty
1688 571 1722 598 of

1578 606 1735 645 foigiving

1597 649 1709 677 injuly.

1550 1426 1733 1464 Augustino
1738 1435 1750 1452 s

1596 1461 1714 1487 turthe1

1568 1500 1740 1522 comment·

1526 1529 1660 1564 Siniting
1680 1538 1718 1556 on
1740 1530 1790 1557 the

1534 1564 1613 1598 right
1634 1565 1728 1591 cheek
1747 1565 1773 1591 is

1546 1599 1695 1633 repioach
1714 1600 1763 1626 for

1597 1633 1686 1668 being
1706 1642 1721 1660 a

1538 1666 1712 1700 Clnistian;
1733 1676 1771 1695 on

1539 1703 1588 1729 the
1608 1702 1660 1729 left
1679 1690 1772 1730 clieel·

1587 1738 1728 1771 pelsonal

1577 1773 1737 1806 reproach.
