2003 3322
206 197 303 259 ¹170

241 2369 264 2395 lt
284 2368 310 2395 is
330 2377 347 2395 a
367 2376 458 2396 cause

918 219 1037 251 opus
1062 220 1151 251 EVA
1159 220 1398 252 NGELICUM
1571 208 1677 263 [CAP.
1698 219 1821 247 van.

509 324 729 373 spiritualis
762 325 982 363 fornicacio
1010 335 1067 363 est
1100 326 1304 374 fugibilior
1328 340 1449 376 quam
1483 327 1701 365 fornicacio
1735 342 1821 366 cor6

509 383 672 431 poralis,
698 383 789 432 quia
815 393 1027 432 peccatum
1051 384 1313 433 periculosius
1334 388 1417 422 Deo
1443 386 1567 434 magis
1592 386 1819 434 displicens,

509 453 603 489 ergo
627 450 792 490 propter
814 454 1097 490 quamcunque
1130 443 1442 494 fornicacionem
1478 443 1728 491 spiritualem
1763 453 1821 481 est

509 499 652 535 coniux
696 500 803 536 licite
855 500 1107 537 dimittenda.
1162 500 1344 538 Christus
1389 502 1492 538 enim
1528 503 1690 550 quando
1725 502 1820 539 dicit

507 557 836 603 fornicacionem,
883 558 1123 606 generaliter
1161 558 1346 606 intelligit
1385 558 1660 596 indifferenter
1699 561 1852 597 modo-5

507 615 701 662 loquendi
734 615 932 663 scripture
965 625 1177 664 peccatum
1212 616 1324 653 cuius
1357 630 1436 653 non
1476 626 1533 653 est
1576 617 1818 655 diversitatis

508 672 616 709 racio
650 673 903 722 assignanda.
936 675 1083 710 Verum
1119 683 1253 711 tamen
1276 676 1289 710 Ι
1314 676 1404 711 Cor.
1428 676 1509 721 Vll,
1541 688 1599 721 10,
1631 688 1670 711 11
1702 677 1819 713 docet

507 732 725 778 Apostolus
769 733 877 779 quod
921 732 1011 768 licet
1059 732 1173 768 alteri
1225 732 1441 780 coniugum
1494 732 1674 769 habitare
1727 747 1816 771 cum

508 788 675 837 reliquo,
701 791 796 825 dum
820 799 955 826 tamen
978 790 1225 827 evidenciarn
1250 790 1435 827 habuerit
1457 790 1588 839 ipsum
1607 791 1816 840 coniugem

508 847 780 883 convertendi.
1837 860 1877 881 10

564 906 611 941 Et
635 905 747 953 ponit
770 904 1014 953 Augustinus
1038 905 1309 942 diversitatem
1342 905 1446 942 inter
1468 905 1618 952 iubere,
1654 919 1818 944 monere

507 970 543 997 et
575 962 794 1010 ignoscere.
827 964 1003 1009 Jubetur,
1027 962 1170 1012 inquit,
1196 964 1336 999 mulier
1357 977 1378 999 a
1403 964 1487 1000 viro
1510 977 1582 1000 non
1607 965 1816 1012 discedere,

506 1022 608 1068 quod
638 1021 673 1057 si
703 1022 922 1058 discesserit
953 1033 1111 1058 manere
1142 1021 1339 1071 innuptam
1372 1029 1438 1057 aut
1467 1022 1550 1058 viro
1581 1035 1650 1058 suo
1684 1035 1816 1059 recon-

510 1078 648 1124 ciliari,
681 1079 797 1117 aliter
827 1092 925 1130 ergo
958 1092 1031 1115 non
1065 1080 1151 1115 licet
1172 1080 1324 1128 facere.
1373 1080 1557 1116 Monetur
1598 1088 1723 1116 autem
1758 1081 1819 1116 vir

493 1136 642 1185 fidelis,
687 1137 722 1173 si
758 1138 870 1173 habet
908 1149 1073 1173 uxorem
1113 1137 1304 1185 infidelem
1344 1138 1642 1174 consencientem
1687 1151 1814 1175 secum
1837 1138 1872 1170 15

505 1194 766 1241 conhabitare,
801 1208 873 1231 non
906 1208 987 1231 eam
1023 1195 1236 1231 dimittere:
1268 1195 1354 1231 licet
1387 1195 1511 1245 igitur
1542 1203 1577 1232 et
1609 1196 1815 1242 dimittere,

505 1252 591 1300 quia
631 1265 703 1288 non
742 1261 799 1290 est
831 1260 1059 1302 preceptum
1093 1253 1253 1289 Domini
1289 1266 1334 1290 ne
1378 1254 1598 1289 dimittatur
1628 1255 1696 1290 sed
1727 1267 1815 1291 con-

504 1310 631 1346 silium
664 1311 851 1360 Apostoli,
890 1312 989 1348 sicut
1027 1318 1204 1347 monetur
1236 1311 1351 1362 virgo
1385 1324 1457 1347 non
1491 1312 1645 1356 nubere,
1684 1313 1753 1348 sed
1783 1313 1817 1349 si

505 1368 690 1417 nupserit,
714 1369 913 1405 consilium
928 1369 1078 1418 quidem
1101 1381 1173 1405 non
1197 1370 1335 1405 tenebit
1356 1370 1425 1405 sed
1442 1377 1577 1405 contra
1588 1377 1813 1419 preceptum

504 1438 577 1462 non
599 1427 739 1475 saciet.
790 1428 842 1463 Et
874 1427 1103 1478 ignoscitur,
1137 1439 1221 1463 cum
1257 1428 1419 1463 dicitur.-
1452 1427 1538 1464 Hoc
1571 1434 1696 1464 autem
1730 1428 1814 1464 dico
1831 1437 1873 1458 20

502 1485 711 1521 secundum
745 1486 907 1532 veniam,
948 1497 1021 1521 non
1058 1486 1266 1521 secundum
1305 1485 1522 1534 imperium.
1564 1486 1815 1536 Quapropter

502 1542 537 1578 si
566 1542 652 1579 licet
683 1551 723 1578 ut
755 1544 973 1579 dimittatur
1005 1543 1147 1579 coniux
1178 1544 1354 1592 infidelis,
1394 1544 1568 1592 quamvis
1600 1544 1735 1580 melius
1766 1544 1815 1580 sit

504 1613 575 1636 non
616 1601 821 1647 dimittere,
860 1609 895 1638 et
933 1609 1060 1637 tamen
1104 1614 1176 1637 non
1223 1602 1310 1637 licet
1347 1603 1555 1637 secundum
1586 1609 1812 1651 preceptum

502 1658 664 1694 Domini
705 1666 745 1694 ut
791 1660 1009 1696 dimittatur
1058 1659 1201 1695 coniux
1245 1659 1319 1696 nisi
1360 1672 1476 1696 causa
1509 1660 1815 1708 fornicacionis,·

493 1717 717 1765 fornicacio
751 1725 806 1753 est
838 1718 958 1754 eciam
991 1717 1074 1766 ipsa
1106 1717 1324 1766 infidelitas.
1829 1716 1869 1748 25

567 1774 671 1818 Quid
709 1775 806 1811 enim
839 1783 879 1811 tu
913 1775 1007 1811 dicis
1041 1787 1061 1811 o
1092 1775 1304 1824 Apostole?
1353 1775 1467 1811 Certe
1511 1782 1551 1810 ut
1598 1775 1658 1811 vir
1677 1776 1814 1825 fidelis

502 1833 800 1869 consencientem
844 1846 970 1869 secum
1019 1833 1195 1869 habitare
1244 1833 1444 1869 mulierem
1498 1833 1687 1883 infidelem
1740 1846 1813 1869 non

502 1890 683 1929 dimittat.
719 1891 789 1937 Ita,
822 1891 954 1940 inquit,
987 1904 1071 1927 cum
1105 1903 1202 1941 ergo
1235 1892 1375 1927 docens
1399 1891 1589 1927 Dominus
1607 1891 1813 1941 precipiat,

501 1960 546 1984 ne
579 1949 746 1984 dimittat
778 1961 943 1986 uxorem
977 1949 1049 1995 vir,
1095 1949 1168 1985 nisi
1203 1961 1318 1985 causa
1351 1949 1648 1997 fornicacionis,
1694 1961 1813 1998 quare

502 2006 562 2041 hic
585 2006 700 2043 dicis:
730 2007 821 2057 Ego
846 2007 943 2053 dico,
967 2020 1040 2043 non
1066 2007 1287 2043 Dominus?
1326 2007 1424 2051 Quia
1447 2007 1591 2043 scilicet
1612 2007 1810 2054 idolatria,
1827 2006 1870 2038 30

502 2075 614 2112 quain
659 2072 872 2113 sequuntur
914 2065 1087 2115 infideles
1131 2072 1165 2101 et
1209 2065 1371 2114 quelibet
1422 2065 1539 2101 noxia
1583 2065 1811 2114 supersticio

492 2122 716 2170 fornicacio
765 2131 830 2159 est.
884 2124 1075 2160 Dominus
1112 2130 1238 2159 autem
1274 2119 1277 2175 l
1308 2122 1488 2172 permisit
1530 2135 1645 2159 causa
1676 2123 1810 2171 forni-
1851 2122 1932 2163 372⁰

501 2178 668 2216 cacionis
706 2193 869 2217 uxorem
915 2181 1067 2227 dimitti,
1111 2182 1180 2217 sed
1211 2181 1297 2229 quia
1337 2180 1529 2230 permisit,
1574 2193 1646 2216 non
1690 2181 1811 2227 iussit,

503 2238 608 2273 dedit
650 2238 836 2287 Apostolo
882 2239 1053 2276 monenti
1100 2246 1139 2274 ut
1189 2239 1253 2287 qui
1303 2239 1468 2275 voluerit
1520 2251 1592 2274 non
1645 2239 1812 2275 dimittat

503 2307 666 2332 uxorem
707 2297 898 2346 infidelem
932 2309 1004 2345 quo
1037 2297 1090 2333 sic
1111 2298 1226 2345 forte
1252 2304 1381 2346 potest
1400 2297 1538 2345 fidelis
1557 2296 1665 2346 fieri.
1827 2293 1868 2327 35

561 2355 609 2389 Et
646 2363 755 2401 patet
793 2354 902 2391 racio
941 2356 990 2391 ad
1029 2354 1136 2391 istud
1183 2355 1445 2391 necessitans:
1491 2367 1582 2391 nam
1628 2367 1710 2391 non
1754 2363 1812 2390 est

212 2403 259 2430 for
280 2404 404 2430 divorce
424 2404 488 2431 that
502 2411 691 2459 possibile
724 2414 832 2460 quod
866 2413 1096 2461 coniugium
1132 2425 1174 2449 ex
1198 2412 1344 2450 Christi
1378 2413 1546 2449 licencia
1578 2411 1627 2448 sit
1660 2412 1811 2449 directa

256 2438 396 2464 husband
418 2446 453 2465 or

223 2472 292 2499 wife
312 2472 337 2499 is
359 2472 479 2508 leading
502 2469 660 2506 occasio
694 2472 743 2506 ad
777 2473 1040 2518 peccandum,
1075 2473 1143 2507 sed
1178 2471 1373 2519 contingit
1400 2471 1568 2507 alterum
1595 2470 1809 2518 coniugum

228 2508 278 2535 the
298 2507 386 2534 other
405 2507 469 2535 into
524 2527 530 2532 .

321 2541 380 2569 sin.

502 2539 557 2564 51c
596 2528 636 2563 in
676 2528 845 2565 crimine
884 2528 1115 2565 induratum
1150 2530 1258 2577 quod
1298 2528 1477 2577 reliquus
1510 2527 1811 2565 racionabiliter

571 2708 616 2736 30.
627 2710 648 2736 B
660 2719 664 2735 τ
677 2710 749 2744 quia
763 2710 929 2736 secundum
937 2710 1142 2745 ydolatriam.
1216 2709 1258 2737 33.
1269 2711 1310 2738 A:
1327 2718 1388 2738 non
1403 2711 1500 2738 twice*
1577 2709 1618 2738 35.
1630 2711 1665 2738 B:
1684 2718 1811 2739 uxorem

500 2744 664 2779 infidelem.
738 2743 784 2771 36.
807 2745 834 2772 A
855 2744 884 2771 in
907 2753 1020 2779 marg:
1043 2744 1125 2772 Nota
1147 2745 1313 2772 racionem.
1385 2745 1430 2773 38.
1452 2747 1496 2773 A:
1518 2746 1706 2781 coniugium.

575 2838 622 2859 12.
651 2828 700 2859 De
718 2839 880 2860 sermone
898 2829 1037 2861 Domini
1059 2830 1091 2860 in
1111 2835 1239 2870 monte,
1267 2841 1299 2871 p.
1321 2828 1394 2870 184.
1469 2840 1522 2861 20.
1549 2830 1571 2862 Ι.
1592 2830 1669 2862 Cor.
1684 2830 1756 2869 VH,
1777 2829 1809 2861 6.
