2003 3322
223 204 312 232 CAP.
332 195 459 249 xxxi]
740 206 880 237 PRIMA
908 206 1035 238 PARS.
1753 212 1826 247 107

222 312 418 349 velamine
463 313 512 349 ad
556 311 863 348 similitudinem
911 311 1058 349 Christi
1099 312 1254 348 fundati
1299 312 1339 348 in
1378 313 1538 350 iusticia
1606 322 1778 361 Augustino

223 379 259 407 et
291 370 459 407 veritate
491 371 540 406 ad
574 369 821 418 evangelium
859 370 994 418 patule
1028 370 1333 418 predicandum.
1381 373 1428 407 Et
1461 372 1536 407 hoc
1572 356 1812 424 ρῗῗξζζξζῇἓῇῗά

221 436 407 464 notarent
439 437 520 465 tam
550 427 694 476 prelati
727 427 853 464 nostri
887 441 1006 476 quam
1043 428 1196 464 domini
1220 428 1288 476 qui
1321 430 1537 466 obscurant
1559 427 1828 488 ”Oitnbfvgplffloffid

222 486 448 534 superiores
493 487 723 522 sacerdotes
774 486 999 522 feculancia
1051 487 1338 534 temporalium
1391 496 1428 523 et
1480 487 1535 523 sic
1588 470 1798 531 occupationys.

190 544 457 592 50pprimunt
501 557 616 580 suum
662 544 863 590 affectum,
910 553 953 580 ut
992 557 1072 581 non
1114 544 1316 581 sufficiant
1355 546 1537 594 exemplo

221 603 282 639 vel
316 602 500 639 doctrina
533 602 744 639 ecclesiam
778 602 991 639 illustrare.

696 760 837 802 CAP.
869 761 1063 802 XXXI.

281 867 552 904 Crisostomus
593 876 725 904 autem
766 867 823 904 sie
855 868 1057 916 quuitur:
1106 869 1219 904 Nunc
1258 881 1334 918 per
1371 870 1536 905 alteram
1578 879 1813 914 (311rysostom's

223 926 555 975 comparacionem
595 926 676 962 vult
715 927 916 963 ostendere
960 939 1079 975 quare
1121 934 1274 963 sanctos
1318 939 1406 963 suos
1459 927 1539 976 ipse
1579 919 1800 950 commentary.

170 998 208 1018 10
228 984 406 1020 Christus
438 984 663 1033 manifestat
701 992 736 1020 et
768 996 840 1020 non
871 985 961 1020 sinit
992 997 1057 1020 eos
1089 997 1171 1021 esse
1202 985 1460 1031 absconditos,
1500 986 1539 1020 id

222 1049 288 1088 est,
321 1042 407 1090 quia
430 1054 497 1078 nec
520 1041 585 1090 qui
604 1043 818 1078 accendunt
850 1042 1061 1089 lucernam,
1096 1043 1180 1079 ideo
1204 1055 1286 1078 eanz
1310 1044 1537 1089 accendunt,

222 1107 261 1135 ut
288 1107 435 1149 ponant
465 1101 533 1136 sub
566 1100 694 1136 modio
732 1101 801 1136 sed
837 1112 956 1150 supra
995 1101 1285 1148 candelabrum,
1330 1109 1372 1136 ut
1415 1101 1540 1137 luceat

222 1158 393 1194 omnibus
425 1158 490 1206 qui
518 1158 554 1194 in
588 1158 701 1194 domo
733 1165 832 1196 sunt.
873 1159 949 1202 Qui
977 1166 1064 1195 sunt
1095 1171 1321 1195 accensores
1353 1160 1540 1195 lucerne?

223 1216 341 1252 Pater
362 1216 531 1265 etfilius.
573 1216 697 1259 Quam
728 1217 956 1252 lucernam?
995 1217 1158 1253 Verbum
1183 1217 1366 1263 divinum,
1400 1217 1446 1253 de
1467 1230 1539 1266 quo

170 1276 206 1308 15
223 1274 364 1309 dictum
388 1281 463 1310 est:
494 1274 671 1310 Lucerna
699 1274 862 1323 pedibus
885 1275 978 1311 meis
1002 1275 1159 1311 verbum
1183 1282 1302 1321 tuum,
1337 1283 1376 1311 ut
1399 1276 1538 1323 luceat,

222 1332 262 1367 id
293 1339 360 1378 est,
393 1339 583 1381 appareat
617 1339 653 1368 et
685 1332 872 1368 illuminet
894 1345 964 1381 que
995 1340 1082 1368 sunt
1106 1334 1166 1369 vel
1187 1333 1222 1368 in
1248 1333 1361 1369 domo
1385 1334 1540 1370 ecclesie

223 1390 283 1425 vel
305 1390 340 1425 in
365 1390 476 1426 domo
500 1390 667 1426 omnium
691 1391 936 1427 mundorum.
976 1391 1091 1435 Quod
1112 1403 1208 1441 ergo
1232 1391 1541 1427 candelabrum?

221 1447 397 1483 Ecclesia
418 1460 488 1496 que
507 1448 652 1484 baiulat
674 1449 831 1484 verbum
852 1449 937 1485 vite.
967 1449 1250 1498 Consequenter
1271 1449 1361 1485 dicit
1382 1457 1417 1485 et
1438 1450 1539 1485 Pau-

224 1505 302 1541 lus:
331 1506 435 1541 Inter
470 1518 562 1554 quos
585 1507 716 1542 lucetis
738 1506 834 1542 sicut
858 1507 1065 1542 luminaria
1088 1507 1124 1542 in
1147 1507 1274 1543 seculo
1290 1507 1447 1543 verbum
1465 1508 1540 1544 vite

167 1577 208 1598 20
223 1563 456 1600 continentes
464 1578 477 1609 ;
508 1571 780 1613 consequenter
812 1572 847 1600 et
869 1565 992 1601 omnis
1014 1565 1293 1601 ecclesiasticus
1316 1565 1376 1600 vir
1398 1566 1540 1602 liabens

224 1621 380 1657 verbum
402 1622 479 1658 Dei
497 1622 638 1658 dicitur
660 1622 950 1659 candelabrum.
974 1623 1239 1659 [Wodiiautenz
1260 1630 1347 1659 sunt
1369 1624 1540 1660 homines

223 1679 438 1715 mundiales
484 1680 596 1715 vacui
636 1693 658 1716 a
703 1681 788 1716 Deo
827 1688 862 1716 et
904 1681 950 1716 ab
995 1681 1168 1717 omnibus
1206 1693 1277 1729 que
1320 1689 1406 1716 sunt
1450 1682 1535 1717 Dei.

223 1737 418 1772 Dicuntur
449 1745 575 1774 autem
609 1738 739 1785 modii,
773 1739 950 1786 quoniam
974 1738 1072 1774 sicut
1095 1739 1215 1775 nzodii
1237 1739 1403 1788 desuper
1425 1740 1538 1775 vacui

222 1802 322 1841 sunt,
357 1796 403 1830 de
433 1796 565 1832 subtus
597 1796 746 1845 quidem
775 1796 894 1846 pleni,
930 1797 984 1833 sic
1017 1809 1147 1833 omnes
1179 1797 1314 1832 mundi
1343 1804 1540 1834 amatores

166 1855 206 1887 25
223 1860 258 1889 et
289 1853 439 1888 carnis:
471 1853 506 1889 in
539 1854 805 1903 spiritualibus
827 1854 977 1902 quidem
1011 1862 1046 1891 et
1079 1855 1217 1891 divinis
1245 1867 1315 1903 que
1335 1856 1537 1904 superiora

224 1918 326 1946 recte
349 1923 429 1947 esse
451 1911 631 1947 dicuntur
663 1913 775 1948 vacui
804 1920 892 1948 sunt
923 1920 959 1948 et
991 1912 1196 1958 insensati;
1227 1913 1262 1948 in
1287 1913 1540 1961 inferioribus

223 1976 363 2015 autem,
405 1969 445 2004 id
475 1977 543 2015 est,
581 1970 841 2006 mundialibus
879 1978 914 2006 et
950 1971 1116 2007 terrenis
1155 1971 1396 2019 aliquatenus
1434 1972 1542 2020 pleni

228 2027 406 2066 videntur
437 2034 472 2062 et
503 2028 704 2077 sapientes.

282 2084 466 2121 Preterea
513 2086 611 2122 sicut
655 2086 690 2121 in
731 2085 858 2122 modio
902 2086 937 2122 si
979 2086 1149 2122 volueris
1191 2086 1338 2135 aliquid
1379 2099 1539 2135 ponere,

168 2146 375 2178 Sonecesse
405 2149 461 2178 est
492 2150 532 2178 ut
563 2144 677 2181 cadat
711 2144 889 2180 deorsum
929 2145 981 2179 ad
1018 2144 1210 2192 inferiora
1249 2145 1328 2180 eius
1365 2152 1400 2181 et
1438 2152 1538 2180 tene-

224 2200 351 2244 brosa,
383 2200 437 2236 sic
469 2201 616 2237 homini
645 2202 798 2238 carnali
828 2209 862 2237 et
894 2202 1084 2237 mundiali
1112 2209 1147 2238 et
1180 2214 1299 2238 vacuo
1332 2203 1368 2238 si
1389 2203 1539 2238 dixeris

224 2257 370 2306 aliquid
401 2259 502 2306 quod
545 2267 600 2295 est
632 2259 717 2305 Dei,
766 2272 839 2295 non
873 2260 971 2295 illud
1002 2267 1101 2296 tenet
1133 2260 1169 2295 in
1201 2261 1398 2309 superiori
1423 2268 1540 2309 parte

224 2315 360 2351 mentis
390 2327 456 2352 sue
487 2324 552 2352 aut
584 2317 714 2353 cordis
745 2330 812 2353 nec
838 2325 976 2366 portat
1007 2318 1105 2353 illud
1143 2318 1178 2353 in
1218 2330 1296 2365 ore,
1341 2319 1409 2354 sed
1449 2331 1537 2354 con-

215 2373 353 2421 festim
393 2374 497 2423 cadit
539 2375 586 2411 de
626 2382 749 2411 mente
787 2382 822 2411 et
858 2376 975 2411 corde
1015 2376 1194 2411 deorsum
1234 2376 1270 2411 in
1308 2383 1463 2412 terrena
1504 2384 1539 2412 et

169 2433 208 2466 35
225 2431 438 2479 tenebrosa,
465 2434 511 2467 ‘ut
543 2445 610 2468 nec
642 2433 700 2468 illi
715 2433 843 2481 prosit
875 2445 941 2469 nec
973 2433 1069 2469 aliis.
1109 2434 1152 2469 Si
1182 2441 1307 2470 autem
1342 2441 1377 2470 et
1408 2434 1537 2483 aliqua

225 2490 429 2538 temptacio
461 2490 578 2538 sacta
608 2491 738 2539 fuerit
771 2499 938 2540 propter
978 2492 1135 2527 verbum
1175 2492 1362 2539 veritatis,
1407 2492 1536 2528 statim

294 2687 322 2715 9.
344 2680 382 2707 B:
402 2688 475 2708 suos
495 2681 589 2708 deest.
662 2682 709 2709 26.
729 2682 773 2710 A:
794 2690 859 2710 esse
878 2682 972 2710 deest.

294 2774 326 2806 8.
361 2775 427 2817 Op.
461 2776 609 2817 Imperfi,
647 2777 668 2808 1.
695 2787 722 2808 c.
749 2788 780 2819 p.
808 2778 884 2820 793.
1032 2777 1082 2809 15.
1117 2778 1245 2810 Psalm.
1279 2779 1427 2819 CXVIII,
1465 2779 1538 2811 105.

230 2831 281 2866 ¹9·
306 2821 393 2854 Phil.
419 2822 458 2863 II,
489 2822 538 2863 15,
570 2822 620 2854 16.
