2062 3327
221 229 310 257 CAP.
330 219 402 274 vr]
740 230 880 262 PRIMA
907 230 1034 262 PARS.
1777 232 1823 269 19

223 350 413 387 prospere
469 338 572 374 sicut
616 345 750 385 optat;
797 336 887 373 ideo
932 345 1142 385 tamquam
1187 334 1427 371 furibundus
1466 348 1537 383 per

224 396 356 433 media
377 395 600 433 simoniaca
623 404 660 432 et
685 394 763 432 alia
787 393 1250 431 excommunicacionem
1274 392 1537 430 fulminancia

223 455 436 492 conturbat
468 453 654 491 ecclesias
686 452 795 489 iuxta
827 451 972 501 ipsum.

282 515 331 549 Et
363 521 560 562 quantum
583 513 633 549 ad
658 510 939 548 condicionem
963 509 1193 559 septimam,
1216 508 1403 547 vendicat
1427 510 1537 558 quod
1578 525 1605 552 7.
1625 516 1672 556 He
1692 516 1800 544 claims

191 572 304 607 §non
336 570 500 608 obediat
522 569 676 607 homini
708 571 777 606 sed
810 578 1019 618 tamquam
1055 571 1161 605 Deus
1193 567 1234 604 in
1267 567 1384 604 terris
1418 567 1537 615 exigit
1552 551 1732 614 a‘ffl'ea‘ffipss‘}
1747 551 1828 613 &gf-¹2}

224 630 333 676 quod
372 641 483 665 cesar
522 637 559 665 et
598 628 828 677 quicunque
861 627 929 664 alii
963 635 1155 675 appetant
1188 638 1353 662 suorum
1388 627 1537 674 pedum
1634 629 1650 648 a
1671 620 1753 648 God.

224 687 362 723 oscula
384 688 608 724 beatorum.
650 685 857 734 Numquid
880 685 1081 722 credimus
1104 684 1235 732 ipsum
1263 696 1346 720 esse
1379 683 1537 720 fidelem

225 745 371 781 Christi
395 744 647 792 discipulum,
671 744 804 792 ipsum
833 742 875 780 in
904 742 1082 779 moribus
1105 742 1330 779 imitantem
1354 742 1422 790 qui
1444 741 1541 778 lavit

225 802 429 839 humiliter
448 804 568 851 pedes
603 802 894 850 discipulorum
920 810 957 838 et
979 802 1238 849 postmodum
1275 800 1427 836 lintheo
1460 812 1540 848 quo

172 874 209 895 10
224 873 264 897 se
296 861 542 897 suscinxerat
574 859 805 898 emundavit
835 863 894 906 (ut
926 868 1037 908 patet
1066 860 1153 895 Joh.
1187 858 1313 904 XIII)?

282 921 331 955 Et
374 928 570 968 quantum
615 920 666 955 ad
710 917 989 955 condicionem
1032 917 1231 963 ultimam,
1276 924 1387 965 patet
1432 917 1540 964 quod
1564 922 1592 950 8.
1613 921 1659 949 He
1682 921 1831 961 pretends

224 990 329 1025 papa
374 986 734 1026 quantumcunque
784 975 1054 1025 perfunctorie
1097 974 1217 1011 fuerit
1260 974 1301 1011 in
1339 982 1540 1023 potestate
1570 961 1814 1027 Ρςξξῗνξῖξεῖξῇῖὴ

223 1035 453 1072 huiusmodi
519 1035 759 1072 constitutus
805 1033 989 1071 concedit
1032 1032 1309 1081 indulgencias
1368 1041 1405 1069 et
1461 1032 1540 1069 alia
1568 1027 1770 1089 belongognjy
1790 1030 1822 1053 10

223 1094 460 1142 blasphema
498 1093 704 1141 privilegia
739 1101 776 1129 et
819 1105 900 1129 non
932 1091 1138 1141 cognoscit
1171 1103 1212 1128 se
1244 1091 1424 1128 furtuose
1456 1091 1541 1127 Deo
1731 1083 1738 1097 '

172 1151 469 1199 15subiectum3
502 1153 570 1188 sed
614 1160 700 1188 tota
739 1150 949 1188 contencio
993 1163 1063 1187 sua
1108 1148 1281 1186 sollicita
1313 1157 1391 1186 stat
1424 1161 1543 1197 super

225 1209 301 1246 isto
335 1211 540 1259 quomodo
574 1210 691 1246 debet
723 1209 877 1246 cunctis
910 1208 997 1245 aliis
1042 1207 1281 1245 mortalibus
1310 1206 1542 1256 superponi.

226 1269 274 1304 Et
317 1268 373 1304 sic
420 1268 487 1304 ubi
536 1268 717 1304 Christus
767 1267 875 1304 venit
919 1268 969 1303 ad
1014 1265 1238 1314 Baptistam
1283 1265 1489 1302 humiliter
1521 1278 1543 1301 a

227 1326 378 1363 Galilea
411 1326 451 1362 in
482 1327 696 1363 Jordanem
744 1325 1008 1374 baptizandus
1041 1326 1090 1361 ab
1124 1337 1184 1371 eo,
1217 1324 1302 1372 ipse
1334 1332 1543 1372 tamquam
1605 1329 1714 1369 andrin
1737 1329 1783 1357 his

225 1385 389 1431 ydolum
424 1386 532 1433 quod
564 1384 613 1421 sit
655 1383 940 1420 abhominacio
964 1382 1229 1419 desolacionis
1253 1395 1374 1431 quam
1398 1381 1543 1418 Daniel
1577 1364 1827 1427 §gietffiossismhseelf

171 1442 483 1490 2oprophetavit
527 1441 623 1479 citat
667 1443 727 1479 vel
770 1442 810 1478 in
854 1441 977 1478 valvis
1025 1440 1191 1478 ecclesie
1225 1453 1325 1489 quos
1358 1441 1443 1477 vult
1474 1452 1543 1476 sue
1602 1434 1793 1497 ἒῐῖθξξὲἓθζο

229 1501 434 1548 presencie
458 1513 705 1548 comparere.
730 1502 778 1536 Et
794 1500 863 1536 tali
885 1499 1082 1536 citacione
1103 1507 1271 1535 utuntur
1286 1498 1345 1535 sui
1362 1497 1542 1547 episcopi
1623 1478 1753 1532 p(Phrist.

229 1567 266 1594 et
298 1558 442 1606 prelati
490 1558 652 1604 cesarei,
698 1559 793 1607 quia
836 1557 1003 1594 Matthei
1035 1559 1135 1604 VIII,
1172 1570 1193 1604 9
1228 1559 1276 1593 de
1309 1556 1544 1593 centurione

229 1616 434 1653 scribitur:
473 1617 559 1667 Ego
591 1617 705 1653 homo
726 1629 811 1653 sum
833 1617 902 1652 sub
920 1623 1112 1665 potestate
1143 1616 1370 1652 constitutus
1402 1615 1546 1651 habens

227 1675 295 1711 Sub
328 1688 387 1711 me
419 1675 571 1722 milites⁷
604 1682 638 1711 et
667 1675 751 1711 dico
774 1674 881 1710 huic:
911 1675 1015 1710 Vade
1046 1681 1081 1709 et
1113 1674 1241 1719 vadit;
1272 1680 1307 1710 et
1338 1673 1425 1709 alii:
1454 1672 1548 1709 Veni

173 1735 212 1766 25
229 1740 263 1768 et
286 1733 406 1778 venit;
426 1740 461 1768 et
481 1745 596 1769 servo
627 1745 731 1769 meo:
761 1733 842 1769 Fac
864 1733 935 1769 hoc
967 1739 1002 1768 et
1015 1732 1132 1780 facit.
1168 1733 1216 1767 Et
1248 1731 1279 1767 si
1302 1744 1385 1767 non
1406 1731 1543 1768 fallor:

229 1790 270 1827 Si
309 1804 389 1827 non
422 1791 498 1837 hic,
543 1791 685 1827 nullibi
730 1790 825 1827 alibi
870 1790 909 1827 in
955 1789 1161 1838 evangelio
1200 1789 1277 1826 ista
1309 1789 1454 1826 citacio
1489 1798 1547 1826 est

229 1849 407 1885 fundata.
442 1851 490 1885 Et
511 1857 647 1886 tamen
669 1849 710 1885 in
732 1849 879 1886 virtute
911 1847 1052 1884 tironis
1085 1847 1285 1884 inferioris
1318 1860 1440 1896 quam
1473 1847 1546 1883 fuit

228 1907 301 1943 iste
335 1907 446 1943 miles
478 1907 622 1955 prelati
655 1907 780 1943 citant
803 1907 985 1943 homines
1018 1907 1135 1954 longe
1166 1905 1311 1942 melius
1345 1905 1385 1942 in
1420 1918 1543 1942 causa

229 1965 302 2002 Dei
334 1964 512 2013 legitime
545 1974 780 2013 occupatos,
825 1965 1010 2001 homines
1045 1976 1145 2012 quos
1178 1976 1244 2000 rex
1277 1976 1415 2012 regum
1451 1963 1546 2000 citat

172 2024 214 2056 30
230 2024 280 2059 ad
319 2024 452 2059 locum
494 2023 757 2068 contrarium,
802 2023 927 2059 immo
973 2035 1074 2071 quos
1114 2024 1220 2058 Deus
1258 2021 1546 2070 inpossibilitat

228 2090 271 2117 ut
303 2081 358 2117 sic
391 2090 671 2129 compareant3
705 2091 741 2118 et
774 2090 910 2118 tamen
941 2082 1001 2117 lex
1028 2080 1185 2128 papalis
1217 2081 1288 2116 hos
1320 2089 1399 2117 tres
1432 2092 1547 2117 casus

229 2139 373 2187 excipit
405 2139 445 2175 in
478 2139 622 2187 quibus
654 2141 776 2176 homo
798 2139 965 2176 solvitur
998 2151 1021 2175 a
1053 2138 1252 2175 citacione
1285 2138 1434 2187 papali.
1468 2139 1547 2175 Sed

227 2197 496 2239 Antichristus
528 2198 734 2234 extollitur
763 2210 882 2247 super
914 2209 1023 2233 omne
1049 2197 1151 2246 quod
1183 2196 1326 2232 dicitur
1357 2197 1476 2243 Deus,
1511 2204 1547 2232 et

230 2256 509 2304 persequendo
548 2268 641 2292 suos
674 2256 832 2302 citatos,
872 2254 1153 2291 excusaciones
1192 2253 1427 2291 huiusmodi
1466 2267 1548 2290 non

173 2314 213 2346 35
230 2322 426 2361 acceptat,
472 2315 540 2350 sed
583 2314 652 2350 ubi
696 2314 895 2362 propheta
941 2313 1102 2349 Psalmo
1147 2313 1316 2357 CXVIII,
1369 2314 1444 2360 176
1491 2311 1547 2348 sic

230 2380 339 2408 orat:
386 2372 537 2407 Erravi
572 2372 669 2408 sicut
701 2372 783 2407 ovis
815 2384 885 2420 que
912 2371 1043 2420 periit,
1086 2383 1202 2420 quere
1239 2383 1395 2407 servum
1441 2377 1547 2406 tuum

231 2430 409 2476 Domine,
442 2430 551 2478 quod
574 2429 755 2466 Christus
789 2429 1005 2477 complevit
1033 2429 1073 2464 in
1100 2441 1235 2477 opere,
1269 2430 1364 2464 dum
1390 2429 1439 2465 de
1462 2428 1547 2465 celo

230 2488 491 2524 descenderat
535 2487 806 2524 incarnandus
852 2496 889 2523 et
942 2486 1150 2523 descendit
1195 2488 1457 2535 postmodum
1498 2487 1548 2522 ad

303 2701 322 2720 1.
340 2693 377 2720 B:
390 2696 548 2729 peroptat.
620 2701 649 2726 4.
665 2693 737 2720 Ain
751 2700 865 2727 marg.:
880 2701 908 2728 7.
984 2700 1017 2719 11.
1034 2692 1063 2719 A
1077 2692 1106 2718 in
1123 2700 1219 2727 marg.
1233 2701 1239 2719 τ
1257 2690 1285 2718 8.
1361 2699 1403 2724 14.
1418 2691 1455 2718 B:
1470 2691 1549 2717 blas-

228 2728 684 2763 pl1emia,·ib.A:pravilegia;
700 2727 791 2754 codd.
803 2725 1308 2764 :furtuoseRectiuszfructuosa.
1365 2726 1550 2754 15.A:s0lli—

233 2763 293 2790 cita
314 2764 415 2797 deest3
436 2763 458 2790 B
479 2763 575 2790 addit.
648 2761 696 2790 36.
717 2762 836 2790 Codd.:
859 2770 1000 2798 querere.

305 2859 358 2890 33.
384 2858 408 2889 1.
433 2857 592 2889 Thessal.
618 2857 657 2897 ΙΙ,
683 2867 716 2898 4.
