2003 3322
147 945 215 974 The
237 946 283 973 sin
304 947 339 974 of
355 954 413 974 our

162 982 290 1008 modern
312 983 414 1019 clergy

179 1017 285 1043 makes
305 1017 389 1045 them

196 1052 370 1079 inefficient.

206 2225 326 2253 Defects
347 2226 375 2253 in

154 2261 253 2293 t‘riars,
273 2262 430 2296 collegiate

200 2297 300 2331 clergy
321 2297 379 2323 and

220 2332 359 2365 prelatos.

847 239 965 272 opus
989 239 1325 271 EVANGELICUM
1495 225 1604 280 [CAP.
1625 234 1750 263 xxxv.

438 346 638 395 obiurgati
678 347 846 384 crimine
885 347 1022 384 dicunt
1060 347 1254 396 implicite
1287 349 1395 396 quod
1434 346 1524 384 talis
1557 347 1598 383 in
1630 358 1751 395 opere

438 414 476 442 et
503 405 666 454 propria
688 405 767 442 vita
797 407 914 442 docet
937 407 1048 454 quod
1075 405 1173 442 illud
1207 407 1315 454 quod
1348 405 1389 441 in
1423 417 1486 442 me
1519 413 1601 442 tam
1636 413 1751 442 acute

438 463 570 512 arguit
602 477 682 501 non
715 473 772 500 est
806 477 826 500 a
860 466 945 500 Deo
978 465 1300 512 ponderandum,
1341 476 1430 500 cum
1467 463 1551 511 ipse
1584 463 1625 499 in
1658 475 1752 500 con-

438 521 560 558 simili
605 522 654 558 sit
693 531 774 559 tam
815 535 916 559 reus.
964 524 1012 559 Et
1050 524 1122 559 hec
1161 522 1271 559 racio
1311 534 1435 571 quare
1469 521 1651 558 Christus
1684 520 1752 570 qui

437 592 606 628 peccare
643 593 724 617 non
763 581 893 629 potuit
925 580 999 617 fuit
1037 590 1120 617 tam
1152 582 1333 628 ydoneus
1367 588 1577 628 correptor
1608 583 1786 628 pecca-5

438 651 574 675 rorum
615 647 652 675 et
691 648 780 687 post
820 638 1025 676 Christum
1064 639 1250 687 apostoli.
1295 640 1343 674 Et
1381 639 1454 675 hec
1492 637 1566 674 fuit
1609 650 1754 686 magna

438 696 547 733 racio
592 709 716 745 quare
763 706 996 745 peccatores
1047 706 1129 734 tam
1184 696 1399 734 efficaciter
1452 697 1751 741 convertebant,

438 754 532 803 quia
576 767 739 791 necesse
783 764 840 792 est
879 764 921 791 ut
959 764 1124 803 argutor
1161 754 1323 792 sceleris
1362 754 1431 803 qui
1470 754 1511 790 in
1548 753 1678 791 verbis
1718 762 1756 790 et

439 812 628 861 operibus
661 813 835 862 propriis
873 813 1033 850 sibimet
1077 812 1319 850 contradicit
1356 812 1583 849 inhabilitet
1630 824 1670 848 se
1714 811 1755 848 in

439 872 515 907 hoc
548 880 591 907 ut
623 871 673 907 sit
705 871 871 908 fraterni
905 871 1084 908 criminis
1118 871 1258 908 efficax
1290 872 1540 919 redargutor.
1776 884 1815 905 10

497 931 552 965 Ex
585 942 665 977 quo
705 929 957 966 convincitur
989 931 1097 979 quod
1136 942 1257 966 causa
1289 941 1413 978 quare
1448 927 1633 965 moderni
1665 940 1754 976 pre-

438 987 508 1023 lati
539 996 575 1024 et
599 988 918 1036 evangelizantes
946 1001 1027 1025 non
1050 989 1197 1025 docent
1226 996 1263 1025 et
1292 996 1531 1024 convertunt
1559 986 1755 1035 populum

439 1054 520 1081 tam
564 1046 783 1083 efficaciter
821 1046 923 1083 sicut
961 1047 1142 1083 fecerunt
1182 1046 1356 1095 apostoli
1397 1055 1454 1082 est
1493 1044 1589 1094 quia
1621 1053 1755 1081 reatus

439 1103 626 1152 proprius
657 1113 694 1141 et
715 1106 837 1141 verba
859 1105 1005 1153 quibus
1034 1106 1248 1141 hortantur
1273 1104 1470 1153 populum
1501 1102 1756 1151 culpabiliter

439 1162 738 1210 contradicunt3
780 1172 816 1199 et
855 1163 945 1199 talis
978 1175 1112 1201 servus
1146 1171 1203 1200 est
1235 1161 1423 1199 inhabilis
1462 1170 1505 1198 ut
1538 1161 1589 1198 sit
1621 1162 1813 1198 redas-15

438 1228 558 1268 gutor
597 1229 634 1257 et
673 1234 795 1269 preco
835 1220 1030 1270 simplicis
1069 1220 1261 1258 veritatis.
1303 1222 1416 1257 Patet
1448 1219 1615 1257 ulterius
1648 1220 1756 1268 quod

439 1278 568 1315 maior
610 1292 702 1327 pars
750 1279 918 1316 fratrum
967 1279 1229 1328 arguencium
1283 1287 1376 1315 sunt
1427 1278 1589 1316 racione
1641 1277 1757 1314 istius

439 1336 618 1373 criminis
651 1337 692 1373 in
725 1350 897 1386 persona
930 1337 1096 1386 propria
1129 1337 1261 1386 primo
1301 1337 1371 1387 rei,
1403 1346 1447 1374 ut
1486 1335 1757 1374 communitas

438 1395 650 1431 hominurn
696 1395 869 1444 imponit
915 1396 1023 1433 fideli
1067 1395 1241 1432 heresim
1287 1408 1331 1432 ex
1374 1395 1450 1432 hoc
1490 1396 1598 1444 quod
1641 1403 1757 1431 acute

439 1454 643 1501 redarguit
670 1462 837 1502 peccata
868 1454 1068 1491 maiorum
1098 1463 1135 1491 et
1164 1453 1220 1490 illi
1250 1453 1319 1502 qui
1347 1453 1674 1502 calumpniantur
1702 1452 1758 1489 sic
1775 1464 1817 1486 20

440 1511 577 1548 fideles
601 1514 648 1549 de
672 1513 813 1559 heresi,
838 1521 930 1549 sunt
953 1512 1222 1549 communiter
1245 1511 1373 1548 heresi
1397 1512 1575 1549 eiusdem
1599 1510 1758 1548 articuli

439 1569 596 1616 irretiti,
636 1579 680 1607 ut
712 1570 888 1619 religiosi
928 1579 965 1607 et
998 1570 1143 1619 prelati
1186 1569 1301 1607 inscii
1334 1569 1551 1619 imponunt
1583 1569 1756 1606 heresim

440 1628 625 1665 fidelibus
648 1629 744 1677 quia
774 1628 914 1665 dicunt
936 1630 1045 1678 quod
1067 1628 1199 1666 hostia
1222 1637 1456 1666 consecrata
1479 1637 1537 1665 est
1560 1629 1758 1677 quodam-

441 1688 562 1723 modo
596 1699 741 1735 corpus
765 1687 913 1724 Christi
948 1696 984 1723 et
1016 1686 1255 1724 naturaliter
1285 1700 1400 1724 verus
1433 1686 1548 1735 panis
1581 1690 1639 1731 (ut
1662 1685 1758 1722 dicit

441 1745 720 1793 evangelium),
762 1755 799 1781 et
836 1754 972 1782 tamen
1011 1758 1151 1782 omnes
1190 1744 1246 1781 illi
1285 1745 1476 1782 maculati
1514 1752 1607 1781 sunt
1645 1745 1758 1780 trabe
1775 1744 1814 1776 25

441 1803 590 1839 heresis
623 1803 663 1839 in
697 1804 772 1840 hoc
805 1812 965 1851 puncto,
1006 1803 1097 1840 ideo
1129 1803 1249 1840 nimis
1282 1816 1425 1852 parum
1460 1803 1673 1839 attendunt
1706 1802 1757 1838 ad

442 1870 677 1910 preceptum
711 1861 888 1907 Domini,
923 1863 1086 1910 quando
1121 1861 1234 1898 dicit:
1285 1862 1479 1911 Ypocrita,
1519 1861 1595 1897 eice
1627 1860 1758 1910 primo

442 1920 589 1956 trabem
637 1921 683 1956 de
727 1921 851 1967 oculo,
904 1920 1041 1956 deinde
1083 1920 1282 1968 festucam
1330 1932 1401 1969 que
1452 1926 1508 1956 est
1560 1919 1596 1955 in
1649 1918 1758 1955 oculo

432 1978 584 2026 fratris
617 1978 672 2014 tui
696 1986 807 2027 potes
840 1978 973 2014 eicere.

902 2115 1042 2156 CAP.
1076 2114 1293 2155 XXXV.
1775 2116 1817 2147 30

503 2213 556 2247 Ex
596 2211 680 2247 istis
719 2211 848 2248 verbis
892 2211 1107 2260 Augustini
1146 2224 1237 2247 cum
1278 2210 1355 2247 fide
1392 2209 1591 2256 scripture
1629 2217 1759 2257 potest

446 2268 533 2305 elici
567 2282 688 2318 quam
722 2269 847 2318 inepti
886 2278 978 2306 sunt
1010 2270 1152 2307 fratres
1187 2278 1224 2306 et
1264 2268 1504 2317 capitulares
1544 2267 1677 2304 clerici
1722 2275 1760 2302 et

445 2327 589 2374 prelati
624 2329 671 2364 ad
708 2327 878 2364 crimina
910 2328 1051 2376 populi
1085 2327 1236 2364 subditi
1270 2326 1574 2375 corrigendum3
1615 2326 1757 2362 fratres

445 2385 622 2433 quidem,
667 2385 762 2434 quia
807 2399 880 2434 pro
926 2386 1071 2423 maiori
1111 2394 1225 2434 parte
1263 2394 1354 2422 sunt
1392 2383 1573 2433 ypocrite
1613 2392 1650 2419 et
1689 2395 1760 2431 per

445 2455 693 2492 consequens
732 2444 819 2480 falsi
858 2444 898 2480 in
936 2444 1065 2481 verbis
1111 2453 1147 2481 et
1185 2456 1320 2492 opere,
1365 2443 1578 2491 Apostolus
1623 2450 1759 2478 tamen
1776 2439 1815 2473 35

444 2511 481 2537 et
522 2501 619 2538 socii
658 2501 718 2538 sui
756 2501 850 2539 facti
889 2512 980 2539 sunt
1013 2503 1140 2539 omnia
1174 2502 1359 2548 omnibus,
1400 2509 1443 2537 ut
1475 2502 1608 2549 plures
1641 2498 1760 2536 lucri-

515 2686 548 2705 11.
565 2679 593 2705 A
604 2678 633 2705 in
650 2685 746 2713 marg.
760 2678 814 2705 inf.
826 2679 881 2706 fol.
896 2677 988 2713 394b:
1006 2678 1052 2705 De
1063 2676 1424 2713 correpcz'onesraterna
1439 2676 1598 2712 quas-iper
1610 2678 1717 2704 totum.
1733 2683 1758 2702 2.

447 2713 488 2739 10.
510 2713 586 2740 Ain
609 2721 776 2748 nia1·g.:3.
888 2721 925 2748 17.
957 2714 1001 2740 A:
1022 2713 1159 2748 fratres.
1269 2712 1310 2740 23.
1345 2713 1388 2739 A:
1423 2712 1497 2747 quia
1529 2711 1636 2738 dicunt
1666 2711 1758 2738 deest.

446 2755 491 2780 24.
515 2749 542 2775 A
564 2748 592 2774 in
615 2756 729 2782 marg:
758 2747 803 2774 De
822 2748 1026 2775 eucharistia.
1135 2748 1177 2775 25.
1204 2749 1231 2774 A
1260 2747 1289 2774 in
1318 2755 1414 2782 marg.
1442 2747 1496 2773 inf.
1524 2746 1576 2773 fol.
1599 2745 1691 2781 394b:
1715 2745 1760 2771 De

445 2783 546 2809 hostia
568 2786 749 2809 consecrata
771 2783 799 2809 in
823 2784 879 2809 linc
900 2783 1036 2818 capituli.

518 2866 571 2899 36.
598 2867 674 2899 Col.
702 2868 754 2907 111,
786 2878 835 2898 11.
