2003 3322
186 182 276 210 CAP.
297 173 421 226 xlm]
660 184 870 216 SECUNDA
899 185 1024 219 PARS.

246 292 323 327 Sed
352 291 444 340 quid
476 291 590 327 dicis:
622 291 693 327 hoc
725 291 847 340 ipsum
876 298 966 340 peto
1000 299 1039 327 ut
1068 292 1187 327 sciam
1221 292 1431 340 etfaciam
1465 299 1499 327 et

188 350 376 399 quomodo
431 361 590 398 possum
642 349 784 397 facere
833 350 1061 398 priusquam
1117 350 1316 399 accipiam.
1370 349 1498 384 Etiam

188 408 288 457 quod
320 414 430 456 potes
451 408 526 455 sac
559 414 598 442 ut
636 407 802 455 amplius
836 408 964 456 possis
1002 415 1038 443 et
1069 408 1170 456 quod
1206 407 1282 443 scis
1312 419 1427 443 serva
1461 414 1501 442 ut

187 466 353 515 amplius
395 465 506 501 scias.
552 464 705 500 Iusticia
750 465 846 501 enim
891 466 972 514 ipsa
1017 477 1057 501 se
1099 473 1298 514 operatur,
1343 472 1378 501 et
1418 466 1499 514 ipsa

155 525 226 560 536
248 523 482 572 manifestat.
516 523 748 567 Quomodo?
779 524 884 558 Dum
912 530 951 558 tu
980 523 1168 559 iusticiam
1193 523 1371 572 operaris
1393 523 1429 558 in
1453 529 1500 568 te,

188 582 335 617 iusticia
369 588 404 616 te
436 588 624 629 operatur
645 580 680 616 in
712 592 763 616 36.
800 581 899 616 Nam
934 593 1044 617 omne
1076 581 1282 630 artificium
1314 593 1354 617 se
1377 581 1500 630 ipsum

188 646 387 689 operatur,
420 646 459 673 ut
485 645 595 687 puta,
629 638 807 687 operaris
840 638 1001 682 vineam,
1036 639 1190 688 colligis
1207 640 1390 687 fructum
1424 639 1502 674 eius

188 704 223 733 et
256 697 466 733 delectatus
504 697 540 732 in
578 696 631 732 eis
669 697 805 732 melius
843 696 1034 745 operaris.
1076 697 1188 733 Vides
1220 697 1307 745 quia
1347 697 1429 745 ipsa
1462 709 1502 732 se

188 755 290 798 colit,
317 754 601 804 fructificando
640 754 716 801 tibi,
757 754 847 789 dum
887 754 1059 790 colitur?
1098 755 1161 790 Sic
1199 761 1234 790 et
1266 767 1316 791 ex
1349 755 1502 790 diverso

134 813 251 861 loqui
298 824 393 862 opus
442 813 590 861 peccati
636 812 853 860 exequitur,
906 812 1030 861 ipsum
1065 820 1281 861 peccatum,
1326 825 1409 848 cum
1455 812 1503 848 sit

186 871 347 920 spiritus
378 870 595 915 inmundus,
628 877 816 918 operatur
847 870 883 905 in
916 882 958 905 eo
982 870 1277 906 delectacionem
1301 871 1502 919 peccandi,

188 935 227 964 ut
260 929 349 964 dum
385 928 599 964 delectatur
631 928 735 964 circa
762 935 964 976 peccatum
998 928 1164 977 amplius
1192 936 1337 977 peccet.
1373 928 1435 963 Sic
1468 935 1503 963 et

187 986 251 1035 qui
280 986 469 1022 iusticiam
493 993 690 1035 operatur,
724 998 809 1021 cum
831 986 880 1022 sit
902 986 984 1034 ipsa
1008 986 1157 1022 iusticia
1188 986 1307 1022 eciam
1332 986 1503 1035 Spiritus

188 1045 365 1090 Sanctus,
399 1051 586 1093 operatur
613 1044 649 1079 in
673 1056 714 1079 eo
739 1044 1031 1080 delectacionem-z
1066 1044 1211 1080 iusticie
1232 1044 1430 1093 faciende,
1465 1052 1503 1079 ut

136 1102 398 1138 15delectatzts
430 1102 533 1137 circa
567 1102 755 1137 iusticiam
789 1101 956 1151 amplius
979 1102 1123 1150 faciat.
1180 1102 1272 1137 Tale
1310 1109 1365 1138 est
1404 1103 1505 1151 quod

188 1160 279 1195 dicit
311 1159 533 1208 Sapiencia:
582 1160 804 1209 Cogitatum
845 1160 940 1195 habe
978 1160 1014 1195 in
1048 1160 1244 1209 preceptis
1276 1160 1353 1196 Dei
1393 1167 1427 1195 et
1466 1160 1502 1195 in

189 1218 382 1253 mandatis
419 1218 499 1254 eius
536 1218 725 1253 meditare
764 1230 929 1266 semper,
969 1225 1005 1253 et
1043 1219 1122 1267 ipse
1160 1218 1404 1268 confirmabit
1436 1230 1504 1254 cor

187 1283 307 1322 tuum,
340 1283 375 1312 et
407 1276 755 1325 concupiscenciam
794 1276 984 1324 sapiencie
1015 1276 1083 1311 tibi
1114 1276 1229 1312 dabit.
1272 1276 1384 1312 Vides
1414 1276 1503 1325 quia

187 1333 335 1369 iusticia
374 1334 457 1382 ipsa
495 1346 536 1370 se
573 1334 789 1382 operatur?
835 1334 885 1369 Te
922 1335 1188 1370 tantummodo
1228 1334 1429 1370 inchoante
1470 1342 1505 1369 et

132 1401 173 1421 20
188 1392 417 1427 laborante?
450 1392 526 1426 Sed
557 1392 639 1440 ipsa
669 1404 709 1427 se
730 1392 922 1440 adaperit,
956 1393 1045 1427 dum
1079 1393 1230 1427 colitur.
1268 1392 1373 1427 Sicut
1405 1392 1502 1427 enim

62 1446 141 1491 39γά
188 1450 251 1498 qui
269 1456 417 1498 peccat,
451 1450 541 1485 dum
571 1457 722 1498 peccat,
755 1449 883 1499 magis
915 1457 1028 1499 atque
1060 1450 1188 1500 magis
1220 1457 1255 1486 te
1284 1448 1288 1500 Ι
1317 1450 1505 1486 nebrescit

188 1520 292 1543 mens
320 1508 398 1543 eius
428 1514 462 1543 et
490 1520 511 1542 a
542 1508 624 1543 luce
647 1508 822 1543 veritatis
855 1508 1011 1551 recedit,
1045 1508 1095 1544 ita
1130 1516 1169 1543 ut
1202 1509 1306 1543 nulla
1339 1508 1503 1544 sciencia

187 1566 373 1601 salutaris
411 1573 610 1601 remaneat
648 1566 683 1601 in
730 1578 785 1612 eo,
830 1566 904 1601 nisi
939 1566 1021 1602 sola
1061 1566 1299 1616 malignitas,
1346 1567 1391 1602 de
1429 1579 1502 1614 qua

189 1623 280 1659 dicit
311 1623 516 1659 Salomon:
554 1624 756 1672 Sapiencia
796 1624 1002 1673 impiorum
1038 1624 1208 1672 nequicia
1242 1631 1297 1659 est
1328 1625 1500 1661 sciencie.

133 1679 171 1710 25
190 1682 252 1717 Sic
284 1689 319 1717 et
351 1682 415 1730 qui
451 1681 638 1717 iusticiam
680 1689 878 1731 operatur,
919 1683 1008 1717 dum
1049 1690 1249 1731 operatur,
1291 1683 1419 1732 magis
1458 1693 1503 1718 ac

189 1740 317 1789 magis
349 1740 527 1775 clarescit
559 1753 666 1776 meus
688 1740 767 1775 eius
796 1747 830 1775 et
851 1741 904 1775 ad
926 1740 1106 1776 noticiam
1128 1741 1320 1788 sapiencie
1344 1741 1503 1776 maioris

188 1797 371 1844 ascendit,
416 1804 451 1833 et
494 1798 576 1846 ipsa
615 1810 655 1834 se
693 1798 842 1833 iusticia
883 1798 993 1845 quasi
1028 1799 1226 1847 speculum
1266 1800 1379 1847 offert
1417 1806 1503 1834 ante

189 1856 319 1891 oculos
357 1856 489 1891 cordis
526 1855 666 1904 ipsius;
711 1856 846 1891 deinde
877 1856 912 1892 si
944 1868 1063 1905 opera
1103 1857 1249 1892 iusticie
1287 1869 1359 1892 non
1381 1857 1502 1905 facis,

190 1913 229 1948 id
272 1920 339 1959 est,
382 1913 416 1949 si
460 1926 531 1949 non
574 1914 723 1962 pulsas,
770 1926 836 1949 nec
880 1926 998 1950 orare
1035 1926 1086 1950 ex
1113 1914 1199 1964 fide
1233 1922 1355 1964 potes.
1402 1915 1503 1950 Nam

134 1982 175 2012 30
191 1971 314 2007 virtus
356 1971 548 2007 oracionis
592 1979 646 2007 est
691 1984 787 2021 opus
830 1972 986 2018 iusticie,
1039 1972 1171 2008 oracio
1222 1980 1351 2010 autem
1396 1973 1507 2021 quasi

190 2030 288 2065 odor
332 2029 536 2065 suavitatis
580 2037 635 2065 est
678 2030 807 2079 operis
846 2030 944 2066 boni.
992 2030 1098 2066 Sicut
1137 2042 1234 2081 ergo
1276 2043 1337 2067 res
1377 2031 1505 2078 aliqua

188 2087 269 2124 sine
325 2088 446 2124 odore
498 2094 637 2136 potest,
692 2088 790 2123 odor
842 2095 969 2123 autem
1021 2088 1103 2124 sine
1153 2089 1281 2137 aliqua
1334 2101 1377 2124 re
1428 2100 1508 2124 esse

191 2157 264 2181 non
303 2152 432 2195 potest
474 2145 529 2181 sic
573 2157 668 2195 opus
710 2145 791 2181 sine
834 2146 1014 2182 oracione
1059 2146 1206 2194 aliquid
1252 2153 1318 2193 est,
1376 2146 1506 2182 oracio

191 2210 316 2239 autem
349 2203 430 2239 sine
461 2214 576 2252 opere
608 2204 704 2239 hono
737 2203 833 2239 nihil
863 2210 939 2248 est,·
976 2211 1011 2239 et
1042 2203 1076 2240 si
1106 2216 1210 2250 oras,
1244 2217 1318 2240 non
1351 2216 1402 2240 ex
1421 2204 1508 2253 fide

134 2269 174 2301 35
191 2272 294 2297 oras.
342 2261 445 2297 Nam
490 2261 588 2297 sicut
627 2261 785 2297 lucerna
831 2274 904 2297 non
952 2261 1103 2310 quidem
1153 2274 1203 2298 ex
1248 2262 1330 2298 oleo
1374 2274 1507 2298 accen-

192 2319 299 2354 ditur
340 2320 409 2355 sed
452 2331 528 2368 per
579 2319 702 2355 oleum
752 2319 935 2365 nutritur,
980 2320 1034 2356 sic
1067 2319 1174 2369 fides
1224 2333 1297 2356 non
1354 2320 1506 2369 quidem

190 2388 241 2412 ex
272 2389 387 2426 opere
418 2377 600 2423 nascitur,
633 2377 700 2413 sed
727 2389 802 2426 per
832 2389 950 2426 opera
987 2378 1192 2414 enutritur.
1247 2379 1331 2414 Hec
1376 2378 1508 2414 Criso-

192 2442 357 2470 stomus.

261 2635 290 2659 4.
313 2626 350 2654 B:
370 2626 493 2654 Iusticie
507 2627 587 2654 enim
597 2627 636 2654 de
648 2635 681 2654 se
694 2630 854 2662 operatur.
929 2627 955 2655 8.
977 2628 1005 2654 A
1019 2627 1048 2654 in
1066 2635 1179 2661 marg:
1204 2626 1285 2655 Nota
1294 2636 1305 2659 ,·
1325 2627 1366 2654 ib.
1383 2627 1418 2653 B:
1434 2635 1507 2662 quo-

193 2662 275 2689 niam
289 2661 368 2696 ipsa.
442 2669 471 2694 9.
488 2662 524 2689 B:
541 2665 571 2689 et
585 2662 678 2689 deest.
754 2669 791 2689 12.
807 2664 850 2690 A:
863 2665 965 2697 petet:
980 2662 1019 2689 ib,
1032 2663 1076 2689 A:
1093 2665 1121 2689 el
1135 2662 1229 2689 deest.
1304 2660 1342 2689 13.
1354 2663 1396 2688 A:
1411 2662 1507 2688 eciam

193 2697 287 2724 deest.
362 2705 402 2731 17.
424 2696 540 2724 Codd.:
562 2697 716 2724 meditare
735 2697 830 2725 deest.
851 2697 981 2724 Addidi.
1055 2704 1093 2724 21.
1115 2698 1160 2724 A:
1183 2697 1238 2732 qui
1255 2696 1350 2723 deest.

269 2791 316 2824 16.
344 2793 450 2824 Eccli.
476 2794 532 2833 VI,
561 2794 613 2835 37.
711 2803 762 2834 24.
791 2793 895 2824 Eccli.
923 2793 1009 2833 XIX,
1040 2803 1088 2836 19.

1707 179 1785 223 405

1526 299 1559 326 Iu
1581 299 1675 333 doing
1698 298 1776 333 right

1532 342 1577 360 we
1598 334 1667 369 gain
1690 341 1775 361 more

1545 377 1649 403 power
1668 373 1699 394 to
1720 368 1759 395 do

1608 403 1698 438 right.

1526 1686 1639 1721 Prayei·
1660 1686 1788 1712 without

1529 1721 1609 1755 good
1633 1721 1736 1748 works
1757 1720 1783 1747 is

1587 1756 1724 1790 nothing.
