2003 3322
192 212 282 240 CAP.
307 200 431 258 XLVL]
707 214 848 245 PRlMA
875 213 1000 245 PARS.

181 321 292 371 filios
324 329 358 356 et
377 321 537 369 fratres
559 328 594 356 et
615 332 785 364 sorores,
819 320 974 369 insuper
1006 328 1041 356 ct
1073 320 1240 355 animam
1273 333 1396 365 suam,
1431 332 1502 356 non

187 386 315 428 potest
348 391 452 414 meus
479 390 559 414 esse
582 378 800 427 discipulus.
846 378 974 413 Videri
994 378 1091 413 enim
1110 385 1239 426 potest
1261 378 1501 413 contrarium

192 437 315 472 minus
337 436 636 486 intelligentibus
659 436 760 484 quod
782 435 841 471 hic
864 443 967 471 vetat
989 436 1131 471 dimitti
1151 447 1315 471 uxorem
1340 443 1502 484 excepta

191 506 306 530 causa
329 493 627 542 fornicacionis‚
672 493 765 529 alibi
806 501 931 528 autem
972 493 1199 542 discipulum
1237 505 1346 528 suum
1387 501 1504 543 negat

158 552 271 587 5esse
303 563 418 600 posse
450 563 675 599 quemquam
716 551 779 599 qui
815 563 888 586 non
927 551 1052 587 oderit
1091 562 1268 586 uxorem.
1321 551 1436 594 Quod
1472 551 1507 587 si

184 617 352 658 propter
383 609 621 645 concubitum
657 608 814 651 diceret,
848 621 920 644 non
953 609 1071 644 eciam
1091 616 1246 657 patrem
1271 616 1306 643 et
1339 616 1503 644 matrem

180 667 340 715 fratres
372 674 407 702 et
436 678 595 702 sorores
628 666 664 701 in
705 667 863 702 eandem
908 666 1165 702 condicionem
1197 673 1371 714 poneret.
1430 667 1507 701 Sed

189 724 277 773 quia
310 736 442 760 verum
476 732 531 760 est
563 724 664 772 quod
696 736 859 774 regnum
892 724 1063 760 celorum
1098 724 1172 759 vim
1201 724 1352 772 patitur
1381 731 1417 759 et
1445 724 1508 772 qui

191 782 265 818 vim
279 782 449 831 faciunt,
485 782 673 830 diripiunt
705 782 812 826 illud,
847 789 989 830 quanta
1023 782 1061 816 vi
1091 794 1185 830 opus
1219 789 1286 826 est,
1320 789 1360 817 ut
1392 783 1505 817 homo

137 849 175 870 10
190 840 330 890 diligat
373 840 546 875 inimicos
583 847 617 875 et
660 840 787 875 oderit
820 847 974 888 patrem
1009 847 1045 875 et
1077 847 1241 874 matrem
1282 847 1317 874 et
1346 839 1506 887 fratres

190 905 225 933 et
272 909 435 933 uxorem
482 905 517 933 et
549 897 689 947 filios?
738 897 949 945 Utrumque
992 897 1092 932 iubet
1136 897 1200 945 qui
1245 897 1296 932 ad
1340 909 1504 947 regumn

188 956 359 992 celorum
392 963 514 991 vocat.
549 955 601 990 Et
628 956 818 1003 quomodo
852 956 919 991 lzec
952 967 1024 990 non
1056 963 1143 990 sunt
1175 954 1374 990 contraria
1408 955 1507 990 inter

187 1025 228 1050 se
270 1013 351 1062 ipso
397 1014 492 1049 duce
535 1025 603 1049 nos
647 1012 954 1048 misericorditer
1000 1013 1157 1048 docente
1200 1013 1402 1048 ostendere
1451 1021 1506 1049 est

179 1071 318 1119 facile,
350 1071 419 1106 sed
451 1083 494 1106 ea
527 1070 719 1106 intellecta
751 1070 913 1119 implere
944 1077 999 1106 est
1038 1070 1210 1120 difficile.
1262 1071 1504 1118 Quamquam

136 1125 171 1158 15
188 1137 222 1165 et
255 1129 325 1164 hoc
357 1129 438 1177 ipso
472 1129 602 1164 eodem
628 1128 834 1164 adiuvante
855 1128 904 1164 sit
916 1128 1170 1176 facillimum.
1204 1128 1383 1178 Regnum
1407 1128 1504 1164 enim

188 1194 375 1231 eternum,
420 1187 471 1222 ad
514 1187 617 1234 quod
664 1186 871 1234 discipulos
907 1198 997 1222 suos
1041 1197 1133 1234 quos
1181 1186 1300 1221 eciam
1344 1186 1506 1234 fratres

188 1245 389 1293 appellare
427 1244 615 1294 dignatur
655 1251 778 1289 vocat,
824 1256 896 1279 non
940 1244 1052 1279 habet
1090 1244 1308 1279 huiusmodi
1345 1244 1504 1280 necessi-

188 1302 337 1338 tudines
369 1302 615 1351 temporales.
662 1301 749 1337 Non
788 1302 885 1337 enim
925 1309 981 1337 est
1017 1302 1173 1347 Judeus,
1219 1301 1349 1349 inquit,
1389 1314 1506 1350 neque

193 1360 353 1405 Grecus,
387 1371 504 1408 neque
536 1359 729 1395 masculus
761 1371 878 1407 neque
891 1359 1058 1407 femina,
1093 1371 1209 1407 neque
1230 1371 1366 1395 servus
1389 1371 1507 1408 neque

132 1425 174 1446 20
189 1418 296 1463 liber,
334 1418 403 1453 sed
440 1417 567 1453 omnia
607 1424 642 1453 et
674 1417 709 1452 in
743 1417 916 1453 omnibus
946 1417 1056 1453 Jesus
1093 1417 1281 1452 Christus.
1330 1417 1383 1452 Et
1427 1418 1506 1466 ipse

187 1475 379 1512 Dominus
423 1475 533 1511 dicit:
584 1476 626 1510 In
680 1475 969 1511 resurreccione
1021 1487 1138 1523 neque
1190 1475 1328 1510 nubent
1389 1487 1506 1523 neque

188 1534 377 1569 nubentur
420 1545 536 1581 neque
582 1544 729 1568 uxores
773 1533 910 1568 ducent
952 1533 1021 1568 sed
1064 1540 1176 1568 erunt
1228 1545 1358 1568 omnes
1408 1533 1506 1569 sicut

188 1591 322 1641 angeli
350 1591 427 1626 Dei
457 1591 492 1626 in
525 1591 626 1627 celis.
666 1590 830 1639 Oportet
861 1602 958 1640 ergo
992 1598 1033 1625 ut
1064 1590 1230 1638 quisquis
1261 1590 1364 1626 illius
1393 1591 1508 1641 regni

188 1649 305 1684 vitam
339 1648 414 1684 iam
448 1648 507 1684 hic
540 1648 724 1684 meditari
754 1648 931 1693 voluerit,
965 1648 1091 1684 oderit
1113 1661 1186 1684 non
1209 1648 1381 1684 homines
1403 1648 1505 1697 ipsos

131 1702 171 1734 25
186 1707 254 1743 sed
285 1706 388 1755 ipsas
420 1706 714 1742 necessitudines
746 1706 981 1755 temporales
1012 1706 1145 1754 quibus
1182 1706 1254 1741 ista
1287 1717 1357 1754 que
1395 1714 1504 1742 tran-

186 1764 310 1800 situra
334 1771 389 1799 est
412 1764 679 1812 vitafulcitur,
697 1775 766 1812 que
788 1764 978 1800 nascendo
1002 1771 1038 1799 et
1060 1763 1259 1799 moriendo
1273 1764 1505 1814 peragitur:

187 1822 289 1870 quod
320 1822 383 1870 qui
413 1834 485 1857 non
519 1821 599 1857 odit
631 1822 797 1857 nondum
831 1829 938 1857 amat
975 1821 1082 1856 illam
1123 1821 1254 1867 vitam⁷
1300 1821 1363 1857 ubi
1400 1822 1505 1858 nulla

188 1880 261 1916 erit
299 1879 470 1915 condicio
511 1879 693 1915 nascendi
734 1887 769 1915 et
813 1879 1006 1915 moriendi
1041 1891 1111 1927 que
1148 1879 1304 1928 copulat
1348 1886 1505 1919 terrena

187 1936 379 1987 coniugia.

131 1993 173 2025 30
245 1996 377 2043 Itaque
413 1995 448 2031 si
484 1995 647 2043 aliquem
687 1995 779 2030 bene
816 1994 1067 2030 christianum
1115 1994 1179 2043 qui
1220 2002 1347 2030 tamen
1392 1995 1505 2031 habet

187 2064 351 2089 uxorem
375 2052 548 2101 quamvis
579 2053 704 2088 adhuc
736 2065 819 2088 cum
854 2064 897 2087 ea
919 2052 1030 2103 filios
1057 2060 1230 2102 generet,
1263 2052 1503 2102 interrogem

187 2118 315 2146 utrum
349 2110 385 2146 in
417 2111 483 2146 illo
517 2122 639 2160 regno
672 2110 815 2146 habere
847 2110 935 2146 velit
968 2122 1146 2155 uxorem,
1192 2122 1342 2145 memor
1381 2110 1506 2158 utique

182 2168 469 2217 promissorum
492 2168 568 2203 Dei
599 2175 634 2203 et
667 2168 740 2203 vite
771 2168 873 2203 illius
906 2168 969 2203 ubi
999 2167 1251 2216 corruptibile
1283 2168 1353 2203 hoc
1376 2167 1505 2203 induet

187 2226 520 2274 incorrupcionem
544 2233 579 2261 et
611 2226 778 2261 mortale
801 2227 872 2261 hoc
894 2226 1023 2260 induet
1045 2225 1392 2271 immortalitatem,
1427 2225 1503 2260 iam

133 2281 172 2314 35
188 2296 332 2333 magno
366 2284 426 2319 vel
457 2291 560 2319 certe
589 2283 715 2331 aliquo
739 2295 874 2319 amore
894 2295 1110 2331 suspensus,
1144 2295 1228 2318 cum
1253 2283 1505 2319 execracione

190 2341 434 2390 respondebit
464 2353 504 2377 se
537 2342 779 2376 veliementer
816 2341 914 2376 illud
952 2341 1063 2376 nolle.
1116 2341 1269 2376 Rursus
1311 2340 1345 2376 si
1385 2341 1502 2376 inter-

190 2410 326 2449 rogem
360 2406 488 2434 utrum
523 2410 687 2434 uxorem
719 2410 828 2434 suam
857 2406 948 2447 post
980 2398 1306 2434 resurreccionem
1346 2406 1503 2447 accepta

189 2457 366 2507 angelica
409 2456 678 2492 immutacione
714 2467 784 2504 que
819 2456 962 2492 sanctis
994 2456 1241 2505 promittitur
1282 2468 1410 2492 secum
1455 2456 1506 2491 ibi

259 2635 298 2663 15.
318 2636 362 2663 A:
383 2636 424 2663 sit
445 2636 540 2663 deest.
649 2637 690 2663 16.
713 2637 756 2663 A:
779 2644 852 2663 suos
871 2639 900 2663 el
910 2634 1047 2671 fratres.
1158 2635 1198 2663 18.
1219 2636 1264 2663 A:
1287 2636 1317 2663 in
1342 2636 1387 2663 uit
1406 2636 1500 2663 deest.

189 2677 235 2698 20.
256 2671 294 2698 B:
317 2671 421 2698 omnia
441 2671 539 2698 eciam
558 2671 588 2698 in
609 2671 757 2698 omnibus.
830 2671 875 2698 28.
897 2673 940 2698 A:
962 2673 1057 2706 atque
1070 2669 1234 2698 moriendi.
1336 2679 1354 2697 1.
1376 2672 1421 2698 A:
1441 2679 1499 2708 ge-

189 2708 276 2732 neret
296 2708 326 2732 et
343 2706 545 2742 interrogem.

260 2787 290 2819 7.
317 2776 434 2808 Matth.
453 2777 508 2817 XI,
540 2787 590 2808 12.
668 2775 716 2808 18.
745 2777 892 2817 Ga1.111‚
921 2776 973 2808 28.
1002 2776 1147 2816 C01.111‚
1179 2787 1228 2808 11.
1304 2787 1356 2808 20.
1383 2776 1501 2808 Matth.

189 2823 290 2863 XXII,
318 2824 371 2856 30.
469 2824 521 2856 33.
549 2823 570 2855 Ι.
600 2823 678 2854 Cor.
704 2823 777 2863 XV,
807 2822 860 2863 54.

1721 205 1794 251 167

1564 325 1628 352 that
1647 334 1663 352 a
1684 334 1755 353 man

1536 366 1617 387 must
1638 360 1706 387 hate
1726 360 1773 388 his

1587 395 1656 422 wife
1677 395 1725 423 sor

1537 428 1669 457 Christ's
1690 431 1770 457 sake.
