2003 3322
211 223 300 250 CAP.
321 214 416 267 [ιν]
712 225 850 256 PRIMA
879 225 1004 256 PARS.

212 332 259 366 de
304 343 491 367 sermone
534 344 607 367 suo
652 330 691 366 in
737 339 872 367 monte
916 331 1018 367 foret
1057 330 1257 367 sufficiens
1302 332 1353 367 ad
1397 340 1523 367 totam

210 388 449 425 militantem
491 388 699 425 ecclesiam
745 388 1023 436 regulandum,
1066 397 1103 425 et
1143 400 1253 425 more
1294 397 1522 425 aromatum

209 447 256 482 de
290 454 448 494 quanto
480 447 568 494 plus
601 446 744 482 teritur
782 458 852 494 per
891 446 1189 494 exposicionem
1235 455 1303 483 aut
1346 447 1523 483 studium

209 505 256 540 de
295 513 407 541 tanto
446 505 534 552 plus
573 504 758 540 fidelibus
797 504 1037 541 habentibus
1070 504 1248 552 graciam
1289 504 1522 549 redolescit;

175 566 191 598 5
210 570 247 598 et
279 563 330 598 ad
363 563 469 598 hunc
502 574 662 598 sensum
687 563 851 610 prodest
884 561 1087 599 sentencia
1113 561 1316 599 Avicenne
1337 563 1385 598 VI
1409 571 1524 598 natu-

207 619 351 656 ralium
385 620 570 668 ponentis
614 621 720 668 quod
754 619 888 657 anima
928 621 1047 656 habet
1087 621 1186 656 duas
1218 619 1338 656 facies
1378 629 1416 656 et
1454 633 1525 668 per

208 690 456 726 consequens
490 679 587 715 duas
623 677 815 723 maxillas,
850 691 972 714 unam
1006 679 1055 714 ad
1091 677 1251 715 celestia
1285 687 1322 714 et
1352 678 1520 714 alteram

207 734 327 772 aliam
361 737 410 772 ad
443 736 647 772 terrestria
680 737 970 784 cognoscenda.

721 871 860 913 CAP.
894 870 1015 912 LIV.

152 995 189 1015 10
259 979 506 1028 Augustinus
540 988 673 1015 autem
712 981 784 1015 sub
824 978 899 1015 ista
938 979 1067 1015 forma
1116 979 1323 1027 exequitur
1370 988 1520 1016 textum

203 1039 370 1074 lectum:
404 1038 545 1087 Igitur,
570 1037 713 1085 inquit,
738 1037 835 1073 illud
856 1037 960 1086 quod
981 1037 1173 1086 sequitur:
1195 1037 1248 1072 Et
1269 1037 1334 1086 qui
1356 1038 1522 1074 voluerit

203 1104 324 1132 tecum
359 1096 496 1131 iudicio
529 1096 760 1131 contendere
791 1103 826 1131 et
858 1095 1025 1131 tunicam
1058 1102 1162 1130 tuam
1187 1095 1337 1142 tollere,
1370 1096 1523 1131 remitte

203 1154 261 1189 illi
282 1161 317 1189 et
340 1154 618 1199 vestimentum,
641 1154 692 1188 ad
715 1153 844 1189 cordis
861 1153 1201 1202 preparacionem,
1227 1165 1299 1189 non
1324 1154 1375 1189 ad
1397 1161 1520 1189 osten-

204 1212 390 1248 tacionem
415 1211 542 1260 operis
560 1219 801 1260 preceptum,
825 1218 928 1246 recte
950 1211 1194 1260 intelligitur.
1227 1211 1305 1246 Sed
1327 1212 1374 1247 de
1395 1212 1521 1247 tunica

152 1274 186 1305 πὸ
204 1277 239 1305 et
277 1270 512 1315 vestimento,
551 1270 653 1318 quod
686 1269 827 1304 dictum
861 1276 917 1305 est
949 1281 1021 1304 non
1060 1268 1096 1304 in
1135 1269 1187 1305 eis
1223 1269 1328 1316 solis,
1373 1270 1443 1305 sed
1486 1269 1522 1304 in

203 1327 376 1363 omnihus
389 1327 619 1375 faciendum
645 1334 712 1373 est,
744 1339 815 1375 que
837 1327 964 1375 aliquo
988 1326 1071 1362 iure
1093 1327 1365 1375 temporaliter
1387 1334 1521 1363 nostra

204 1397 285 1421 esse
317 1385 489 1421 dicimus.
535 1385 578 1420 Si
608 1384 705 1420 enim
746 1385 793 1420 de
824 1384 1051 1420 necessariis
1083 1385 1154 1420 lzoc
1186 1384 1418 1433 imperatum
1453 1392 1520 1431 est,

201 1450 342 1492 quanto
359 1443 487 1493 magis
501 1442 697 1492 superflua
716 1450 985 1491 contempnere
1005 1442 1191 1479 convenit.
1223 1442 1521 1492 Verumptamen

203 1512 246 1536 ea
292 1513 363 1550 que
409 1508 543 1536 nostra
592 1500 688 1549 dixi,
732 1513 773 1536 eo
818 1512 964 1551 genere
1014 1500 1245 1536 includenda
1296 1508 1395 1547 sunt,
1447 1513 1520 1550 quo

147 1573 188 1594 20
203 1559 392 1595 Dominus
423 1559 504 1607 ipse
519 1558 743 1607 prescribit,
778 1558 926 1594 dicens:
958 1558 1000 1593 Si
1019 1558 1102 1607 quis
1125 1565 1247 1594 tecum
1272 1558 1353 1594 vult
1382 1558 1520 1594 iudicio

202 1617 432 1652 contendere
470 1623 506 1652 et
538 1616 703 1652 tunicam
744 1623 848 1651 tuam
893 1617 1043 1653 tollere.
1103 1615 1241 1651 Omnia
1286 1616 1410 1666 igitur
1453 1616 1521 1652 illa

202 1674 471 1724 intelligantur
509 1674 555 1709 de
591 1674 724 1723 quibus
763 1674 901 1710 iudicio
941 1674 1134 1710 nobiscum
1175 1674 1354 1710 contendi
1378 1681 1520 1723 potest,

201 1732 253 1767 ita
293 1740 334 1767 ut
372 1739 504 1768 nostro
542 1732 626 1768 iure
657 1732 692 1767 in
725 1732 782 1768 ius
821 1739 1020 1768 transeant
1064 1731 1179 1778 illius,
1223 1732 1287 1780 qui
1328 1732 1522 1768 contendit

202 1790 262 1825 vel
290 1802 364 1840 pro
396 1802 469 1839 quo
502 1790 765 1826 contenditur:
802 1789 899 1826 sicut
930 1797 986 1826 est
1019 1790 1144 1835 vestis,
1180 1789 1328 1836 domus,
1353 1790 1520 1838 fundus,

145 1851 184 1883 25
200 1847 408 1883 iumentum
459 1855 494 1883 et
541 1847 783 1898 generaliter
825 1847 948 1883 omnis
990 1847 1167 1896 pecunia.
1228 1848 1343 1891 Quod
1388 1855 1518 1883 utrum

201 1906 320 1941 eciam
354 1907 400 1941 de
430 1906 554 1942 servis
586 1906 848 1955 accipiendum
881 1905 930 1941 sit
962 1918 1107 1955 magna
1139 1906 1284 1954 questio
1318 1913 1384 1941 est.
1430 1906 1519 1941 Non

200 1963 298 1999 enim
331 1963 583 1999 christianum
617 1970 770 2012 oportet
806 1963 861 1999 sic
892 1963 1097 2012 possidere
1132 1975 1288 1999 servum
1326 1964 1518 2012 quomodo

199 2033 333 2070 equum
367 2029 433 2057 aut
465 2029 693 2071 argentum:
735 2033 965 2070 quamquam
988 2021 1085 2071 fieri
1110 2021 1246 2069 possit,
1292 2028 1332 2056 ut
1369 2021 1519 2057 maiore

195 2079 328 2128 precio
362 2079 490 2115 valeat
521 2091 636 2128 equus
667 2091 781 2128 quam
813 2091 949 2115 servus
987 2086 1022 2114 et
1060 2079 1180 2115 multo
1214 2079 1341 2129 magis
1373 2077 1519 2128 aliquid

145 2141 186 2173 30
201 2149 361 2173 aureum
407 2137 467 2173 vel
510 2144 752 2187 argenteum.
807 2137 885 2172 Sed
931 2136 996 2172 ille
1032 2148 1181 2183 servus,
1226 2136 1261 2172 si
1297 2137 1444 2173 reccius
1483 2144 1518 2172 et

201 2194 393 2231 honestius
430 2202 465 2230 et
508 2195 560 2230 ad
590 2195 716 2230 Deum
760 2195 960 2230 colendum
1000 2194 1335 2230 accommodacius
1373 2195 1440 2230 abs
1483 2202 1519 2230 te

201 2253 354 2288 domino
388 2253 576 2288 educatur
607 2259 643 2288 et
675 2252 830 2302 regitur
859 2264 974 2301 quam
1009 2252 1054 2287 ab
1088 2252 1153 2288 illo
1172 2259 1301 2301 potest
1323 2252 1388 2301 qui
1415 2252 1518 2301 cupit

200 2311 373 2358 auferre,
397 2310 521 2346 nescio
545 2317 675 2346 utrum
697 2310 853 2359 quisque
876 2310 1004 2346 dicere
1026 2310 1168 2345 audeat
1189 2316 1230 2345 ut
1252 2310 1516 2346 vestimentum

200 2379 283 2403 eum
318 2368 455 2404 debere
486 2368 713 2417 contempni.
747 2368 954 2404 Hominem
988 2379 1151 2416 namque
1182 2367 1296 2404 homo
1320 2375 1515 2417 tamquam

145 2430 184 2463 35
199 2438 239 2461 se
270 2426 392 2475 ipsum
428 2426 593 2476 diligere
626 2426 746 2472 dehet,
779 2426 840 2462 cui
870 2426 916 2462 ab
949 2425 1117 2462 omnium
1143 2425 1325 2472 Domino,
1348 2426 1446 2462 sicut
1473 2438 1517 2461 ea

199 2496 270 2533 que
300 2491 510 2533 sequuntur
542 2484 756 2527 ostendunt,
789 2483 910 2520 eciam
944 2491 983 2519 ut
1021 2483 1194 2519 inimicos
1227 2483 1368 2534 diligat
1399 2483 1516 2533 impe-

201 2549 326 2577 ratur.

269 2705 308 2726 12.
341 2698 378 2725 B:
411 2699 443 2726 in
477 2699 603 2726 iudicio.
711 2706 757 2726 20.
790 2699 835 2726 A:
869 2698 932 2733 lpse
964 2697 1057 2725 deest.
1172 2705 1216 2725 22.
1250 2697 1286 2725 B:
1322 2698 1353 2725 in
1390 2697 1515 2726 iudicio.

201 2731 243 2759 23.
263 2734 307 2760 A:
330 2733 360 2760 in
380 2733 427 2760 ius
447 2733 526 2760 illud
544 2736 713 2761 transcant.
810 2734 858 2760 26.
880 2734 917 2760 ss:
940 2735 989 2760 est
1005 2732 1099 2760 deest.
1196 2731 1242 2765 36,
1263 2731 1308 2768 37.
1329 2733 1374 2760 A:
1397 2732 1515 2769 diligat

200 2770 408 2803 nuncupatur.

275 2850 325 2871 10.
338 2840 390 2871 De
403 2850 565 2872 sermone
578 2840 720 2871 Domini
735 2840 769 2871 in
785 2846 913 2880 monte,
930 2839 950 2870 l.
966 2850 993 2870 c.
1009 2849 1041 2881 p.
1059 2849 1131 2882 192.
1209 2848 1259 2870 11.
1276 2837 1444 2878 Ma‘cth.V⁷
1460 2849 1515 2878 40.

1737 230 1811 266 197

1577 986 1750 1020 Augustine
1762 996 1766 1012 :

1547 1019 1624 1046 Coat
1645 1020 1704 1047 and
1726 1021 1812 1048 cloak

1596 1059 1753 1089 represent

1606 1090 1737 1129 xvorldly

1573 1132 1779 1158 possessmus.
