2003 3322
181 236 228 272 58

207 482 313 516 ssodily
335 489 424 516 peace

177 519 241 545 also
255 518 346 552 good,
369 517 451 543 since

205 553 227 579 it
247 553 352 579 makes
372 552 419 578 for

183 587 321 623 spiritual
344 594 442 621 peace.

199 890 246 917 To
267 889 360 916 stu-ive
380 887 426 914 for

189 933 279 960 peace
299 924 324 950 is
346 923 440 949 better

226 960 297 987 than
318 961 401 993 great

238 994 391 1022 victor-ies.

206 2053 275 2086 Any
297 2051 342 2077 siu
366 2059 434 2085 may

230 2095 319 2113 cause
341 2093 412 2112 war.

247 2573 353 2600 Faults
373 2572 401 2598 in

187 2608 327 2636 different
347 2607 460 2634 classes

253 2643 287 2669 ol'
305 2650 390 2674 mcn3

848 249 966 279 opus
993 248 1329 280 thANGfflACUM
1540 238 1645 292 [CAP.
1666 247 1775 276 xvia.

465 353 775 389 consonanciam
822 363 913 389 sunt
959 355 1146 390 notande.
1201 355 1390 400 Quamvis
1435 368 1527 391 vero
1573 368 1646 403 pax
1690 369 1776 392 cor-

465 410 613 458 poralis
646 411 695 447 sit
726 412 842 459 longe
875 411 1074 448 abieccior
1106 425 1226 460 quam
1261 425 1336 460 pax
1368 412 1600 460 spiritualis,
1641 422 1776 450 tamen

467 468 649 516 eligibilis
702 478 758 505 est
803 478 1011 518 tamquam
1058 471 1221 515 bonum,
1275 483 1364 506 cum
1411 470 1459 507 sit
1503 471 1680 507 medium
1727 473 1776 508 ad

466 539 606 574 pacem
642 527 766 563 animi
799 527 1085 564 inducendum.
1132 530 1180 563 Et
1213 527 1268 564 sic
1301 528 1437 565 fideles
1472 528 1634 565 eliciunt
1667 531 1776 578 quod

464 584 621 621 nobiles
654 585 883 622 laborantes
923 585 1094 622 fideliter
1126 599 1198 633 pro
1243 587 1317 622 hac
1352 599 1449 634 pace
1489 587 1668 635 corporis
1708 589 1809 624 ati-5

465 643 674 691 quirenda,
720 643 761 680 in
802 644 877 680 hoc
918 643 1092 681 militant
1130 645 1237 692 apud
1276 646 1404 681 Deum
1443 645 1615 681 nobilius
1655 659 1774 694 quam

464 703 642 738 facerent
681 714 792 750 reges
831 702 1027 749 plurimos
1073 714 1164 738 cum
1209 711 1324 750 gente
1368 715 1439 739 sua
1483 702 1649 739 viriliter
1687 716 1778 752 pro-

465 760 680 796 sternendo
720 761 780 796 vel
818 772 940 808 regna
981 760 1106 796 multa
1144 759 1185 797 in
1225 760 1487 797 hereditatem
1528 760 1775 809 periodicam

467 817 756 866 conquirendo.
811 820 924 855 Patet
962 831 1005 855 ex
1044 819 1119 855 hoc
1159 820 1267 867 quod
1301 818 1390 855 finis
1428 820 1489 855 vel
1527 820 1679 856 fructus
1720 828 1778 856 est

468 875 621 912 melior.
675 878 774 912 Nam
816 889 917 913 unus
958 876 1046 912 finis
1090 877 1244 913 inducit
1287 878 1338 913 ad
1382 889 1521 925 pacem
1573 877 1696 914 animi
1741 886 1837 914 et1o

468 943 762 983 consequenter
815 936 865 971 ad
919 934 1209 971 beatitudinem
1263 934 1539 982 obtinendam,
1590 945 1626 972 et
1677 935 1778 973 alius

467 993 556 1029 finis
590 1002 646 1029 est
679 993 884 1029 allectivus
915 994 964 1029 ad
987 992 1216 1041 superbiam
1241 1006 1286 1029 ac
1309 992 1569 1030 inimiciciam
1595 1002 1632 1030 et
1656 994 1779 1030 multa

467 1051 545 1088 alia
568 1052 745 1099 dampna
775 1050 998 1099 animique
1022 1051 1248 1099 germinant
1281 1063 1325 1087 ex
1357 1052 1433 1087 hoc
1466 1052 1585 1088 malo.
1620 1054 1668 1088 Et
1690 1051 1780 1088 ideo

465 1109 618 1146 nobiles
639 1109 681 1162 'si
712 1109 861 1145 faciant
895 1122 937 1146 ex
970 1122 1040 1146 sua
1073 1109 1340 1146 sollicitudine
1373 1109 1491 1145 finem
1522 1109 1779 1156 laudabilem,

466 1177 557 1205 sunt
581 1163 794 1216 propterea
822 1167 948 1215 magis
971 1167 1163 1204 laudandi
1187 1180 1307 1215 quam
1342 1176 1457 1204 erunt
1480 1177 1642 1216 propter
1665 1181 1781 1217 quas-
1801 1170 1836 1202 15

468 1239 623 1275 cunque
647 1225 835 1262 victorias
867 1226 928 1262 vel
961 1235 1204 1274 conquestus
1228 1225 1427 1274 quoslibet
1456 1239 1555 1274 quos
1588 1227 1779 1263 fecerunt.

468 1285 566 1331 Quis
599 1285 793 1332 (inquam)
841 1283 967 1320 fidelis
1007 1283 1162 1320 dubitat
1205 1284 1300 1332 quin
1341 1284 1559 1321 concordia
1604 1283 1781 1321 caritatis

468 1344 600 1391 quoad
641 1344 791 1379 bonum
832 1342 965 1379 anime
1004 1343 1053 1379 ad
1094 1341 1381 1379 beatitudinem
1423 1341 1597 1390 dirigens
1637 1342 1686 1378 sit
1724 1342 1782 1378 in-

469 1401 626 1438 finitum
661 1401 803 1437 melior
836 1414 954 1448 quam
980 1409 1165 1437 vocatum
1201 1401 1349 1436 bonum
1375 1400 1506 1437 vocati
1540 1409 1782 1448 conquestus

469 1469 506 1496 et
537 1459 702 1497 victorie
736 1472 826 1496 cum
861 1459 1048 1495 omnibus
1081 1458 1162 1494 suis
1195 1458 1444 1506 appendiciis
1468 1471 1544 1507 que
1567 1471 1689 1506 regno
1713 1471 1783 1506 per
1799 1470 1841 1490 20

468 1519 588 1555 talem
619 1517 828 1555 victoriam
864 1517 1153 1566 adquiruntur?
1187 1518 1327 1554 Honor
1360 1516 1520 1565 quidem
1556 1518 1782 1553 mundanus

470 1585 528 1614 est
567 1576 697 1613 labilis
736 1585 856 1624 atquc
888 1588 1012 1612 vanus
1053 1584 1089 1612 et
1128 1574 1304 1623 adquirit
1343 1587 1484 1611 vanam
1527 1574 1696 1622 gloriam
1737 1587 1782 1611 ac

469 1643 661 1684 provocat
694 1635 744 1671 ad
776 1633 965 1670 invidiam
1001 1643 1120 1681 atque
1143 1633 1261 1679 iram;
1295 1641 1332 1669 et
1354 1633 1511 1669 lucrum
1536 1632 1780 1681 adquisitum

470 1706 591 1742 regno
624 1706 696 1741 per
728 1693 849 1729 talem
883 1692 1062 1729 laborem
1103 1690 1208 1729 cedit
1248 1691 1323 1728 sibi
1356 1692 1407 1727 ad
1441 1690 1614 1727 deterius
1648 1691 1781 1739 quoad

471 1754 621 1789 bonum
662 1750 794 1787 anime
835 1758 871 1787 et
910 1749 1044 1787 statim
1084 1750 1231 1786 labitur
1269 1750 1403 1797 quoad
1442 1761 1638 1797 pauperes
1682 1748 1838 1784 indi-25

471 1819 619 1859 gentes.
661 1812 742 1845 Nec
775 1809 940 1845 dubium
975 1808 1071 1857 quin
1104 1821 1147 1844 ex
1179 1819 1420 1856 quocunque
1452 1819 1596 1855 genere
1628 1805 1782 1855 peccati

471 1869 619 1905 bellum
654 1867 717 1904 isti
751 1867 839 1915 paci
874 1866 1122 1904 contrarium
1157 1865 1303 1914 poterit
1336 1865 1492 1910 exoriri,
1527 1873 1570 1900 ut
1603 1877 1783 1901 commu-

470 1927 574 1964 niter
618 1939 661 1962 ex
706 1924 893 1973 superbia
938 1938 1015 1973 qua
1058 1937 1137 1961 una
1181 1937 1275 1973 gens
1319 1924 1380 1961 vel
1424 1936 1590 1971 regnum
1632 1921 1785 1970 appetit

473 1998 593 2033 super
625 1983 702 2021 alio
737 1983 938 2020 dominari
977 1982 1152 2031 gignitur
1190 1981 1409 2019 inimicicia
1454 1990 1575 2030 atque
1620 1981 1782 2017 bellum.

472 2046 528 2080 Ex
572 2044 647 2079 hoc
694 2041 820 2078 eciam
860 2043 968 2090 quod
1015 2054 1138 2077 unum
1186 2053 1352 2089 regnum
1394 2048 1450 2076 est
1496 2038 1656 2075 avidum
1703 2050 1783 2074 non
1801 2041 1842 2073 30

473 2114 592 2150 super
640 2100 930 2148 temporalibus
976 2112 1052 2148 que
1098 2098 1173 2135 sibi
1225 2098 1440 2135 adveniunt
1493 2104 1782 2141 contentatum,

473 2160 702 2197 stimulatur
726 2171 795 2206 per
827 2157 1040 2194 avariciam
1076 2158 1125 2193 ad
1159 2157 1214 2193 sic
1238 2156 1464 2205 proximum
1498 2155 1783 2192 invadendum.

474 2219 575 2255 Gula
608 2226 742 2254 autem
773 2216 937 2264 gignens
970 2216 1010 2251 in
1042 2215 1241 2263 belligeris
1265 2213 1535 2262 petulanciam
1561 2221 1597 2249 et
1620 2220 1784 2260 peccata

474 2276 653 2325 predicta
687 2283 978 2323 consequenter
1012 2282 1203 2322 provocat
1243 2274 1314 2309 hos
1356 2273 1405 2309 ad
1439 2271 1554 2308 bella.
1614 2269 1786 2306 Luxuria

472 2347 566 2371 vero
620 2342 677 2370 est
731 2341 858 2370 mater
910 2331 1093 2380 specialis
1146 2331 1356 2377 bellorum,
1416 2329 1510 2378 quia
1562 2329 1782 2365 secundum
1802 2330 1840 2363 35

474 2393 735 2441 philosophos
774 2403 892 2427 omne
937 2390 1087 2427 animal
1133 2398 1315 2437 tempore
1360 2387 1487 2424 coitus
1533 2395 1590 2423 est
1634 2387 1785 2423 habun-

475 2450 639 2487 dancius
685 2449 935 2486 bellicosum.
981 2448 1092 2485 Talis
1140 2460 1232 2495 ergo
1278 2459 1393 2483 amor
1436 2445 1597 2482 illicitus
1643 2443 1786 2480 excitat

476 2521 711 2545 communes
745 2508 784 2543 in
820 2506 953 2543 multis
986 2505 1176 2554 gradibus
1210 2506 1259 2541 ad
1292 2505 1535 2541 bellandum.

534 2570 613 2603 Nec
648 2566 812 2602 dubium
848 2564 943 2614 quin
966 2566 1112 2601 abusus
1137 2571 1265 2611 potest
1289 2575 1372 2598 esse
1396 2561 1436 2597 in
1460 2560 1594 2597 multis
1617 2559 1786 2596 statibus

476 2627 524 2662 ad
549 2637 687 2673 pacem
713 2623 943 2660 huiusmodi
966 2622 1294 2670 dirumpendum,
1327 2629 1368 2656 ut
1391 2632 1501 2667 reges
1525 2627 1562 2655 et
1585 2617 1786 2666 principes
1800 2635 1844 2666 40

545 2815 568 2842 5.
591 2816 633 2842 Α;
655 2815 685 2841 in
706 2815 763 2841 lzczc
781 2822 896 2849 pacem.
1005 2813 1031 2841 8.
1053 2813 1096 2839 A:
1116 2811 1325 2847 pariodicczm.
1436 2818 1473 2842 17.
1495 2809 1538 2836 A:
1568 2817 1628 2835 non
1648 2808 1788 2840 dul⁷1'tal;

478 2851 514 2877 lss:
537 2850 678 2876 correxit.
754 2858 793 2883 ιι).
816 2850 859 2875 A:
881 2850 990 2876 honum
1011 2848 1103 2874 deest.
1180 2845 1224 2873 30.
1248 2844 1366 2873 Codd.:
1389 2844 1534 2871 aceniam.
1608 2842 1650 2871 32.
1672 2844 1716 2869 A:
1738 2850 1787 2869 va-

477 2885 614 2912 dendum,
701 2883 739 2912 35.
763 2885 804 2910 A:
829 2891 892 2910 cum
912 2882 1086 2911 secundnm,
1160 2879 1205 2913 30.
1229 2881 1255 2907 A
1277 2881 1304 2907 in
1329 2887 1440 2914 marg:
1463 2879 1496 2905 Β,
