2003 3322
199 228 273 263 162
893 232 1011 264 opus
1036 232 1372 264 EVANGELICUM
1568 221 1674 275 [CAP.
1696 229 1789 257 xrv.

482 345 658 387 respectu
702 346 768 374 aut
812 351 885 374 uno
931 351 1046 387 opere
1092 340 1187 374 bono
1232 340 1431 375 salvemur
1469 351 1581 387 quam
1620 346 1660 374 ut
1699 339 1789 374 dum

482 408 627 431 ommes
649 408 767 444 opera
792 397 888 432 hona
913 397 1089 432 volumus
1100 398 1243 445 facere
1265 409 1349 432 cum
1380 397 1552 432 omnibus
1568 408 1789 446 pereamus.

541 454 617 489 Sea'
660 460 695 489 et
737 454 807 489 alii
849 454 964 489 aliter
1006 454 1313 503 interpretantur
1355 455 1454 491 hunc
1510 455 1656 490 locum.-
1708 453 1792 489 Vult

484 507 699 563 (inquiunt)
750 511 928 547 Christus
978 519 1018 547 ut
1064 524 1136 548 non
1180 513 1304 548 solunz
1351 514 1397 548 de
1442 512 1618 562 periculo
1671 511 1795 547 nostri

480 570 632 618 peccati
662 581 852 615 curemus,
886 570 1115 605 abstinentes
1154 583 1220 606 nos
1258 571 1304 605 ab
1343 570 1446 607 omni
1483 569 1825 619 concupiscencia5

242 635 424 672 Again‚the
486 627 587 662 mala
625 628 693 662 sed
730 627 847 662 eciam
887 640 932 663 ne
972 627 1181 676 propinqui
1222 629 1345 664 nostri
1388 628 1448 664 vel
1484 628 1603 676 aliqui
1638 627 1690 662 ad
1726 638 1794 662 nos

202 677 459 734 tssffgtmssgssnffiff
480 685 717 734 pertinentes
756 693 869 733 turpe
901 685 1047 733 aliquid
1078 693 1220 735 agunt;
1260 693 1301 721 ut
1333 693 1429 735 puta
1473 686 1588 721 habes
1630 685 1793 733 aliquem

209 740 603 809 frciffitdgfiffciii'eyfilium
639 743 698 778 vel
720 743 897 790 fratrem
939 743 999 778 vel
1035 743 1199 779 amicum
1239 744 1304 791 qui
1338 745 1393 780 sic
1429 745 1520 780 bene
1557 743 1693 792 aspicit
1732 754 1795 778 res

218 816 265 839 act
284 809 446 844 wickedly.
484 808 570 836 tuas
601 800 711 848 quasi
734 801 925 849 proprius
956 801 1089 837 oculus
1120 808 1218 847 tuus,
1251 808 1287 837 et
1317 802 1433 838 habes
1464 814 1548 837 eum
1576 812 1653 850 pro
1685 800 1795 836 oculo

485 859 640 903 dextro,
672 865 738 894 aut
769 858 885 894 lzahes
916 859 1080 906 aliquem
1105 858 1168 906 qui
1196 859 1250 894 sic
1268 867 1460 908 procurat
1492 871 1554 895 res
1576 866 1662 894 tuas
1689 857 1797 906 quasi

482 916 645 965 propria
691 928 826 951 manus
864 923 928 951 tua
961 923 996 951 et
1028 923 1083 952 est
1114 917 1182 951 tibi
1212 917 1322 965 quasi
1353 918 1517 953 dextera
1548 927 1685 952 manus
1717 923 1795 959 tua,

484 981 519 1010 et
550 974 658 1009 illum
692 974 807 1009 talem
842 974 876 1009 si
905 975 1138 1024 cognoveris
1169 974 1315 1023 aliquid
1336 982 1449 1023 turpe
1476 987 1610 1024 agere,
1638 973 1797 1022 precide

483 1032 591 1067 illum
624 1032 670 1067 ab
702 1032 830 1067 anima
863 1039 897 1067 et
924 1031 1060 1080 proice
1092 1032 1207 1082 longe
1239 1033 1306 1068 abs
1337 1040 1385 1077 te,
1429 1033 1516 1081 quia
1556 1032 1797 1082 scandalizat

484 1097 533 1135 te,
578 1090 663 1139 quia
703 1102 775 1125 non
814 1090 938 1124 solum
972 1102 1049 1138 pro
1090 1097 1222 1126 nostro
1257 1097 1417 1140 peccato
1460 1091 1528 1126 sed
1566 1090 1685 1126 eciam
1720 1100 1797 1138 pro

479 1155 639 1197 peccato
657 1148 935 1196 proximorum
970 1155 1193 1183 nostrorum
1218 1148 1279 1184 vel
1309 1148 1522 1184 amicorum
1546 1160 1639 1196 quos
1672 1154 1796 1182 tamen

485 1218 556 1242 non
585 1217 794 1255 possumus
826 1205 1016 1249 cohibere,
1062 1205 1135 1241 nisi
1173 1213 1240 1241 aut
1272 1206 1555 1242 cohibuerimus
1587 1212 1653 1241 aut
1685 1216 1798 1253 repu-

485 1263 645 1299 lerimus
677 1276 698 1298 a
732 1264 850 1309 nobis,
897 1263 1073 1299 dabimus
1106 1264 1311 1300 racionem.
1365 1264 1418 1299 Et
1450 1264 1628 1312 quoniam
1669 1274 1799 1298 omnes

485 1321 688 1357 christiani
717 1333 832 1356 unum
867 1333 998 1357 sumus
1036 1333 1177 1370 corpus
1216 1329 1251 1357 et
1288 1322 1390 1357 alter
1426 1322 1588 1358 alterius
1626 1320 1798 1356 membra

485 1380 621 1415 melius
652 1386 707 1415 est
739 1386 780 1414 ut
810 1379 891 1415 sine
924 1391 996 1415 uno
1031 1379 1091 1415 vel
1121 1379 1247 1415 altero
1287 1380 1358 1415 tali
1395 1380 1567 1416 membro
1598 1379 1799 1415 salvemur

486 1450 600 1486 quam
634 1444 674 1472 ut
707 1438 876 1473 volentes
908 1437 996 1473 illos
1028 1438 1125 1473 tales
1156 1438 1298 1474 hahere
1330 1444 1365 1473 et
1387 1438 1461 1486 ipsi
1476 1449 1684 1486 pereamus
1713 1448 1797 1472 cum

487 1495 574 1531 illis.
611 1496 694 1531 Hec
729 1495 1010 1531 Crisostomus.

265 1574 399 1602 Various
546 1553 712 1589 Videtur
761 1553 881 1589 istum
926 1561 1109 1589 sanctum
1156 1552 1363 1589 intendere
1407 1554 1516 1601 quod
1566 1552 1638 1588 iste
1689 1564 1801 1588 sacer

206 1608 465 1672 affsssscffgss‘thI-ssf
489 1620 615 1647 textus
649 1610 844 1659 evangelii
868 1619 998 1657 potest
1030 1611 1177 1646 habere
1210 1623 1369 1647 sensum
1406 1609 1666 1658 multiplicem
1703 1609 1798 1646 satis

199 1668 754 1718 possiblevyithoutcatholicum3
800 1667 1058 1716 intelligendo
1093 1668 1198 1704 enim
1232 1681 1302 1716 per
1334 1669 1494 1705 oculum
1529 1669 1709 1704 dextrum
1742 1667 1800 1704 in-

224 1714 449 1777 ζῗξὲπξέἐξέἒὲ
489 1727 715 1763 tencionem
750 1727 884 1763 anime
916 1728 967 1762 ad
999 1726 1227 1763 faciendum
1261 1728 1408 1763 bonum
1444 1728 1491 1762 de
1514 1738 1670 1774 genere,
1705 1726 1799 1761 dum

489 1794 625 1821 tamen
646 1796 716 1832 per
738 1783 847 1820 illam
871 1784 1142 1820 intencionem
1166 1784 1359 1820 fuerimus
1381 1784 1585 1830 defamem,
1610 1785 1801 1820 debemus

487 1842 615 1890 ipsam
649 1841 834 1878 omittere
867 1851 904 1878 et
937 1842 1003 1878 alii
1036 1842 1148 1889 operi
1182 1842 1308 1889 magis
1341 1843 1547 1879 fructuoso
1580 1841 1799 1886 intendere,

488 1900 582 1948 quia
606 1902 753 1937 bonum
781 1909 837 1937 est
859 1899 1051 1947 occupari
1075 1900 1181 1936 circa
1204 1913 1327 1936 unum
1354 1902 1503 1936 bonum
1527 1900 1798 1936 necessarium

488 1960 538 1993 ad
571 1957 692 1994 vitam
728 1958 883 2006 ingredi
916 1970 1037 2006 quam
1071 1957 1255 1994 faciendo
1290 1958 1415 1994 multa
1447 1959 1552 1994 bona
1584 1959 1631 1994 de
1655 1969 1799 2005 genere

488 2025 652 2064 propter
700 2016 1019 2052 defamacionem
1061 2025 1097 2052 et
1142 2015 1219 2052 alia
1263 2025 1430 2064 peccata
1467 2016 1613 2064 quibus
1658 2017 1799 2051 damus

488 2074 742 2110 occasionem
776 2073 953 2110 incidere
986 2074 1026 2109 in
1055 2075 1292 2121 gehennam.
1326 2075 1413 2110 Hoc
1447 2073 1552 2109 enim
1584 2086 1708 2109 unum
1743 2081 1801 2109 est

490 2133 639 2168 bonum
675 2140 711 2167 et
744 2132 972 2168 faciendum
1007 2135 1074 2168 sed
1099 2132 1207 2168 aliud
1240 2132 1488 2180 fugiendum.
1522 2133 1571 2167 Et
1602 2131 1705 2167 idem
1742 2139 1800 2166 est

490 2191 537 2225 de
570 2189 844 2226 familiaritate
876 2189 1015 2225 famuli
1048 2190 1108 2225 vel
1146 2189 1285 2234 amici;
1331 2191 1522 2226 debemus
1562 2189 1668 2225 enim
1710 2201 1801 2236 pru-

490 2249 628 2283 denter
651 2247 860 2283 intendere
885 2249 992 2295 quod
1017 2256 1180 2295 propter
1214 2249 1362 2284 bonum
1392 2249 1440 2283 de
1463 2259 1609 2295 genere
1631 2258 1801 2295 operan—

1815 869 1853 890 10

1818 1146 1853 1179 15

1816 1444 1858 1466 20

1817 1723 1857 1755 25

1817 2012 1859 2045 30

489 2306 583 2341 dum
628 2318 700 2341 nec
742 2318 815 2341 nos
855 2317 928 2341 nec
974 2304 1040 2341 alii
1079 2318 1101 2341 a
1139 2305 1284 2341 virtute
1329 2306 1369 2341 in
1411 2305 1513 2342 vicia
1551 2316 1799 2341 corruamus.
1817 2298 1857 2332 35

491 2363 699 2408 Quotlibet
731 2363 829 2399 tales
862 2375 997 2399 sensus
1031 2363 1147 2399 huius
1186 2371 1313 2399 textus
1352 2376 1432 2399 non
1472 2372 1562 2399 sunt
1594 2361 1800 2410 evangelio

489 2421 550 2457 vel
583 2420 701 2456 alicui
735 2420 867 2457 sensui
902 2420 1101 2457 catholico
1135 2420 1327 2457 contrarii
1367 2422 1436 2457 sed
1477 2420 1604 2468 magis
1637 2419 1801 2457 consoni

491 2480 539 2514 ab
573 2488 736 2515 auctore
770 2480 819 2514 ad
852 2490 1012 2514 sensum
1047 2479 1167 2514 talem
1204 2478 1464 2526 multiplicem
1501 2477 1687 2514 ordinati.
1720 2480 1800 2514 Nec

491 2545 688 2584 repugnat
709 2536 957 2584 Augustinus
982 2536 1073 2572 huic
1097 2536 1253 2572 doctori
1284 2549 1357 2572 nec
1391 2536 1535 2584 aliquis
1558 2535 1622 2572 hic
1644 2535 1801 2573 varians

561 2728 583 2755 5.
606 2727 642 2754 B:
666 2736 722 2755 nos
742 2728 836 2755 deest.
918 2736 964 2763 20,
986 2736 1026 2756 21.
1047 2729 1090 2756 A:
1113 2736 1178 2755 cum
1199 2728 1252 2755 eis.
1328 2736 1369 2755 22.
1393 2729 1419 2756 A
1440 2728 1469 2755 in
1491 2736 1605 2762 marg:
1625 2727 1801 2759 Johannes,·

491 2763 531 2790 ib.
555 2765 599 2790 A:
619 2771 709 2790 sacer
730 2763 823 2790 deest.
916 2762 958 2790 23.
981 2764 1019 2790 B:
1041 2764 1243 2799 evangelicus.
1344 2764 1389 2790 26.
1412 2764 1452 2790 A:
1476 2764 1678 2790 intencionem
1699 2762 1799 2795 deest:

493 2798 514 2824 B
535 2797 564 2825 in
587 2805 684 2832 marg.
707 2798 801 2825 addit.
911 2797 947 2825 31.
970 2798 1007 2825 B:
1030 2800 1082 2824 est.
1189 2796 1228 2832 31,
1250 2796 1292 2825 32.
1316 2798 1354 2824 B:
1384 2798 1452 2825 Hoc
1471 2805 1561 2824 unum
1582 2805 1660 2834 ergo
1680 2798 1798 2824 bonum.

491 2843 532 2872 32.
557 2845 600 2871 A:
623 2847 667 2872 est
686 2845 781 2871 deest.
849 2843 898 2879 37,
919 2843 964 2871 38.
986 2835 1206 2872 Ai'callzolico
1226 2859 1258 2864 ——
1278 2844 1321 2871 ad
1339 2852 1459 2871 sensum
1480 2843 1574 2870 deest.
