2003 3322
156 1352 360 1388 Angustine's

153 1388 203 1415 Hm
223 1388 333 1420 abiise;
356 1396 370 1414 a

132 1423 240 1458 people
261 1423 391 1450 without

176 1458 351 1492 discipline,

833 241 951 273 opus
977 240 1315 273 EVANGELICUM
1496 227 1603 281 [CAP.
1627 235 1736 263 xxm.

475 348 642 384 Videtur
676 358 808 385 autem
839 348 1040 384 Christum
1076 347 1242 384 innuere
1276 349 1385 395 quod
1418 346 1490 383 viri
1524 345 1735 394 apostolici

419 407 563 442 debent
597 418 680 443 6556
713 406 863 442 noticia
896 406 1111 452 viatorum,
1159 414 1195 441 et
1229 405 1324 453 quia
1357 404 1512 453 primus
1546 417 1734 440 sensuum

418 472 454 499 et
486 464 613 512 magis
645 464 895 501 necessarius
935 472 992 500 est
1030 472 1173 505 tactus,
1221 472 1357 511 gustus
1391 471 1525 499 autem
1561 471 1619 499 est
1652 461 1739 510 qui-

418 523 508 557 dam
543 531 672 558 tactus
712 523 933 559 secundum
968 522 1252 569 philosophos:
1292 522 1383 558 ideo
1423 521 1536 557 illum
1576 533 1737 557 sensum

418 579 549 626 primo
583 580 711 628 tangit
734 592 915 616 summus
939 580 1097 627 sapiens
1128 580 1167 615 in
1191 579 1355 616 racione
1378 579 1538 624 obiecti,
1574 579 1738 627 quando

419 637 532 674 dicit:
575 639 647 674 Vos
680 639 768 674 estis
801 639 860 674 sal
892 646 1009 674 terre.
1045 640 1093 674 Et
1125 637 1312 673 ultimum
1348 650 1393 673 ac
1427 636 1737 673 subtilissimum

417 707 577 732 sensum
610 696 737 744 tangit
771 696 810 732 in
842 697 964 732 verbo
1004 697 1194 739 secundo,
1241 697 1335 731 dum
1378 695 1493 731 dicit:
1535 695 1607 731 Vos
1651 694 1740 729 estis

418 754 665 799 luxmundi,
711 754 918 790 innuendo
952 755 1060 802 quod
1104 753 1178 790 viri
1217 753 1428 801 apostolici
1469 753 1615 789 debent
1655 763 1738 788 esse

416 811 619 847 sufficiens
643 812 838 848 sensualis
862 811 1011 848 noticia
1036 811 1236 848 obiectiva
1259 813 1308 848 ad
1332 812 1560 847 ducendum
1584 810 1738 846 viantes

417 871 466 904 ad
499 869 693 918 patriam,
729 871 836 918 quod
861 870 892 906 si
916 869 956 905 in
979 868 1057 906 isto
1082 869 1289 916 deficiunt,
1322 869 1506 905 Jordanis
1529 880 1738 905 conversus

416 935 471 963 est
503 935 735 964 retrorsum.
784 929 860 965 Sed
900 928 977 963 heu
1016 928 1136 964 hodie
1176 936 1307 975 potest
1341 927 1419 963 dici
1453 928 1501 963 de
1535 925 1737 975 episcopis

415 985 695 1022 nominetenus
720 986 926 1034 apostolis5
951 998 1032 1021 non
1056 987 1166 1034 quod
1178 986 1316 1034 fuistis
1338 985 1546 1033 aliquando
1570 985 1736 1027 tenebre,

415 1056 513 1079 nunc
535 1052 661 1080 autem
687 1045 758 1080 lux
780 1045 815 1079 in
839 1045 1021 1089 Domino,
1052 1046 1121 1080 sed
1146 1052 1329 1080 econtra:
1362 1042 1491 1079 fuistis
1516 1042 1736 1091 aliquando

414 1102 479 1138 lux
511 1115 582 1150 per
613 1102 789 1150 graciam
824 1102 1121 1150 baptismalem,
1157 1114 1263 1137 nunc
1297 1110 1429 1138 autem
1457 1101 1550 1137 estis
1574 1101 1735 1137 tenebre

415 1172 485 1208 per
525 1160 755 1208 cupidinem
796 1160 1083 1208 temporalium
1119 1168 1385 1205 excecantern,
1421 1158 1516 1207 quia
1544 1160 1633 1195 Joh.
1658 1159 1685 1204 I,
1713 1158 1730 1193 5

415 1217 620 1254 scribitur:
676 1219 769 1254 Lux
812 1219 848 1254 in
893 1219 1060 1254 tenebris
1108 1220 1206 1254 lucet
1257 1225 1291 1253 et
1335 1218 1489 1254 tenebre
1533 1230 1616 1253 eam
1661 1228 1734 1251 non

415 1278 804 1325 comprehenderunt.

472 1336 520 1370 Et
566 1335 629 1371 hic
675 1343 806 1382 potest
851 1334 997 1370 adduci
1044 1336 1190 1370 abusus
1235 1333 1472 1370 undecimus
1512 1332 1732 1369 secundum

414 1393 586 1428 formam
634 1406 711 1440 qua
757 1392 938 1440 loquitur
981 1392 1248 1440 Augustinus:
1300 1392 1543 1436 Undecimus,
1588 1389 1733 1438 inquit,

415 1451 608 1486 abusionis
622 1452 779 1501 gradus
801 1458 856 1487 est
873 1450 984 1500 plebs
1005 1451 1086 1486 sine
1109 1450 1310 1499 disciplina
1334 1462 1404 1498 que
1426 1461 1510 1485 cum
1535 1448 1735 1498 discipline

415 1509 762 1545 exercitacionibus
794 1521 867 1545 non
900 1509 1021 1545 servit
1052 1509 1246 1544 communi
1275 1520 1314 1544 se
1331 1507 1571 1557 perdicionis
1600 1507 1733 1555 laqueo

416 1567 670 1617 constringit,·
712 1568 771 1602 ira
806 1567 939 1603 etenim
974 1567 1135 1603 Domini
1164 1567 1304 1615 absque
1352 1565 1551 1614 discipline
1598 1565 1735 1614 rigore

417 1637 488 1660 non
512 1626 702 1661 evaditur.
739 1626 862 1674 Atque
884 1625 1029 1661 idcirco
1047 1625 1253 1660 Psalmiste
1276 1624 1431 1660 uocibus
1453 1622 1735 1671 indisciplinate

412 1683 518 1732 plebi
553 1684 807 1732 predicatur:
857 1683 1147 1732 Apprelzendite
1191 1682 1449 1731 disciplinam,
1494 1693 1539 1716 ne
1582 1681 1734 1729 quando

416 1742 614 1777 irascatur
628 1742 829 1777 Dominus.
856 1741 1072 1790 Disciplina
1096 1749 1150 1776 est
1173 1753 1324 1776 morum
1342 1740 1521 1776 ordinata
1537 1738 1733 1774 correccio

417 1807 452 1835 et
484 1800 675 1835 maiorum
705 1800 1001 1848 precedencium
1037 1800 1267 1849 regularium
1302 1797 1536 1834 observacio.
1572 1797 1634 1832 De
1661 1808 1733 1845 qua

417 1858 617 1906 disciplina
652 1858 798 1893 Paulus
830 1858 880 1892 ita
914 1858 1096 1906 loquitur,
1130 1857 1277 1892 dicens:
1308 1857 1350 1891 In
1375 1855 1576 1904 disciplina
1597 1866 1732 1904 perse-

417 1923 568 1959 verate;
600 1923 794 1964 tamquam
815 1916 915 1964 filiis
946 1916 1050 1951 vobis
1073 1916 1186 1963 offert
1208 1927 1248 1950 se
1270 1915 1390 1950 Deus.
1430 1913 1544 1957 Quod
1564 1913 1598 1949 si
1618 1919 1732 1948 extra

417 1974 658 2023 disciplinam
692 1974 794 2020 estis,
828 1974 935 2009 cuius
960 1974 1175 2022 participes
1196 1973 1304 2021 sacti
1333 1972 1434 2018 estis,
1469 1983 1597 2007 omnes
1636 1970 1732 2006 enim

415 2033 588 2067 adulteri
617 2039 651 2067 et
684 2032 851 2081 nonfilii
871 2032 971 2069 estis,
1012 2031 1090 2079 Qui
1110 2043 1208 2081 ergo
1231 2030 1403 2066 adulteri
1422 2030 1502 2065 sine
1531 2028 1733 2078 disciplina

415 2097 503 2125 sunt
535 2097 569 2125 et
601 2089 751 2126 celestis
784 2090 899 2140 regni
930 2090 1182 2125 hereditatem
1207 2101 1279 2124 non
1304 2088 1478 2138 capiunt,·
1497 2087 1579 2136 filii
1606 2093 1732 2122 autem

417 2148 616 2196 discipline
642 2155 808 2197 paterne
840 2147 1105 2183 correcciones
1116 2148 1260 2195 serunt
1282 2154 1316 2182 et
1338 2146 1590 2182 hereditatem
1615 2157 1732 2193 quan—

417 2206 539 2254 doque
572 2206 744 2254 recipere
771 2218 888 2254 posse
920 2218 991 2240 non
1026 2206 1244 2254 desperant.
1279 2205 1340 2239 De
1362 2217 1434 2253 qua
1468 2203 1585 2239 eciam
1621 2202 1732 2238 disci-

411 2264 519 2312 plina
554 2264 676 2299 Isaias
714 2264 864 2312 quidem
905 2264 1189 2312 indisciplinate
1227 2263 1334 2312 plebi
1366 2261 1547 2311 predicat
1586 2261 1734 2296 dicens:

423 2322 613 2365 Quiescite
635 2334 756 2371 agere
773 2334 975 2370 perverse,
999 2322 1131 2357 discite
1153 2321 1391 2368 benefacere.
1427 2320 1478 2355 Et
1500 2319 1552 2354 ad
1574 2319 1731 2354 eandem

416 2379 624 2414 Psalmista
648 2392 814 2415 consona
839 2392 929 2416 voce
959 2379 1191 2428 compsallit,
1221 2379 1369 2414 dicens:
1401 2377 1562 2414 Declina
1586 2389 1607 2411 a
1630 2376 1732 2411 malo

416 2444 451 2471 ct
481 2438 556 2485 sac
600 2438 751 2473 boumn.
805 2438 952 2485 Infelix
990 2449 1087 2487 ergo
1126 2444 1181 2472 est
1220 2436 1284 2485 qui
1319 2436 1434 2471 abicit
1471 2434 1735 2483 disciplinam;

416 2496 532 2530 audet
571 2495 668 2530 enim
709 2503 824 2531 extra
865 2495 1004 2531 milites
1050 2495 1209 2543 aliquid,
1254 2494 1318 2543 qui
1352 2494 1563 2529 Dominum
1609 2491 1732 2528 cruci-

404 2553 578 2603 figentes
600 2565 673 2589 non
704 2553 783 2589 eius
813 2553 1011 2589 sciderunt
1043 2553 1281 2598 vestimenta,
1310 2552 1374 2601 qui
1404 2551 1560 2587 ecclesie
1587 2549 1736 2586 Christi

488 2718 507 2736 1.
529 2711 555 2736 A
577 2709 604 2736 in
629 2718 743 2743 marg..-
764 2709 932 2737 lohannes.
1037 2709 1076 2737 18.
1097 2711 1124 2736 A
1145 2709 1173 2736 in
1198 2717 1310 2743 marga
1333 2707 1391 2735 XIa
1407 2708 1512 2735 abusio
1532 2706 1732 2742 Augustinus

417 2742 459 2771 33.
482 2744 582 2772 Codd.
597 2755 602 2771 :
618 2753 710 2779 posse
729 2746 829 2778 decst3
852 2747 895 2772 A:
917 2745 1109 2780 dispar-arat.

494 2815 541 2847 18.
580 2817 613 2847 S.
651 2817 846 2857 Augustini,
891 2816 911 2847 l.
951 2827 978 2847 c.
1022 2827 1053 2857 p.
1095 2814 1170 2846 216.
1333 2825 1386 2855 24.
1424 2813 1552 2845 psalm.
1595 2813 1636 2852 ΙΙ,
1684 2821 1733 2842 12.

419 2872 472 2904 27.
499 2863 603 2894 Hebr.
630 2863 760 2904 XII,·7‚
786 2864 818 2893 8.
916 2862 968 2895 35.
995 2862 1036 2893 Is.
1064 2863 1087 2902 I,
1120 2861 1169 2893 16.
1268 2862 1321 2903 37.
1348 2860 1477 2892 Psalm.
1502 2859 1651 2899 XXXIII,
1683 2857 1732 2889 15.

1756 577 1772 610 5

1757 876 1796 897 10

1755 1154 1792 1187 15

1750 1736 1789 1768 25

1750 2314 1789 2348 35
