2003 3322
151 239 227 274 312

181 704 240 733 We
262 713 333 739 may
352 705 389 732 be

165 740 262 774 proud
286 736 320 767 of
337 748 406 774 rags

174 783 207 801 as
228 775 295 802 wel]
317 783 350 802 as
371 775 405 801 of

155 810 334 844 splendour,
356 809 415 836 and

176 844 247 871 with
269 853 285 871 a
306 853 392 871 more

197 879 371 915 dangerous

234 914 332 950 pride.

153 2095 201 2122 To
222 2095 329 2122 anoint
350 2104 407 2122 our

209 2130 284 2157 head
305 2135 361 2157 etc.

155 2172 261 2192 means
282 2165 347 2192 that
368 2173 413 2192 we

199 2208 248 2226 are
269 2204 299 2227 to
319 2201 379 2227 fast

215 2235 353 2271 joyfully.

841 246 959 278 OPUS
984 246 1320 279 EVANGELICUM
1540 233 1648 288 [CAP.
1669 242 1748 270 X1x.

436 353 565 388 cedem
599 352 687 388 huic
718 353 846 388 seculo
879 353 1173 400 conformemur
1204 360 1239 389 et
1270 366 1291 388 a
1315 353 1483 389 Domino
1506 353 1590 389 Deo
1621 353 1748 389 incur-

437 422 572 446 vemur
593 417 628 445 et
655 410 878 446 amittamus
907 410 1014 446 illam
1034 410 1332 459 promissionem
1364 423 1475 459 quam
1500 418 1750 460 expectamus

436 475 471 503 et
504 480 581 517 pro
620 480 692 517 qua
736 468 771 503 in
811 469 883 504 lzac
916 469 1244 519 peregrinacione
1287 469 1482 517 sperando
1527 469 1751 504 laboramus

436 533 542 562 tanto
580 526 779 562 solidioris
816 533 929 575 atque
948 527 1148 576 firmioris
1179 534 1321 576 quanto
1359 527 1558 564 interioris
1590 527 1750 562 beatitu-

438 584 537 620 dinis
589 596 661 632 qua
715 597 782 620 nos
833 584 943 634 eligit
995 585 1102 621 Deus
1160 586 1382 633 conformes
1421 585 1519 634 fieri
1570 584 1783 635 imaginis5

439 642 682 678 dilectissimi
701 642 785 692 filii
813 642 882 678 sui.

496 700 537 735 In
579 701 649 736 lzoc
680 707 807 735 autem
847 700 1015 749 capitulo
1054 700 1224 736 maxime
1263 700 1651 736 animaavertendum
1684 707 1753 743 est,

440 769 512 793 non
557 758 593 793 in
638 758 721 794 solo
765 771 898 794 rerum
944 770 1225 807 corporearum
1271 758 1396 793 nitore
1442 766 1555 807 atque
1593 770 1752 807 pompa,

438 816 506 851 sed
538 816 655 851 eciam
695 816 731 851 in
765 816 857 865 ipsis
887 816 1068 852 sordibus
1102 816 1235 852 lutosis
1255 816 1354 865 fieri
1378 828 1494 865 posse
1525 816 1752 851 iactanciam

439 881 474 908 et
496 885 538 909 eo
555 874 877 922 periculosiorem
903 886 975 922 quo
1004 874 1072 910 sub
1106 874 1256 910 nomine
1283 874 1480 910 servitutis
1502 874 1579 909 Dei
1600 874 1749 922 decipit.
1772 887 1810 908 10

443 931 529 973 Quo
561 932 686 982 igitur
718 932 820 967 cultu
854 932 1112 968 immoderato
1145 933 1322 981 corporis
1360 939 1472 980 atque
1505 932 1663 967 vestitus
1695 932 1755 967 νε]

437 997 657 1025 ceterarum
693 1002 825 1025 rerum
855 1002 1136 1039 pomposarum
1169 991 1248 1026 sive
1281 1002 1470 1026 vanarum
1509 990 1633 1025 nitore
1659 1002 1752 1039 pre-

425 1048 578 1097 fulget‚
612 1048 740 1096 facile
781 1048 1022 1084 convincitur
1065 1048 1178 1084 rebus
1225 1049 1316 1098 ipsis
1355 1060 1591 1097 pomparum
1635 1048 1756 1084 seculi

437 1117 518 1141 esse
549 1113 730 1153 sectator,
765 1119 832 1142 nec
863 1119 1090 1156 quemquam
1104 1106 1220 1155 fallit
1244 1105 1378 1143 dolosa
1394 1106 1592 1157 ymagine
1612 1106 1752 1141 sancti-

436 1163 536 1199 tatis.
590 1164 667 1207 Qui
702 1171 827 1200 autem
874 1165 909 1200 in
944 1164 1192 1213 professione
1234 1164 1529 1200 christianitatis
1572 1164 1809 1199 inusitat015

435 1222 616 1270 squalore
648 1234 695 1257 ac
725 1223 905 1258 sordibus
938 1223 1100 1258 intentos
1133 1222 1168 1257 in
1200 1234 1240 1258 se
1263 1223 1459 1258 hominum
1493 1222 1752 1270 oculosfacit‚

437 1291 520 1314 cum
555 1280 594 1314 id
627 1280 823 1316 voluntate
846 1281 990 1328 faciat,
1024 1293 1097 1316 non
1132 1281 1358 1316 necessitate
1385 1280 1582 1329 paciatur,
1617 1280 1754 1315 ceteris

437 1338 516 1373 eius
567 1338 748 1387 operibus
794 1346 922 1387 potest
982 1338 1167 1382 convinci,
1225 1346 1354 1374 utrum
1415 1339 1485 1374 lzoc
1536 1345 1753 1386 contemptu

435 1396 624 1445 superflui
654 1397 791 1443 cultus,
831 1404 896 1432 aut
929 1396 1139 1432 ambicione
1170 1397 1297 1444 aliqua
1318 1396 1462 1445 saciat,
1499 1396 1586 1444 quia
1620 1403 1652 1431 et
1685 1396 1753 1431 sub

436 1454 547 1489 ovina
587 1454 690 1502 pelle
729 1456 921 1490 cavendos
959 1467 1039 1491 esse
1079 1454 1189 1503 lupos
1222 1454 1413 1490 Dominus
1444 1454 1633 1503 precipit:
1678 1454 1755 1488 Sed
1770 1467 1812 1487 20

436 1524 487 1548 ex
517 1512 718 1560 fructibus
761 1525 908 1557 eorum,
949 1513 1080 1561 inquit,
1119 1513 1358 1562 cognoscetis
1397 1524 1471 1548 eos.
1526 1512 1621 1547 Cum
1655 1512 1751 1546 enim

436 1570 606 1619 ceperint
652 1571 842 1618 aliquibus
888 1571 1206 1619 temptacionibus
1250 1583 1291 1606 ea
1337 1571 1418 1619 ipsa
1458 1571 1535 1606 illis
1576 1570 1756 1606 subtrahi

437 1629 497 1664 vel
529 1629 672 1678 negari
704 1641 774 1676 que
806 1629 877 1665 isto
911 1629 1099 1664 velamine
1137 1629 1197 1663 νε]
1228 1629 1421 1664 consecuti
1451 1635 1538 1664 sunt
1572 1629 1632 1663 νε]
1663 1640 1751 1663 con-

435 1686 543 1733 sequi
573 1686 740 1735 cupiunt,
775 1694 863 1722 tunc
896 1699 1046 1722 necesse
1078 1694 1133 1722 est
1166 1694 1204 1721 ut
1237 1694 1440 1735 appareat,
1474 1694 1602 1721 utrum
1638 1686 1750 1734 lupus

436 1744 471 1779 in
506 1744 618 1779 ovina
646 1745 750 1793 pelle
786 1745 835 1780 sit
866 1758 914 1779 an
948 1745 1029 1780 ovis
1067 1745 1102 1779 in
1142 1757 1222 1780 sua,
1264 1745 1350 1780 Non
1383 1752 1508 1779 autem
1538 1752 1751 1793 propterea
1768 1746 1807 1778 25

437 1809 576 1838 ornatu
636 1802 833 1852 superfluo
897 1803 1004 1837 debet
1065 1803 1270 1851 adspectus
1327 1803 1522 1838 hominum
1584 1802 1753 1837 mulcere

437 1859 683 1906 christianus,
730 1860 816 1907 quia
855 1860 964 1896 illum
1000 1872 1164 1909 parcum
1206 1860 1374 1895 habitum
1416 1873 1460 1895 ac
1493 1860 1750 1896 necessarium

437 1918 555 1953 eciam
594 1918 843 1953 simulatores
880 1931 968 1967 sepe
1007 1925 1210 1967 usurpant,
1256 1925 1295 1953 ut
1333 1919 1505 1954 incautos
1546 1918 1750 1966 decipiant,

437 1976 523 2023 quia
557 1983 592 2011 et
624 1976 688 2011 ille
720 1988 808 2012 oves
840 1988 913 2012 non
948 1977 1082 2012 debent
1111 1977 1302 2025 deponere
1329 1977 1452 2025 pelles
1483 1988 1585 2020 suas,
1617 1976 1651 2011 si
1680 1975 1750 2010 ali-

437 2035 589 2081 quando
621 2034 673 2069 eis
704 2034 788 2083 lupi
817 2046 856 2070 se
888 2042 1106 2085 contegant.
1768 2038 1809 2069 30

502 2092 624 2135 Queri
655 2092 779 2141 igitur
809 2092 904 2128 solet
939 2093 1029 2140 qnid
1060 2092 1107 2127 sit
1140 2093 1242 2140 quod
1273 2092 1346 2127 ait:
1392 2092 1464 2128 Vos
1501 2099 1626 2127 autem
1666 2103 1749 2126 cum

439 2149 623 2195 ieiunatis,
671 2150 804 2199 ungite
847 2151 972 2199 capita
1020 2157 1147 2186 vestra
1193 2158 1227 2185 et
1255 2150 1386 2199 facies
1425 2157 1574 2185 vestras
1612 2150 1751 2194 lavate,

440 2220 484 2242 ne
518 2208 725 2243 videamini
755 2208 801 2243 ab
835 2208 1050 2244 hominibus
1078 2208 1297 2245 ieiunantes.
1334 2209 1420 2243 Non
1444 2208 1540 2243 enim
1565 2207 1750 2256 quispiam

439 2273 542 2300 recte
568 2266 802 2314 preceperit,
849 2266 1024 2314 quamvis
1053 2266 1202 2314 faciem
1244 2266 1436 2301 cotidiana
1482 2265 1754 2301 consuetudine

439 2324 625 2367 lavemus,
659 2324 780 2360 unctis
812 2324 931 2359 eciam
966 2324 1156 2373 capitibus
1188 2337 1271 2360 cum
1307 2324 1531 2368 iehmamus,
1571 2335 1639 2359 nos
1671 2335 1753 2358 esse
1769 2326 1808 2359 35

439 2382 587 2416 debere.
619 2382 733 2425 Quod
756 2382 790 2417 si
811 2382 1076 2431 turpissimum
1102 2383 1436 2430 omnessatentur,
1459 2382 1751 2431 intelligendum

437 2447 491 2475 est
535 2440 606 2475 hoc
638 2447 866 2488 preceptum
907 2441 1078 2490 ungendi
1115 2444 1227 2489 capnt
1261 2448 1295 2475 et
1318 2440 1466 2488 faciem
1507 2439 1666 2475 lavandi
1701 2440 1753 2474 aa'

437 2497 659 2533 interiorem
694 2498 883 2533 hominem
914 2494 1151 2550 'pertinere
1200 2499 1354 2548 Ungere
1393 2498 1517 2547 igitur
1555 2504 1669 2546 caput
1700 2497 1752 2532 ad
1790 2499 1870 2542 387b

438 2555 601 2590 leticiam
631 2556 813 2604 pertinet,
847 2556 983 2592 lavare
1014 2563 1140 2591 autem
1165 2556 1314 2603 faciem
1348 2556 1400 2590 ad
1431 2555 1686 2599 mundiciam;
1716 2562 1751 2591 et

437 2613 521 2648 ideo
553 2620 666 2662 caput
704 2614 826 2664 ungit,
864 2614 930 2662 qui
966 2614 1109 2650 letatur
1147 2614 1306 2650 interius
1350 2621 1473 2649 mente
1510 2620 1543 2648 et
1584 2613 1748 2648 racione.
1763 2629 1809 2659 40

506 2768 533 2792 9.
556 2759 599 2786 A:
621 2767 686 2785 esse
700 2767 802 2793 posse.
896 2768 916 2786 ιι
952 2760 995 2786 A:
1018 2760 1098 2786 cultu
1119 2760 1214 2786 deest.
1306 2759 1345 2787 18.
1368 2759 1412 2785 A:
1434 2759 1487 2785 eis.
1584 2766 1631 2791 24.
1653 2759 1698 2786 A:
1720 2761 1752 2785 ut

437 2792 530 2820 deest.
607 2793 649 2820 25.
674 2793 711 2820 ss:
732 2797 863 2828 propler
881 2803 923 2838 se.
998 2793 1036 2821 31.
1059 2795 1087 2821 A
1107 2795 1136 2822 in
1159 2803 1274 2830 marg:
1299 2794 1437 2829 Questio.

506 2876 559 2896 21.
585 2865 703 2896 Matth.
731 2866 803 2905 VH,
835 2865 885 2897 16.
