2003 3322
157 234 237 270 268
866 241 984 274 OPUS
1009 241 1345 274 EVANGELICUM
1547 229 1655 284 [CAP.
1673 238 1755 267 vm.

446 361 530 384 cum
584 348 699 399 legit.-
752 360 937 397 nusquam
991 355 1117 384 tamen
1162 347 1303 383 invenit
1346 355 1570 397 preceptum
1610 349 1756 398 populo

172 413 240 440 The
258 413 411 440 Israelites
446 406 582 452 Israel,
630 414 670 442 ut
709 406 872 442 diceret:
915 405 1034 441 Pater
1077 413 1208 442 noster
1249 413 1316 441 aut
1354 413 1395 441 ut
1433 413 1567 442 oraret
1599 413 1755 454 patrem

162 448 422 518 ῚζξΞῙῙΗΣὲῂῙ-ἷὴῒῃο
448 464 593 500 domini
633 465 702 500 sed
746 463 922 500 dominus
953 463 1005 499 eis
1035 463 1133 499 sicut
1174 463 1293 499 voluit
1333 463 1544 500 insinuatus
1577 471 1632 500 est
1663 471 1758 500 tam—

221 525 254 544 as
274 516 368 545 Lord.
446 533 558 570 quam
582 521 844 567 servientibus,
879 522 918 556 id
939 528 1006 567 est,
1037 521 1244 557 secundum
1273 533 1429 557 carnem
1452 522 1578 557 adhuc
1601 521 1758 557 viventi-

446 580 524 615 bus.
584 580 672 616 Hoc
729 587 854 615 autem
899 579 996 624 dico,
1049 591 1132 615 cum
1176 579 1359 615 mandata
1403 579 1500 629 legis
1542 579 1790 628 acciperent5

445 649 515 686 que
552 638 761 674 observare
800 637 1047 673 iubebantur:
1091 649 1177 673 nam
1213 637 1404 686 prophete
1433 649 1522 686 sepe
1554 638 1758 673 ostendunt

444 696 603 731 eundem
657 695 851 731 dominum
904 702 1078 730 nostrum
1131 694 1248 731 eciam
1291 702 1447 744 patrem
1500 707 1632 730 eorum
1677 706 1758 731 esse

439 753 624 802 potuisse,
667 753 702 789 si
743 753 789 788 ab
829 752 907 789 eius
946 752 1139 788 mandatis
1178 765 1250 788 non
1284 753 1527 794 aberrarent,
1558 752 1673 789 sicuti
1702 760 1758 789 est

444 811 561 846 illud:
592 811 712 846 Filios
740 810 859 860 genui
880 817 914 846 et
936 810 1129 854 exaltavi;
1162 810 1235 859 ipsi
1270 817 1396 846 autem
1425 817 1657 859 spreverunt
1679 822 1758 856 me,-

444 876 479 905 et
513 869 630 904 illud:
661 868 751 918 Ego
785 868 881 913 dixi,
913 868 983 903 Dii
1013 868 1102 904 estis
1135 875 1169 904 et
1190 867 1272 918 filii
1302 868 1501 913 altissimi‚·
1532 880 1599 904 νοε
1630 876 1756 904 autem
1776 879 1815 901 10

443 927 540 963 sicut
592 926 762 962 homines
812 926 1032 962 moriemini
1074 933 1109 961 et
1152 926 1249 962 sicut
1292 938 1388 962 unus
1434 926 1480 962 de
1517 926 1758 975 principibus

444 984 610 1029 cadetis;
640 991 676 1020 et
703 984 820 1019 illud:
852 984 895 1019 Si
916 984 1092 1020 dominus
1113 996 1211 1029 sum,
1244 984 1307 1020 ubi
1337 991 1392 1019 est
1424 984 1542 1020 timor
1572 996 1690 1031 meus,
1723 991 1758 1020 et

443 1043 477 1078 si
507 1049 626 1092 pater
664 1054 763 1088 sum,
810 1042 872 1077 ubi
909 1049 964 1078 est
997 1042 1121 1078 honor
1153 1042 1288 1078 meus?
1330 1041 1383 1078 Et
1428 1042 1504 1078 alia
1544 1042 1757 1091 permulta,

443 1101 507 1137 ubi
541 1107 767 1150 arguuntur
795 1099 920 1143 Judei,
965 1100 1066 1148 quod
1097 1099 1178 1150 filii
1210 1100 1409 1148 peccando
1443 1111 1523 1136 esse
1555 1100 1759 1136 voluerunt

444 1158 616 1207 exceptis
654 1158 706 1194 eis
737 1169 808 1207 que
846 1157 881 1193 in
909 1158 1122 1207 prophecia
1157 1157 1339 1193 dicuntur
1371 1158 1417 1193 de
1439 1158 1584 1206 futuro
1612 1157 1814 1207 popul015

443 1216 668 1262 christiano,
701 1216 802 1264 quod
828 1223 984 1264 patrem
1013 1212 1018 1268 Ι
1046 1215 1173 1251 Deum
1207 1222 1304 1251 esset
1326 1215 1527 1251 habiturus
1550 1216 1757 1252 secundum
1797 1216 1860 1251 382

444 1274 542 1310 illud
573 1274 860 1324 evangelicum:
898 1273 1017 1309 Dedit
1056 1274 1108 1309 eis
1143 1280 1374 1322 potestatem
1402 1273 1514 1323 filios
1546 1273 1623 1309 Dei
1642 1273 1758 1323 fieri:

444 1332 654 1381 Apostolus
691 1339 817 1368 autem
851 1332 998 1367 Paulus
1037 1331 1148 1368 dicit:
1193 1331 1386 1375 Quamdiu
1426 1332 1538 1367 heres
1565 1332 1758 1380 parvulus

445 1397 512 1436 est,
557 1389 651 1425 nihil
695 1389 825 1438 differt
875 1402 896 1424 a
942 1401 1058 1425 servo
1110 1397 1145 1425 et
1197 1389 1376 1438 spiritum
1421 1389 1645 1438 adopcionis
1691 1401 1758 1425 nos

446 1448 637 1497 accepisse
669 1454 948 1483 commemorat
980 1447 1016 1483 in
1048 1459 1121 1496 quo
1154 1447 1368 1484 clamamus
1399 1447 1504 1483 Abba
1533 1454 1662 1496 pater.
1774 1457 1816 1479 20

178 1510 257 1556 Hoxy
277 1510 407 1550 greatis
503 1506 556 1541 Et
597 1505 775 1555 quoniam
825 1506 926 1553 quod
965 1517 1153 1541 vocamur
1191 1505 1242 1540 ad
1280 1512 1451 1541 eternam
1491 1505 1758 1551 hereditatem,

164 1544 423 1614 gggirsjggzascffig
446 1570 485 1599 ut
527 1563 647 1600 simus
689 1563 838 1599 Christi
880 1564 1088 1599 coheredes
1132 1570 1166 1599 et
1211 1563 1246 1598 in
1292 1563 1541 1612 adopcionem
1575 1563 1756 1613 filiorum

250 1622 335 1642 sons.
447 1621 656 1665 veniamus,
689 1634 761 1657 non
796 1629 851 1657 est
883 1621 1109 1657 meritorum
1144 1629 1367 1657 nostrorum
1400 1621 1468 1657 sed
1498 1621 1635 1671 gracie
1666 1621 1761 1665 Dei;

445 1680 603 1715 eandem
637 1679 758 1728 ipsam
782 1679 961 1729 graciam
986 1678 1178 1715 oracionis
1195 1679 1428 1728 principium
1448 1678 1641 1727 ponimus,
1673 1691 1757 1715 cum

447 1737 608 1773 dicimus
640 1737 761 1773 Pater
799 1744 940 1773 noster.
991 1737 1076 1779 Quo
1116 1737 1266 1772 nomine
1305 1744 1340 1772 et
1378 1737 1524 1773 caritas
1562 1737 1759 1772 excitatur
1775 1737 1814 1769 25

447 1803 481 1831 et
506 1795 613 1844 fides
651 1802 685 1830 et
723 1807 809 1844 spes
842 1795 893 1830 ad
924 1795 1050 1831 Deum
1072 1794 1235 1844 firmius
1267 1795 1493 1844 eriguntur;
1535 1794 1628 1843 quid
1659 1794 1756 1830 enim

441 1853 569 1889 carius
596 1853 696 1903 filiis
735 1853 844 1888 debet
884 1864 965 1888 esse
1002 1864 1115 1901 quam
1144 1852 1291 1901 pater?
1334 1860 1369 1888 et
1415 1852 1556 1901 suplex
1599 1853 1758 1901 affectus

441 1923 525 1947 cum
566 1911 737 1947 homines
777 1911 906 1947 dicunt
938 1911 1022 1947 Deo
1055 1911 1175 1946 Pater
1215 1917 1346 1946 noster
1385 1917 1441 1946 est
1473 1911 1634 1959 quedam
1664 1922 1755 1959 pre-

439 1969 611 2018 sumpcio
635 1969 702 2004 sed
725 1981 840 2005 causa
864 1968 1102 2017 impetrandi
1117 1968 1318 2017 postulata
1342 1980 1412 2017 que
1429 1968 1593 2017 petituri
1612 1980 1756 2014 sumus,

440 2039 525 2063 cum
560 2026 673 2076 prius
704 2039 819 2076 quam
853 2026 1000 2075 aliquid
1026 2034 1248 2076 peteremus
1280 2033 1358 2061 tam
1393 2038 1580 2076 magnum
1614 2027 1754 2061 donum
1773 2027 1815 2059 30

441 2085 671 2134 accepimus,
718 2093 758 2120 ut
796 2084 1040 2120 instruamur
1077 2092 1112 2120 et
1150 2084 1327 2120 sinamur
1360 2084 1442 2119 Deo
1477 2083 1606 2119 dicere
1637 2084 1757 2119 Pater

441 2150 582 2179 noster.
623 2143 726 2186 Quid
758 2142 855 2178 enim
889 2155 961 2178 non
995 2143 1058 2178 det
1090 2142 1164 2177 iam
1187 2142 1287 2191 filiis
1314 2142 1542 2191 petentibus⁷
1576 2154 1661 2177 cum
1686 2142 1756 2177 hoc

440 2201 562 2249 ipsum
596 2208 683 2236 ante
715 2200 866 2236 dederit
898 2200 1016 2245 nobis,
1051 2207 1091 2236 ut
1112 2199 1194 2249 filii
1218 2200 1366 2235 simus?
1389 2200 1592 2235 Postremo
1615 2206 1754 2248 quanta

441 2271 534 2294 cura
568 2259 736 2294 animum
761 2258 900 2308 tangit,
936 2265 974 2293 ut
997 2258 1061 2306 qui
1083 2258 1174 2293 dicit
1196 2258 1316 2293 Pater
1338 2265 1481 2303 noster,
1514 2264 1620 2293 tanto
1638 2264 1756 2306 patre

440 2329 513 2352 non
551 2316 601 2352 sit
638 2316 832 2366 indignus.
881 2316 923 2351 Si
959 2316 1056 2351 enim
1093 2315 1292 2364 quisquam
1327 2315 1499 2364 plebeius
1537 2322 1754 2351 senatorem
1773 2314 1812 2347 35

439 2374 670 2424 grandioris
712 2374 822 2410 etatis
855 2374 901 2409 ab
934 2386 976 2409 eo
1010 2373 1090 2422 ipso
1119 2373 1374 2422 permittatur
1402 2380 1557 2422 patrem
1602 2385 1754 2417 vocare,

439 2432 520 2468 sine
558 2432 670 2468 dubio
708 2431 917 2480 trepidabit
955 2443 1021 2467 nec
1050 2431 1179 2480 facile
1211 2431 1376 2478 audebit,
1423 2431 1601 2481 cogitans
1634 2430 1755 2467 humi-

1865 1215 1879 1233 d

508 2585 538 2610 4.
559 2578 602 2604 A:
632 2577 836 2604 servientibus
855 2580 893 2604 et.
1002 2585 1028 2612 7.
1051 2577 1088 2604 B:
1120 2579 1258 2604 nostrum
1280 2576 1373 2603 deest.
1483 2583 1521 2603 12.
1543 2576 1587 2603 A:
1619 2576 1754 2603 cadedis.

442 2612 482 2639 16.
504 2612 542 2639 B:
564 2613 716 2647 quomodo
735 2615 854 2646 patrem
874 2612 983 2639 Deum.
1059 2610 1097 2638 18.
1120 2612 1141 2638 B
1162 2611 1192 2638 in
1209 2619 1305 2642 mare..
1327 2619 1395 2646 sup.
1412 2611 1469 2638 alia
1486 2611 1623 2645 (poster.)
1641 2619 1751 2638 manu:

440 2646 601 2681 Expositio
612 2647 769 2673 orationis
782 2646 970 2673 Dominicae.
1036 2654 1078 2681 19,
1092 2654 1165 2678 nos;
1179 2646 1201 2673 Β
1214 2646 1356 2680 corrigit:
1370 2653 1442 2673 non.
1510 2653 1554 2672 22.
1569 2646 1590 2672 Β
1601 2655 1607 2672 :
1619 2644 1753 2673 Christo.

440 2681 482 2707 25.
501 2682 544 2708 A:
564 2682 715 2716 quomodo
731 2682 864 2708 nomine.
932 2681 978 2708 26.
994 2682 1037 2707 A:
1054 2680 1170 2715 etfia'es
1186 2696 1217 2700 -
1232 2681 1401 2715 eriguntur
1418 2680 1510 2707 deest.
1581 2688 1625 2715 27.
1641 2681 1683 2708 A:
1702 2681 1754 2707 du-

435 2716 518 2750 plex.
601 2723 648 2751 29.
670 2717 714 2742 A:
736 2716 791 2742 sed
812 2718 922 2743 sancta
941 2716 1147 2749 impetrandi;
1167 2716 1205 2743 B:
1225 2715 1281 2742 sed
1298 2718 1361 2743 tam
1380 2715 1572 2750 impetrandi
1584 2715 1753 2750 postulata.

441 2749 478 2777 31.
502 2750 539 2777 B:
561 2751 778 2785 acceperimus.

511 2820 541 2844 0.
581 2810 622 2840 Is.
656 2810 678 2849 Ι,
712 2820 742 2841 2.
869 2820 917 2841 10.
950 2810 1076 2841 Psalm.
1112 2810 1259 2848 LXXXI,
1291 2809 1322 2841 ὁ.
1453 2819 1501 2840 12.
1543 2809 1621 2840 Mal.
1662 2810 1684 2849 1,
1722 2809 1753 2841 6.

448 2855 495 2886 18.
514 2849 600 2886 'Joh.
628 2856 650 2895 I,
682 2866 736 2895 123
764 2857 807 2887 ib.
837 2856 912 2887 Gal.
940 2857 994 2896 IV,
1027 2866 1052 2887 x.
1150 2864 1204 2886 22.
1231 2856 1330 2886 Rom.
1356 2855 1442 2895 VIII,
1471 2856 1523 2886 23.
