2003 3322
172 251 250 296 324

199 1990 277 2017 I-low
298 1991 392 2018 earth]

187 2026 289 2061 things
312 2026 392 2060 peris
419 2045 426 2053 .

881 257 999 289 opos
1025 257 1361 288 EVANGELICUM
1547 243 1652 297 [CAP.
1675 253 1768 281 xxn.

458 377 556 400 nunc
598 365 807 400 secundum
851 363 1099 412 supradictas
1143 371 1221 399 tres
1272 362 1440 398 iusticias
1492 362 1695 398 elemosine
1738 370 1773 398 et

457 423 648 459 oracionis
679 429 715 458 et
746 421 874 457 ieiunii
904 429 983 457 tres
1011 421 1303 470 consequencias
1333 420 1553 456 introduxit
1583 420 1768 458 doctrine.

464 481 585 516 Unam
620 481 672 516 ad
704 479 966 526 elemosinam,
998 480 1163 514 alteram
1187 479 1238 514 ad
1261 479 1494 522 oracionem,
1528 477 1688 514 terciam
1721 479 1773 514 ad

458 538 649 584 ieiunium,
698 538 744 573 de
780 537 914 586 quibus
950 536 1114 586 singulis
1147 536 1497 573 demonstrabimus
1534 536 1570 572 in
1604 536 1771 586 proprio

459 597 554 632 loco.
600 596 652 631 Et
695 596 747 631 acl
791 595 1037 631 elemosinam
1085 595 1262 630 doctrina
1305 595 1536 643 subsequens
1587 594 1654 630 hec
1698 593 1804 630 est.·5

458 654 588 690 Nolite
620 653 891 705 thesauriqare
923 653 1028 688 vobis
1057 653 1262 688 thesauros
1283 664 1401 701 super
1424 659 1587 698 terram,
1620 659 1661 688 ut
1683 652 1773 688 talis

458 712 508 748 sit
540 712 637 748 ordo
671 711 935 747 narracionis:
985 710 1080 746 Cum
1102 710 1213 759 facis
1250 710 1530 762 elemosynam,
1569 709 1648 746 noli
1683 710 1772 745 tuba

459 782 598 806 canere
640 777 727 806 ante
774 776 821 815 te,
863 768 961 804 sicut
990 768 1178 820 ypocrite
1206 768 1365 816 faciunt
1402 768 1437 803 in
1475 767 1700 818 synagogis
1738 775 1773 803 et

461 827 564 874 vicis,
609 835 649 863 ut
691 826 966 877 glorificentur
1009 827 1054 862 ab
1099 826 1324 862 hominibus.
1377 826 1497 861 Amen
1537 826 1620 862 dico
1654 825 1772 871 vobis,

458 893 687 934 receperunt
709 885 925 921 mercedem
948 897 1071 921 suam.
1104 884 1154 920 Te
1177 884 1482 932 autemfaciente
1506 883 1771 934 elemosynam

459 943 603 979 nesciat
623 943 781 979 sinistra
806 950 869 978 tua
893 942 984 990 quid
994 942 1127 991 faciat
1150 942 1292 978 dextra
1322 949 1402 989 tua,
1431 949 1470 977 ut
1491 942 1540 977 sit
1566 942 1771 977 elemosina

460 1008 523 1037 tua
557 1001 592 1036 in
625 1001 848 1038 abscondito
887 1007 923 1036 et
956 1007 1075 1050 pater
1112 1007 1197 1036 tuus
1235 1000 1299 1048 qui
1336 1000 1439 1036 videt
1476 999 1512 1035 in
1550 999 1772 1036 abscondito

461 1059 599 1095 reddet
630 1059 666 1094 in
699 1059 920 1107 manifesto.
967 1058 1098 1094 Nolite
1130 1057 1400 1109 thesaurizare
1432 1057 1538 1093 vobis
1571 1058 1773 1094 thesauros

458 1129 576 1166 super
618 1124 780 1153 terram.
826 1117 879 1152 Et
916 1116 976 1152 hic
1015 1116 1082 1151 dat
1119 1116 1334 1161 consilium,
1374 1123 1414 1151 ut
1446 1115 1653 1152 elemosina
1674 1116 1775 1165 fiat;

458 1175 494 1210 in
538 1176 705 1211 secundo
750 1175 833 1211 loco
879 1174 1044 1210 ostendit
1088 1186 1157 1222 que
1204 1173 1349 1209 utilitas
1393 1181 1448 1210 est
1485 1173 1521 1209 in
1567 1174 1772 1210 elemosina

449 1233 653 1282 facienda,
687 1233 722 1268 in
756 1233 876 1268 tercio
911 1233 1008 1279 loco,
1041 1239 1081 1267 ut
1113 1243 1231 1280 neque
1262 1232 1380 1267 timor
1411 1231 1536 1280 inopie
1566 1232 1774 1268 accidentis

459 1291 643 1339 impediat
676 1291 908 1327 voluntatem
943 1290 1167 1340 elemosyne
1188 1289 1386 1338 faciende.
1426 1289 1557 1325 Nolite
1584 1290 1775 1326 thesauri-

459 1361 553 1401 {are
590 1349 695 1385 vobis
733 1349 936 1384 thesauros
974 1348 1009 1383 in
1048 1355 1170 1394 terra,
1215 1347 1302 1397 quia
1341 1359 1414 1383 non
1454 1347 1542 1383 estis
1581 1348 1627 1383 de
1664 1355 1774 1383 terra

460 1418 577 1455 neque
610 1407 655 1443 de
687 1414 796 1442 terra
828 1406 983 1442 venistis
1005 1406 1073 1442 sed
1089 1417 1166 1454 pro
1189 1413 1363 1455 tempore
1383 1405 1602 1454 suscepistis
1624 1412 1771 1441 terram

1792 895 1830 915 10

1793 1176 1829 1207 15

460 1472 499 1500 ut
527 1477 601 1513 per
633 1473 782 1500 terram
817 1464 977 1500 vincatis
1008 1471 1169 1500 terram.
1216 1464 1294 1499 Sed
1332 1464 1378 1499 de
1415 1464 1495 1499 celo
1536 1463 1624 1500 estis
1662 1470 1696 1499 et
1729 1465 1774 1499 a'e
1789 1473 1831 1495 20

459 1523 538 1558 celo
573 1522 728 1558 venistis
760 1530 795 1558 et
827 1523 966 1558 iterum
1002 1521 1169 1557 redituri
1199 1521 1289 1557 estis
1320 1521 1356 1556 in
1390 1522 1525 1568 celum,
1565 1521 1637 1557 nisi
1668 1522 1772 1557 ultro

461 1592 665 1616 remanere
688 1580 888 1616 volueritis
910 1580 945 1615 in
969 1587 1092 1615 terra.
1115 1579 1200 1615 Illic
1223 1591 1320 1629 ergo
1342 1579 1601 1616 substanciam
1625 1580 1771 1615 colloca

460 1646 578 1684 tuam,
612 1638 675 1674 ubi
700 1638 875 1687 patriam
908 1638 1036 1673 habes.
1068 1637 1129 1673 Vis
1152 1644 1277 1673 autem
1307 1638 1408 1673 scire
1430 1637 1517 1686 quia
1535 1637 1773 1687 peregrinus

460 1709 498 1732 es
531 1696 566 1731 in
600 1696 671 1731 hoc
703 1697 858 1741 mundo,
891 1695 985 1731 audi
1009 1695 1246 1744 prophetam
1281 1695 1488 1731 dicentem:
1529 1695 1660 1731 Incola
1699 1707 1772 1745 ego

459 1767 541 1790 sum
576 1754 611 1789 in
645 1762 766 1799 terra,
801 1766 873 1790 non
907 1754 1121 1789 abscondas
1150 1765 1172 1788 a
1202 1765 1261 1788 me
1290 1754 1473 1789 mandata
1497 1760 1573 1789 tua.
1615 1753 1696 1797 Que
1718 1753 1828 1789 est25

461 1824 557 1861 ergo
587 1812 820 1860 insipiencia,
854 1818 893 1846 ut
925 1818 1122 1847 contentus
1144 1811 1196 1847 sis
1227 1823 1344 1860 super
1377 1819 1539 1858 terram,
1573 1811 1612 1846 id
1636 1818 1703 1857 est,
1736 1811 1772 1846 in

461 1869 595 1905 alienis
638 1869 788 1906 servire
826 1869 992 1915 diabolo,
1038 1881 1121 1904 cum
1157 1869 1286 1917 possis
1323 1869 1358 1904 in
1398 1869 1501 1915 celis,
1548 1869 1588 1903 id
1625 1876 1692 1915 est,
1737 1869 1772 1904 in

455 1927 632 1976 propriis
665 1939 836 1977 regnare
868 1939 951 1962 cum
991 1926 1160 1965 Christo,

524 1985 595 2020 Ubi
616 1985 715 2020 tinea
739 1993 774 2020 et
797 1992 1015 2021 comestura
1039 1984 1299 2020 exterminant
1322 1992 1357 2020 et
1379 1984 1568 2032 ubifures
1591 1985 1774 2033 effodiunt

460 2051 496 2078 et
518 2043 746 2091 furantur?
784 2042 921 2078 Omnia
955 2043 1052 2079 bona
1086 2043 1219 2077 mundi
1255 2042 1403 2091 triplex
1440 2042 1616 2078 interitus
1654 2042 1775 2087 tollit,·
1790 2042 1831 2074 30

460 2108 526 2136 aut
549 2101 646 2136 enim
681 2114 703 2136 a
735 2101 948 2149 semetipsis
982 2108 1225 2136 veterascunt
1248 2108 1288 2135 ut
1310 2101 1407 2136 tinea
1430 2100 1527 2136 sicut
1552 2100 1773 2137 vestimenta

460 2166 525 2194 aut
563 2158 656 2207 ipsis
696 2159 859 2194 dominis
898 2159 1100 2195 luxuriose
1139 2158 1349 2194 viventibus
1388 2159 1641 2194 comeduntur
1678 2159 1774 2194 sicut

459 2223 583 2252 cetere
613 2217 843 2264 facultates,
882 2224 948 2252 aut
976 2215 979 2264 Ι
1009 2217 1054 2252 ab
1094 2216 1293 2252 extraneis
1332 2216 1392 2251 vel
1431 2216 1520 2252 dolo
1556 2216 1615 2252 vel
1647 2216 1684 2251 vi
1715 2216 1775 2252 vel

459 2274 687 2323 calumpniis
721 2275 780 2310 vel
811 2275 976 2323 quolibet
1008 2275 1083 2310 alio
1116 2274 1242 2323 iniquo
1266 2274 1380 2310 modo
1405 2274 1653 2323 diripiuntur,
1684 2274 1772 2322 quia

1821 2214 1899 2247 381e

460 2344 589 2368 omnes
611 2333 731 2380 fures
764 2333 958 2378 dicuntur,
992 2333 1055 2381 qui
1074 2344 1149 2381 per
1181 2332 1625 2381 iniquitatemfestinant
1646 2332 1771 2367 aliena
1789 2329 1828 2362 35

449 2390 593 2438 facere
624 2403 706 2426 sua.
752 2391 829 2425 Sed
862 2390 987 2426 dices:
1030 2391 1229 2438 Numquid
1261 2402 1390 2426 omnes
1428 2390 1492 2438 qui
1528 2390 1596 2426 hec
1634 2390 1772 2426 liabent

454 2449 626 2496 perdunt
659 2448 733 2483 ea?
787 2447 930 2484 Ventilo
963 2448 1227 2484 vestimentum
1263 2456 1302 2483 ut
1334 2461 1406 2484 non
1440 2448 1578 2492 tineat‚·
1608 2448 1770 2496 parcius

459 2518 536 2555 ago
569 2513 603 2541 et
631 2506 848 2553 facultates
887 2518 968 2542 mee
1005 2518 1078 2542 non
1117 2506 1383 2543 comeduntur.
1438 2506 1608 2542 Sollicite
1651 2506 1769 2541 eciam

458 2576 535 2614 ago
569 2576 631 2599 res
655 2576 760 2600 meas
783 2571 817 2599 et
839 2576 912 2599 non
937 2564 1174 2613 diripiuntur
1195 2564 1404 2613 afuribus.
1439 2564 1596 2599 Interim
1621 2564 1770 2612 quidem

528 2751 570 2776 ιιι.
592 2744 635 2770 Α;
658 2743 706 2770 hic
726 2742 775 2770 da.
879 2742 917 2770 31.
940 2744 983 2770 A:
1007 2746 1040 2770 ut
1058 2744 1196 2775 lineant:
1218 2744 1258 2771 B:
1281 2747 1312 2771 ut
1332 2744 1460 2787 ti'uean't.
1564 2742 1610 2777 34.
1634 2743 1672 2770 13:
1694 2743 1772 2770 deri—

455 2792 595 2823 piunlur.
668 2787 714 2823 34,
738 2788 777 2816 35.
800 2791 842 2816 A:
866 2789 948 2824 quod
967 2797 1079 2817 omnes.
1155 2788 1199 2817 36.
1222 2790 1264 2816 A:
1286 2798 1342 2816 sua
1362 2790 1425 2817 sed.

530 2882 581 2912 24.
610 2872 737 2903 Psalm.
766 2872 913 2912 CXVIII,
946 2884 993 2916 ιτ).
