2003 3322
211 189 301 218 CAP.
321 179 417 236 xm]
695 192 907 224 SECUNDA
934 193 1060 224 PARS.

208 300 299 348 quid
328 299 451 348 igitur
482 299 632 333 addidit
665 298 928 334 cotidianmn?
960 306 999 334 ut
1033 299 1257 334 luxuriosos
1289 300 1391 335 cibos
1420 312 1522 335 com-

206 364 352 405 pescat,
388 364 427 391 ut
458 363 605 391 tantum
640 356 722 404 quis
755 357 958 392 manducet
991 364 1173 404 quantum
1200 358 1305 392 racio
1330 358 1521 392 naturalis

209 414 345 464 exigit,
392 426 464 449 non
502 421 684 462 quantum
727 414 887 449 lascivia
926 415 1096 450 carnalis
1128 415 1301 463 impellit.
1350 415 1392 450 Si
1422 415 1519 450 enim

209 480 247 507 tu
293 472 328 507 in
369 484 440 507 uno
478 471 652 507 convivio
692 478 838 507 tantum
880 473 1079 521 expendas
1116 479 1297 520 quantum
1338 473 1523 522 sufficere

176 533 360 579 5poterat
392 529 500 565 verbi
527 529 667 579 gracia
701 529 915 565 hominibus
947 537 1095 566 centum
1125 531 1326 567 moderate
1362 531 1521 566 viventi-

208 589 277 623 bus
315 595 381 622 aut
418 587 485 622 tibi
515 587 590 635 ipsi
621 594 769 623 centum
804 588 936 624 diebus
969 588 1211 637 disciplinate
1244 589 1397 634 viventi,
1446 589 1520 624 iam

208 658 280 681 non
313 645 544 681 cotidianum
578 645 701 680 cibum
740 646 952 681 manducas
990 647 1058 682 sed
1096 646 1306 682 multorum
1349 646 1524 691 dierum,-

208 711 273 739 aut
301 710 416 748 certe,
448 703 546 738 sicut
572 715 692 751 supra
728 703 828 739 dixit
861 704 907 739 de
939 704 1153 740 elemosinis
1177 704 1237 740 vel
1259 705 1305 740 de
1328 704 1520 749 oracione,

209 768 248 796 ut
277 773 348 797 non
378 773 510 796 coram
544 760 758 796 hominibus
779 761 995 809 faciamus,
1030 775 1102 798 non
1135 763 1221 810 quia
1252 763 1322 798 hoc
1340 763 1523 811 possibile

156 827 292 854 ioerat
336 818 502 863 omnino,
555 820 624 855 sea’
668 825 707 853 ut
753 819 888 854 doceat
932 832 1000 855 nos
1044 820 1195 856 omnino
1241 820 1520 868 spectacionem

207 877 405 912 hominum
443 877 595 926 fugere
643 877 751 922 velle,
798 884 837 912 ut
880 877 914 913 si
950 878 1134 926 possibile
1172 885 1240 924 est,
1286 890 1332 913 ne
1370 878 1523 914 videant

207 935 310 983 quod
347 934 582 983 impossibile
619 947 690 970 non
730 942 797 980 est,
842 935 896 970 sic
935 942 969 971 et
1009 936 1068 971 hic
1101 937 1241 972 docere
1285 948 1353 972 nos
1393 937 1523 972 volens

208 1000 247 1028 ut
275 993 321 1028 de
343 993 447 1028 nullo
468 992 589 1029 simus
621 993 656 1028 in
689 993 760 1028 lzoc
793 994 935 1029 mundo
967 994 1108 1029 soliciti
1137 994 1210 1030 nisi
1241 994 1288 1030 de
1317 994 1400 1030 solo
1432 995 1521 1029 sim-

203 1050 299 1100 plici
342 1050 454 1096 victu,
499 1051 554 1086 sic
598 1050 800 1086 mandavit
845 1063 981 1087 orare:
1024 1052 1168 1087 Panem
1214 1058 1388 1087 nostrum
1430 1052 1521 1087 coti-

155 1109 364 1144 15dianum
399 1108 448 1143 da
481 1108 588 1144 nobis
627 1109 751 1153 hodie,
786 1121 859 1144 non
892 1109 978 1158 quia
1012 1110 1185 1145 illicitum
1220 1110 1404 1145 iudicavit
1430 1111 1522 1159 plus

208 1167 349 1202 habere
392 1166 581 1202 hominem
630 1166 884 1202 christianum
930 1179 1043 1215 quam
1084 1180 1225 1216 panem
1271 1168 1520 1213 cotidianum,

206 1224 275 1260 sed
320 1224 389 1260 hoc
434 1224 572 1260 docere
616 1224 745 1269 voluit,
793 1232 832 1260 ut
875 1225 910 1260 si
946 1225 1133 1274 possibile
1178 1233 1232 1261 est
1270 1238 1388 1275 neque
1423 1238 1524 1274 pane

207 1282 397 1318 cotidiano
415 1282 507 1330 plus
536 1282 685 1328 habeat,
717 1283 820 1331 quod
847 1283 1030 1331 possibile
1063 1296 1134 1319 non
1167 1291 1223 1319 est
1255 1291 1435 1332 quantum
1469 1284 1521 1319 ad

202 1340 499 1389 possibilitatem
533 1340 754 1376 humanam.

152 1410 193 1431 20
264 1398 372 1443 Item,
417 1410 538 1446 quare
582 1410 655 1434 non
693 1398 817 1433 solum
860 1398 979 1434 dixit:
1017 1399 1160 1434 Panem
1194 1399 1428 1434 cotidianum
1470 1400 1519 1434 da

207 1456 325 1501 nobis,
359 1456 429 1492 sed
449 1455 601 1491 addidit
623 1463 799 1492 nostrum
817 1468 957 1505 panem
970 1457 989 1490 ἶ)
1016 1464 1184 1505 propter
1208 1458 1304 1493 duas
1328 1458 1518 1503 raciones,

203 1514 333 1562 prima
367 1521 421 1549 est
453 1513 538 1561 quia
573 1514 700 1550 omnia
733 1526 803 1562 que
836 1514 902 1549 dat
934 1514 1039 1550 nobis
1072 1515 1179 1550 Deus
1211 1515 1290 1550 sive
1322 1515 1521 1551 orantibus

206 1572 285 1607 Sive
330 1571 593 1616 militantibus,
639 1584 711 1607 non
757 1572 864 1607 nobis
902 1572 1026 1608 solum
1066 1573 1132 1607 dat
1168 1574 1236 1608 sed
1276 1573 1395 1608 eciam
1435 1574 1521 1609 aliis

203 1641 277 1677 per
317 1640 384 1665 nos
423 1636 463 1664 ut
502 1629 547 1664 de
586 1637 627 1665 eo
667 1630 768 1677 quod
800 1630 1008 1678 accipimus
1040 1642 1061 1665 a
1094 1630 1178 1666 Deo
1206 1638 1365 1679 partem
1400 1631 1519 1680 impo-

149 1689 188 1720 25
207 1686 372 1722 tentibus
393 1687 608 1735 faciamus.
649 1687 726 1731 Qui
746 1700 844 1737 ergo
869 1688 915 1723 de
938 1688 1137 1723 laboribus
1159 1689 1238 1724 suis
1260 1688 1522 1739 indigentibus

206 1757 278 1780 non
308 1751 475 1793 prestat,
522 1755 594 1781 non
624 1752 753 1794 potest
786 1745 936 1781 dicere:
968 1746 1111 1781 Panem
1145 1758 1269 1781 meum
1304 1747 1352 1781 da
1387 1747 1523 1791 michi,-

206 1814 272 1838 nec
311 1802 407 1838 enim
446 1815 584 1851 panem
617 1815 728 1838 suum
763 1804 1029 1840 tantummodo
1062 1805 1269 1840 manducat
1300 1805 1370 1840 sed
1401 1805 1519 1840 eciam

204 1860 393 1904 alienunz,·
439 1860 575 1896 deinde
613 1861 698 1909 quia
739 1861 803 1909 qui
839 1862 885 1897 de
923 1862 1072 1897 iusticia
1106 1874 1246 1911 panem
1287 1862 1518 1910 adquisitum

206 1918 424 1963 manducat,
458 1930 568 1954 suum
587 1931 727 1967 panem
752 1920 981 1964 manducat;
1012 1920 1075 1968 qui
1095 1928 1219 1956 autem
1245 1933 1329 1956 cum
1348 1927 1520 1969 peccato,

149 1978 191 2010 30
204 1976 381 2011 alienum.
418 1977 501 2012 Hec
534 1977 820 2012 Crisostomus.

710 2135 847 2176 CAP.
882 2135 1020 2179 XIII.

264 2244 319 2277 Ex
343 2241 457 2278 dictis
480 2243 623 2278 horum
649 2252 880 2279 sanctorum
905 2244 1116 2279 doctorum
1144 2244 1329 2291 colligere
1354 2255 1520 2292 possunt

207 2299 341 2335 fideles
394 2299 434 2335 in
488 2300 728 2348 compendio
778 2301 926 2337 multos
978 2313 1128 2338 sensus.
1183 2302 1318 2338 Primo
1362 2302 1521 2339 videtur

207 2357 475 2404 Augustinum
520 2357 743 2406 intelligere
787 2371 932 2406 panem
979 2360 1300 2407 unumquodque
1344 2360 1518 2396 solidum

150 2418 189 2449 35
207 2416 313 2462 quod
346 2415 471 2451 nutrit
504 2415 706 2452 hominem
751 2425 787 2452 et
826 2416 882 2452 sie
926 2419 1244 2466 unumquodque
1283 2417 1517 2454 alimentum

207 2481 339 2520 potest
362 2473 601 2520 generaliter
625 2473 703 2510 dici
727 2474 855 2522 panis,
890 2474 984 2522 quia
1005 2488 1078 2522 pro
1103 2484 1286 2523 tempore
1310 2478 1486 2523 quodam
1513 2473 1516 2529 1

275 2664 299 2692 5.
322 2664 359 2691 13:
380 2665 505 2698 poterit.
579 2663 606 2691 8.
627 2665 671 2692 Ax
691 2665 773 2692 sicut
791 2666 889 2700 deest;
912 2666 933 2692 B
949 2666 979 2693 in
996 2674 1093 2702 marg.
1107 2667 1204 2694 addit.
1278 2666 1316 2694 13.
1336 2669 1381 2695 A:
1402 2668 1464 2695 nisi
1476 2672 1517 2695 ut.

208 2698 244 2725 15,
265 2700 308 2726 A:
329 2699 422 2726 hodie
442 2699 544 2731 deestq
566 2699 587 2726 Β
610 2699 705 2727 addit.
813 2708 856 2726 22.
877 2701 921 2727 A:
939 2702 1074 2735 primum
1094 2702 1178 2736 quia.
1287 2709 1332 2736 27.
1353 2703 1390 2729 B:
1406 2711 1518 2738 panem

205 2736 355 2760 sanctum.
428 2732 467 2760 31.
489 2734 510 2760 B
532 2733 560 2760 in
584 2742 697 2769 marg.:
719 2741 764 2761 12.
838 2733 880 2761 32.
901 2736 929 2762 A
949 2736 979 2762 in
995 2744 1109 2771 marg:
1130 2736 1295 2764 Jolzannes.
1369 2736 1402 2764 33
1427 2739 1471 2764 A:
1487 2738 1517 2764 in

205 2768 307 2828 {leesn
329 2768 368 2794 ib.
390 2769 419 2795 A
439 2768 469 2796 in
491 2776 603 2803 marga
626 2776 650 2795 ι.
739 2768 781 2796 35.
802 2770 845 2796 Α;
869 2770 1021 2798 hominem
1042 2771 1136 2798 deest.
1230 2770 1276 2799 36.
1298 2772 1336 2799 B:
1358 2773 1441 2807 quod
1454 2780 1518 2807 pro

219 2809 351 2837 empore.

1730 186 1809 232 287

1596 308 1706 344 ‘Daily‘
1727 308 1753 335 is

1582 343 1680 370 added
1703 351 1736 369 as
1757 352 1773 370 a

1610 378 1748 411 warning

1547 413 1665 447 against
1685 420 1800 439 excess.

1535 1407 1625 1468 ‘Okilis'
1647 1407 1757 1434 bread:
1780 1412 1810 1434 to

1558 1442 1785 1515 Sshffiildisssaltiazilg

1634 1520 1664 1538 111
1685 1515 1718 1538 it.

1564 2254 1657 2288 Many
1677 2262 1783 2280 senses

1545 2288 1633 2322 given
1655 2289 1685 2315 in
1706 2289 1792 2315 these

1576 2328 1765 2351 comments:

1598 2378 1618 2397 ι.
1641 2370 1744 2404 bread,
