2003 3322
226 192 315 220 CAP-
335 187 493 241 XXXIV]
699 204 913 236 SECUNDA
939 205 1066 236 PARS.

224 308 298 344 nisi
326 305 490 346 alterius
522 310 785 361 infirmitatem
826 311 982 360 quisque
1020 311 1157 346 habeat
1191 310 1301 358 quasi
1330 323 1454 357 suam,
1503 319 1543 346 ut

223 378 307 401 eam
340 368 592 415 equanimiter
616 369 746 417 ferat,
787 370 907 405 donec
939 369 985 405 ab
1018 381 1061 404 ea
1095 369 1283 404 liberetur
1316 368 1392 415 ille,
1433 369 1540 405 cuius

223 431 335 460 curat
366 426 544 462 salutem.

279 482 388 518 Raro
440 484 564 534 igitur
608 492 643 520 et
694 485 730 520 in
784 497 928 535 magna
974 484 1198 520 necessitate
1242 484 1540 533 obiurgaciones

188 539 307 575 Ssunt
348 541 577 589 adhibende,
622 543 673 578 ita
718 550 844 578 tamen
889 549 929 577 ut
973 543 1092 578 eciam
1138 542 1174 577 in
1220 542 1294 577 hiis
1329 542 1422 590 ipsis
1466 554 1538 578 non

219 598 337 643 nobis,
369 600 438 634 sed
459 600 543 636 Deo
577 607 616 635 ut
646 601 857 645 serviatur,
891 601 1087 636 instemus.
1124 601 1210 648 Ipse
1237 607 1293 635 est
1316 600 1414 635 enim
1436 600 1537 646 finis,

220 662 259 690 ut
302 655 397 691 nihil
439 658 586 706 duplici
626 659 746 694 corde
781 658 997 706 faciamus,
1043 659 1264 706 auferentes
1303 658 1451 693 trabem
1493 659 1539 694 de

219 713 328 749 oculo
352 715 483 751 cordis
500 716 634 762 nostri,
657 716 803 752 scilicet
825 716 1035 752 invidencie
1056 724 1091 752 et
1115 716 1280 761 malicie,
1304 716 1538 764 velpalliate

215 770 478 809 simulacionis
512 785 582 821 que
614 774 699 810 Deo
733 781 788 810 est
820 774 1021 810 contraria
1055 782 1095 809 ut
1126 774 1201 822 ipsi
1227 773 1373 809 homini
1404 774 1535 819 noxia,

165 836 202 856 ¹0
217 835 257 863 ut
290 829 487 867 videamus
519 832 645 868 eicere
664 833 865 880 festucam
890 833 937 868 de
968 832 1079 868 oculo
1093 832 1247 879 fratris
1269 844 1377 880 quem
1403 844 1537 880 repre-

217 887 430 925 hendimus.
472 889 690 926 Videbimus
721 890 820 926 enim
854 903 936 926 eam
977 890 1098 926 oculis
1130 890 1303 926 columbe
1334 890 1467 938 quales
1499 890 1535 925 in

214 956 356 993 sponsa
377 945 526 982 Christi
540 948 937 996 predicantur,quam
962 948 1036 983 sibi
1056 948 1175 997 elegit
1192 948 1300 983 Deus
1312 947 1533 997 gloriosam

215 1003 428 1049 ecclesiam,
478 1017 550 1041 non
595 1006 795 1042 habentem
841 1006 1033 1041 maculam
1079 1013 1145 1041 aut
1185 1018 1342 1055 rugam,
1387 1005 1427 1040 id
1465 1013 1532 1051 est,

214 1062 396 1097 mundam
430 1069 465 1098 et
495 1063 723 1112 simplicem,
755 1065 907 1113 qualem
942 1064 1052 1099 docet
1089 1063 1237 1099 Christi
1267 1075 1462 1112 sponsam.

161 1115 197 1148 15
272 1119 350 1155 Sed
385 1120 471 1168 quia
504 1122 634 1170 potest
672 1122 874 1158 nonnullos
912 1122 990 1157 Dei
1025 1121 1219 1170 preceptis
1263 1122 1534 1170 obtemperare

213 1177 405 1225 cupientes
457 1191 592 1215 nomen
643 1187 775 1216 sancte
825 1180 1084 1229 simplicitatis
1138 1179 1328 1228 decipere,
1389 1186 1427 1215 ut
1477 1180 1534 1215 sic

209 1235 347 1283 putent
379 1236 562 1272 viciosum
596 1249 677 1273 esse
705 1238 913 1286 aliquando
938 1249 1072 1273 verum
1098 1238 1306 1283 occultare,
1341 1238 1531 1285 quomodo

215 1292 411 1339 viciosum,
428 1301 483 1330 est
496 1295 704 1344 aliquando
716 1296 871 1344 salsum
897 1296 1036 1342 dicere,
1061 1302 1096 1330 et
1118 1295 1189 1331 hoc
1212 1296 1326 1331 modo
1343 1295 1530 1344 cupiendo

213 1362 255 1385 ea
307 1363 377 1399 que
428 1352 487 1387 illi
536 1353 669 1401 quibus
719 1354 952 1403 aperiuntur
994 1353 1188 1389 sustinere
1240 1366 1312 1389 non
1352 1361 1531 1401 possunt,

156 1417 197 1439 20
211 1409 380 1457 amplius
401 1418 560 1446 noceant
582 1423 695 1460 quam
717 1412 753 1447 si
773 1424 815 1447 ea
833 1412 989 1461 penitus
1016 1423 1243 1460 semperque
1275 1412 1528 1457 occultarent,

212 1466 423 1503 rectissime
464 1468 673 1519 subiungit,
727 1482 811 1505 cum
863 1470 976 1506 dicit:
1026 1469 1157 1505 Nolite
1203 1476 1379 1505 sanctum
1433 1470 1529 1504 dare

211 1525 380 1561 canibus.
414 1527 499 1562 Hec
531 1527 791 1575 Augustinus.

266 1582 435 1619 Videtur
485 1583 606 1620 istum
659 1594 845 1622 sanctum
900 1598 943 1621 ex
1003 1585 1080 1620 fide
1134 1584 1332 1632 scripture
1384 1584 1528 1620 elicere

209 1640 381 1677 formam
406 1642 680 1690 correpcionis
696 1643 871 1679 fraterne
893 1656 970 1691 que
994 1655 1085 1679 cum
1103 1642 1319 1690 diligencia
1344 1642 1528 1678 fidelibus

154 1698 193 1730 25
211 1706 268 1734 est
300 1701 491 1736 notanda.
526 1700 660 1737 Primo
692 1710 826 1738 autem
850 1701 1008 1737 videtur
1032 1713 1122 1737 curn
1148 1702 1222 1737 hoc
1248 1700 1354 1736 dicto
1380 1700 1526 1737 Christi

209 1755 419 1793 intendere
441 1759 550 1806 quod
573 1759 739 1795 fratrem
764 1759 988 1807 corripiens
1018 1760 1065 1795 de
1089 1771 1333 1807 quocunque
1357 1758 1527 1795 crimine

209 1815 325 1850 debet
368 1815 546 1863 primum
592 1819 814 1853 secundum
853 1817 1038 1853 ordinem
1078 1816 1258 1853 caritatis
1297 1829 1319 1852 a
1359 1829 1399 1852 se
1437 1816 1526 1864 ipso

209 1871 386 1920 incipere
419 1882 456 1910 et
489 1874 702 1922 diligenter
736 1887 875 1911 cavere
915 1888 964 1911 ne
997 1875 1047 1911 sit
1080 1887 1169 1911 reus
1203 1874 1243 1910 in
1276 1876 1416 1911 eodem
1452 1874 1526 1910 cri-

209 1929 315 1967 mine
346 1932 453 1979 quod
486 1932 619 1980 arguit
646 1934 708 1969 vel
741 1933 898 1978 maiori,
934 1933 1041 1981 quia,
1081 1945 1171 1969 cum
1211 1932 1348 1969 omnia
1381 1933 1527 1969 debent

151 1987 247 2023 3oin
291 1989 458 2026 caritate
505 1990 590 2026 fieri
638 2000 675 2027 et
718 1991 810 2028 talis
849 1991 905 2028 sic
944 2004 1034 2027 reus
1074 1990 1310 2038 astringitur
1356 1990 1523 2027 crimine

207 2048 316 2094 quod
354 2057 528 2093 accusat,
568 2057 678 2096 patet
711 2051 819 2097 quod
858 2049 1025 2096 corripit
1064 2057 1172 2085 extra
1205 2048 1387 2085 ordinem
1423 2049 1523 2085 cari-

205 2104 310 2150 tatis,
345 2115 382 2141 et
414 2118 504 2142 cum
538 2106 636 2142 false
658 2106 699 2142 in
721 2109 842 2143 verbo
871 2107 1035 2143 simulat
1059 2108 1167 2154 quod
1191 2108 1238 2142 de
1262 2106 1331 2142 tali
1355 2106 1523 2143 crimine

206 2164 314 2210 quod
353 2164 483 2211 arguit
522 2164 571 2200 sit
610 2164 816 2211 immunis,
856 2173 966 2212 patet
1005 2166 1115 2212 quod
1155 2163 1330 2200 ostendit
1363 2177 1403 2200 se
1437 2177 1521 2200 esse

205 2221 444 2268 ypocritam,
491 2231 528 2258 et
571 2231 781 2270 peccatum
826 2224 936 2271 quod
986 2223 1096 2270 prius
1146 2222 1219 2258 fuit
1263 2222 1416 2258 festuca
1460 2222 1520 2258 vel

150 2278 317 2326 35virga
361 2279 533 2326 gracilis,
589 2290 647 2317 est
690 2281 840 2317 facturn
894 2281 1028 2317 trabes
1080 2292 1150 2327 per
1195 2280 1518 2327 duplicacionem

205 2336 418 2384 ypocrisis;
454 2346 490 2373 et
521 2338 627 2374 istud
660 2347 849 2374 notarent
882 2338 1015 2374 cuncti
1048 2338 1116 2386 qui
1149 2346 1321 2385 arguunt
1354 2347 1520 2386 peccata

205 2395 430 2441 hominum,
475 2396 569 2443 quia
609 2409 689 2432 non
723 2397 890 2432 dubium
925 2396 1022 2444 quin
1067 2395 1125 2431 illi
1165 2405 1256 2432 sunt
1288 2396 1519 2444 indispositi

204 2461 248 2488 ut
291 2454 431 2489 fratres
476 2466 568 2490 suos
609 2456 656 2490 de
695 2454 864 2491 crimine
903 2454 973 2490 tali
1013 2453 1247 2501 corripiant,
1293 2454 1388 2502 quia
1427 2467 1516 2490 cum

204 2511 354 2547 facturn
407 2512 588 2549 docentis
641 2521 678 2548 et
730 2512 810 2550 vita
859 2521 1023 2549 monent
1070 2511 1220 2548 forcius
1263 2512 1393 2549 verbis
1437 2513 1518 2548 suis

274 2683 294 2702 i.
316 2675 354 2702 B:
375 2676 516 2703 alternis.
588 2684 619 2709 4.
640 2676 668 2702 A
688 2676 718 2702 in
739 2683 854 2710 marg:
875 2674 957 2703 Nola
972 2660 1188 2712 Augustinum.
1262 2684 1287 2710 7.
1309 2677 1353 2703 A:
1369 2675 1516 2712 auferen-

203 2712 282 2741 tem,·
301 2709 322 2736 B
344 2711 487 2737 correxit.
590 2711 626 2738 15.
646 2713 757 2745 potest.
780 2711 885 2737 Adde:
908 2719 983 2737 esse.
1086 2719 1127 2741 17.
1150 2710 1190 2737 18.
1211 2711 1259 2738 A:
1280 2719 1384 2738 verum
1404 2727 1436 2730 —
1457 2712 1515 2738 ali-

203 2744 328 2779 quando
349 2744 443 2771 deest.
518 2744 560 2772 23.
582 2747 611 2772 A
630 2745 660 2772 in
682 2753 796 2779 marg:
818 2745 982 2772 lohannes.
1006 2753 1028 2771 1.
1103 2745 1146 2773 35.
1167 2747 1211 2772 A:
1233 2744 1392 2781 duplicita.

275 2825 328 2847 21.
354 2816 474 2847 Matth.
500 2817 572 2855 Vll,
600 2815 631 2847 6.

1312 2876 1376 2912 24³·

1563 492 1677 528 Giving
1697 495 1779 522 what
1799 496 1824 523 is

1596 529 1669 564 holy
1687 534 1718 556 to
1739 531 1789 557 the

1648 565 1735 599 dogs.

1583 1597 1689 1624 Those
1708 1596 1778 1623 who

1560 1632 1664 1659 would
1686 1631 1800 1659 rebuke

1558 1672 1641 1694 must
1663 1666 1750 1700 begin
1772 1672 1801 1694 at

1630 1702 1732 1730 home.

1620 2406 1718 2435 Force

1568 2442 1603 2469 of
1620 2445 1769 2478 example.
