2003 3322
908 256 1026 287 opos
1052 256 1387 287 EVANGELICUM
1601 243 1706 300 [CAP.
1727 255 1807 282 xm,

489 364 631 399 sciebat
654 362 843 398 Dominus
867 374 1004 396 vanam
1038 362 1212 411 gloriam
1246 374 1296 398 ex
1328 363 1432 397 omni
1462 364 1558 398 bono
1577 364 1806 411 procedere,

490 422 574 457 ideo
608 421 714 456 illam
747 420 896 468 spinam
937 431 1006 467 que
1046 420 1219 455 nascitur
1251 420 1286 454 in
1320 427 1428 455 terra
1460 421 1557 456 bona
1590 421 1691 456 iubet
1715 433 1805 469 pre-

492 480 632 524 cidere,
687 491 731 514 ne
781 478 890 526 spina
944 490 1039 512 vane
1084 477 1214 527 glorie
1266 478 1397 526 effocet
1431 479 1613 525 fructum
1667 479 1805 516 ieiunii.

491 537 689 584 Numquid
715 542 843 585 potest
869 535 967 584 fieri
1005 542 1044 570 ut
1082 548 1154 571 non
1193 536 1387 571 senciatur
1425 537 1488 583 qui
1525 536 1697 571 ieiunat?
1740 538 1808 572 sed

491 595 627 630 melius
672 601 711 629 ut
755 593 933 628 ieiunium
974 600 1079 628 tuum
1121 600 1157 628 te
1196 594 1372 628 ostendat
1404 606 1516 641 quam
1558 601 1596 628 tu
1630 594 1840 630 ieizmiunzss

490 661 609 691 tuum.
642 652 773 687 Sciens
804 658 929 686 autem
955 651 1146 687 Dominus
1179 652 1279 699 quoa'
1311 664 1383 687 non
1411 658 1540 700 potest
1558 651 1657 700 fieri
1690 659 1729 687 ut
1759 652 1809 688 sit

490 710 627 745 lzilaris
665 710 729 758 qui
771 708 925 754 ieiunat,
974 709 1057 744 ideo
1098 721 1168 744 non
1210 708 1332 744 dixit:
1379 709 1508 745 Nolite
1547 721 1627 745 esse
1665 709 1807 753 tristes.

490 769 558 804 sed
590 768 720 803 Nolite
739 766 838 816 fieri
868 766 1010 802 tristes.
1044 766 1163 801 Aliua'
1195 774 1249 802 est
1288 766 1385 802 enim
1425 779 1517 813 esse,
1562 767 1672 802 aliud
1690 767 1808 816 fieri,-

490 826 554 874 qui
596 826 692 861 enim
740 825 974 860 naturaliter
1007 831 1175 873 propter
1218 824 1416 860 assiduum
1463 825 1641 860 ieiunium
1686 825 1808 861 tristis

490 891 557 928 est,
591 883 655 918 ille
688 890 743 919 est
774 882 910 928 tristis,
951 895 1023 918 non
1057 889 1183 918 autem
1204 882 1257 931 fit
1289 882 1433 926 tristis;
1475 883 1541 931 qui
1577 890 1702 918 autem
1731 895 1864 932 perio

489 942 725 990 imposturas
754 941 904 988 aliquas
926 940 1119 988 pallentes
1141 947 1344 988 apparent,
1374 940 1524 977 illinon
1553 947 1641 976 sunt
1663 940 1804 977 tristes.

489 999 533 1034 Si
575 1012 672 1048 ergo
717 999 781 1047 qui
823 998 965 1034 ieiunat
1009 1005 1043 1034 et
1086 998 1235 1033 tristem
1287 1010 1327 1034 se
1362 998 1468 1045 facit
1502 998 1692 1050 ypocrita
1737 1006 1806 1042 est,

489 1064 629 1105 quanto
661 1057 789 1107 magis
818 1056 983 1104 iniquior
1012 1063 1067 1092 est
1089 1056 1153 1104 qui
1186 1068 1258 1091 non
1291 1056 1432 1091 ieiunat
1463 1056 1532 1092 sed
1564 1057 1808 1106 argumentis

489 1115 715 1163 quibusdam
765 1115 800 1150 in
822 1114 933 1162 faeie
975 1126 1044 1150 sua
1084 1114 1214 1164 pingit
1253 1114 1423 1149 venalem
1464 1114 1660 1163 pallorem
1698 1115 1810 1163 quasi

490 1173 619 1208 ieiunii
647 1173 836 1222 signum?
874 1171 1068 1220 Displicet
1106 1172 1141 1207 ei
1171 1179 1310 1207 natura
1343 1184 1427 1218 sua,
1460 1172 1545 1220 quia
1579 1185 1651 1208 non
1679 1176 1861 1221 potest15

490 1231 646 1266 mentiri
673 1231 775 1279 quoa'
797 1230 1015 1278 nonfaciat
1043 1237 1077 1265 et
1101 1230 1242 1265 misera
1256 1230 1387 1277 facies
1410 1230 1540 1265 carnis
1562 1230 1807 1280 argumentis

490 1289 716 1337 quibusdam
756 1289 934 1324 innocens
973 1288 1088 1323 casti
1071 1296 1204 1338 g·atui,
1247 1287 1333 1335 quia
1355 1288 1573 1335 fraudibus
1611 1300 1683 1323 non
1717 1300 1806 1323 con-

197 1353 266 1380 Part
288 1355 323 1380 ot
344 1352 474 1381 Christs
490 1354 615 1382 sentit.
650 1348 747 1382 Puto
772 1347 873 1394 quod
896 1359 1018 1382 omnis
1039 1353 1215 1381 sensatus
1243 1346 1437 1395 intellioit,
1470 1358 1556 1394 quia
1590 1346 1657 1381 lzec
1690 1346 1806 1381 verba

222 1389 326 1415 words
347 1397 397 1415 aie
417 1393 447 1415 to

267 1423 302 1450 be
322 1424 410 1450 tiken

218 1458 359 1493 litei-‚ally
382 1463 448 1493 pant

237 1493 437 1528 figuratively.

194 2393 262 2421 The
283 2394 466 2421 conscience

217 2431 247 2455 oi
269 2437 338 2455 man
361 2430 385 2455 is
407 2429 454 2456 his

213 2464 353 2498 spiritual
376 2464 449 2491 face.

490 1405 734 1449 naturaliter,
781 1404 992 1439 cai-'walum
1027 1416 1099 1439 non
1134 1403 1415 1448 intelliountur.
1451 1404 1532 1439 Nec
1560 1416 1657 1439 enim
1678 1410 1806 1453 potest

478 1463 576 1511 fieri
627 1462 691 1511 qui
735 1463 876 1497 ieiunat
921 1469 960 1497 ut
1004 1474 1076 1497 non
1121 1468 1312 1510 appareat
1356 1461 1478 1497 tristis
1529 1473 1595 1497 nec
1649 1462 1806 1496 mandat
1822 1474 1863 1494 20

489 1520 693 1566 Dominus,
733 1521 835 1568 quod
872 1520 1088 1568 adimplere
1127 1532 1199 1555 non
1233 1532 1452 1568 possumus.
1500 1519 1543 1554 Si
1579 1519 1676 1555 enim
1722 1519 1805 1555 ideo

489 1578 589 1614 iubet
632 1590 699 1613 nos
738 1591 809 1614 non
832 1578 930 1627 fieri
967 1577 1111 1624 tristes,
1156 1585 1194 1612 ut
1233 1590 1306 1613 non
1334 1589 1410 1625 per
1442 1578 1563 1626 ipsam
1604 1577 1804 1613 tristiciam

488 1648 750 1685 appareamus
803 1635 1018 1671 hominibus
1070 1635 1252 1681 ieiunare,
1309 1647 1429 1683 quare
1480 1635 1640 1670 mandat
1691 1643 1806 1684 caput

489 1706 637 1743 ungere
668 1701 703 1729 et
723 1694 871 1741 faciem
907 1694 1072 1729 lavare?
1112 1694 1154 1728 Si
1184 1693 1281 1729 enim
1317 1693 1399 1741 ipsa
1440 1693 1571 1729 unccio
1604 1693 1740 1741 capitis
1772 1701 1806 1728 et

489 1752 638 1787 lavacio
666 1752 794 1800 faciei
829 1764 850 1786 a
891 1751 1143 1786 ieiunantilnts
1186 1764 1340 1800 semper
1382 1758 1599 1797 serventur,
1646 1750 1803 1786 nichilo·
1821 1754 1860 1786 25

488 1810 612 1845 minus
642 1818 730 1845 sunt
760 1809 874 1859 signa
908 1809 1045 1844 ieiunii.
1082 1810 1158 1844 Sed
1186 1810 1253 1844 lzec
1283 1809 1540 1857 spiritualiter
1561 1809 1613 1843 aa'
1635 1809 1802 1843 animam

489 1868 730 1916 reseruntur,
763 1875 802 1902 ut
835 1880 879 1902 ne
911 1867 1073 1902 tristicia
1106 1867 1364 1915 spiritualiter
1395 1867 1636 1915 spiritualem
1652 1866 1801 1914 faciem

487 1925 730 1961 exterminet.
763 1926 899 1960 Facies
932 1932 1057 1960 autem
1090 1925 1305 1973 spiritualis
1338 1932 1393 1960 est
1414 1925 1538 1960 anime
1567 1924 1801 1960 consciencia

487 1984 567 2019 eius
607 1983 667 2018 vel
698 1996 779 2028 cor,
818 1983 914 2019 sicut
954 1983 1118 2018 ostendit
1145 1983 1337 2031 propheta
1378 1982 1525 2018 dicens:
1576 1982 1659 2017 Tibi
1702 1982 1802 2017 dixit

487 2053 555 2076 cor
595 2053 732 2086 meunz,
772 2040 952 2084 Domine„
993 2041 1138 2075 vultum
1179 2048 1282 2075 tuum
1323 2041 1533 2089 requiram.
1580 2039 1802 2088 Exquisivit
1818 2043 1859 2074 30

487 2107 520 2135 te
543 2099 674 2147 facies
707 2111 802 2135 mea.
844 2099 929 2134 Non
963 2099 1060 2133 enim
1085 2098 1216 2146 facies
1248 2111 1388 2134 carnea
1422 2099 1547 2134 Deum
1581 2097 1705 2146 querit
1734 2097 1803 2133 sed

486 2157 732 2193 consciencia.
769 2158 851 2192 Hec
885 2156 1168 2192 Crisostomus.

987 2290 1128 2331 CAP.
1160 2291 1301 2331 XXI.

547 2386 809 2435 Prosequitur
862 2396 994 2424 autem
1048 2387 1121 2422 istc
1174 2394 1333 2423 sanctus
1396 2387 1639 2422 declarando
1692 2386 1799 2433 quod

489 2445 740 2481 consciencia
764 2446 824 2481 vel
846 2445 970 2481 virtus
1004 2445 1138 2480 anime
1172 2458 1250 2492 qua
1276 2447 1400 2480 Deum
1436 2443 1564 2480 noscit
1597 2443 1646 2479 sit
1679 2442 1798 2479 facies
1815 2445 1855 2477 ,τὸ

487 2503 688 2538 interioris
728 2503 916 2547 hominis,
956 2503 1009 2538 ita
1050 2502 1203 2538 scribit:
1251 2503 1455 2548 Quoniam,
1497 2501 1637 2549 inquit,
1669 2501 1800 2549 facies

486 2561 720 2596 consciencia
750 2561 987 2610 appellatur,
1022 2561 1186 2596 ostendit
1206 2561 1338 2607 Jacob,
1371 2572 1454 2595 cum
1467 2560 1614 2608 suisset
1636 2559 1800 2594 luctatus

552 2750 576 2777 3.
609 2752 652 2778 A:
687 2759 766 2778 iane
798 2751 903 2786 olorze
935 2751 1035 2783 deest;
1074 2751 1114 2777 ib.
1153 2751 1199 2777 A:
1239 2749 1290 2785 essi
1289 2749 1343 2776 'cit
1475 2759 1504 2783 ,1.
1544 2751 1587 2776 A:
1625 2753 1794 2777 senseatur.

483 2795 529 2820 24,
552 2785 594 2813 25.
618 2787 653 2813 H:
677 2789 708 2812 et
726 2786 817 2813 loczo.
892 2793 936 2820 2.9
960 2787 986 2812 A
1008 2772 1036 2812 iii
1060 2794 1171 2819 marg:
1194 2784 1275 2812 Nola
1296 2786 1334 2811 de
1344 2783 1437 2819 facie
1455 2785 1623 2819 spirittualz

556 2880 609 2912 21).
637 2870 689 2900 ΡΞ.
717 2870 834 2909 XXVI,
861 2868 892 2900 8.
992 2867 1043 2900 56.
1072 2869 1138 2910 Op.
1167 2869 1262 2909 Imp„
1292 2868 1311 2898 l.
1338 2878 1365 2898 c.
1393 2878 1424 2909 p.
1450 2866 1528 2907 814.
