2003 3322
223 211 311 240 CAP.
333 203 383 257 1⁴.]
734 215 874 247 PRlMA
901 214 1027 246 PARS,

221 320 391 357 venialia
423 333 504 356 non
534 332 749 368 possumus
782 320 948 357 omnino
982 320 1022 356 in
1054 320 1114 357 via
1150 319 1400 368 restringere,
1443 320 1533 357 ideo

221 378 378 415 videtur
409 378 518 427 quod
551 379 744 415 debemus
777 391 849 415 nos
881 386 1019 415 tenere
1051 378 1092 414 in
1124 377 1317 414 limitibus
1359 377 1533 414 racionis

222 444 259 472 et
292 444 418 473 status
451 436 686 473 innocencie
720 444 757 472 et
789 435 912 472 nichil
945 437 1229 485 superaddere,
1263 434 1339 471 nisi
1368 437 1532 484 quando

222 503 279 530 est
329 506 502 530 necesse.
567 495 857 530 Verumtamen
907 507 989 531 non
1044 494 1159 531 video
1213 494 1310 542 quin
1362 493 1401 530 in
1446 495 1532 542 lege

187 553 396 589 5humana
428 560 466 588 et
498 551 633 588 multis
667 552 940 589 contractibus
967 551 1221 600 culpabiliter
1244 551 1362 587 multi
1385 551 1531 598 iurant,

218 622 300 646 non
344 610 474 646 solum
518 609 594 657 ipsi
638 609 818 646 iurantes
861 612 929 646 sed
970 610 1095 647 eciam
1136 609 1203 646 alii
1248 609 1446 657 exigentes
1494 619 1531 647 et

219 667 525 704 circumstantes
558 667 776 704 iuracionis
801 667 1032 704 huiusmodi
1055 668 1359 716 applaudentes,
1394 669 1442 703 Et
1475 667 1531 704 sic

217 724 363 762 iuravit
394 725 625 773 Apostolus,
667 734 709 760 ut
749 737 792 761 ex
831 725 1062 762 testimonio
1096 725 1351 773 quadruplici
1391 727 1531 762 edocet

216 782 483 830 Augustinu53
530 782 657 819 immo
690 782 847 819 videtur
892 785 1000 832 quod
1041 784 1206 831 angelus
1238 785 1363 831 Apoc.
1397 784 1429 819 X
1463 785 1530 820 dat

167 854 204 874 ιο
217 840 390 877 formam
423 840 642 877 iuracionis
671 840 914 888 huiusmodi,
941 843 1033 877 dum
1059 841 1116 878 sic
1139 840 1253 877 dicit:
1289 841 1438 877 Iuravit
1456 854 1532 891 per

218 899 403 935 viventem
449 899 485 934 in
528 899 657 935 secula
701 899 921 935 seculorum
967 900 1076 947 quod
1121 911 1201 935 non
1251 898 1325 935 erit
1370 907 1530 948 tempus

217 955 412 1004 amplius:
449 969 569 1004 quam
605 956 673 993 diu
707 965 839 993 autem
876 965 1010 993 manet
1043 958 1117 993 hoc
1144 965 1302 1004 tempus
1336 968 1379 992 ex
1413 970 1529 994 cursu

218 1013 358 1050 mundi
389 1014 568 1060 volubili,
614 1026 777 1051 necesse
811 1023 867 1051 est
901 1014 1084 1051 homines
1117 1014 1173 1051 sic
1206 1026 1391 1062 peccare;
1438 1014 1529 1052 ideo

215 1072 433 1119 Apostolus
467 1073 517 1109 ad
549 1074 671 1109 Hebr.
696 1073 745 1108 VI
779 1074 897 1109 docet
921 1074 1029 1121 quod
1051 1073 1223 1110 homines
1241 1085 1318 1122 per
1341 1073 1528 1109 maiorem

164 1133 199 1165 15
215 1129 276 1165 sui
311 1130 441 1166 iurant
480 1139 517 1166 et
556 1132 664 1178 quod
709 1130 841 1166 omnis
881 1129 1150 1167 controversie
1190 1130 1280 1167 finis
1320 1139 1379 1166 est
1424 1131 1529 1167 iura-

217 1196 418 1233 mentum3
454 1197 491 1225 et
523 1187 578 1225 sic
611 1201 684 1236 pro
711 1196 895 1236 tempore
921 1188 1036 1225 huius
1061 1188 1218 1225 miserie
1240 1188 1397 1224 videtur
1420 1189 1529 1237 quod

214 1244 368 1282 licitum
422 1255 479 1283 est
528 1246 673 1293 iurare,
726 1248 944 1283 secundum
999 1247 1171 1283 formam
1218 1256 1354 1283 tamen
1406 1259 1525 1295 quam

216 1302 362 1340 diffinit
385 1304 581 1340 Dominus
603 1306 679 1341 Jer.
700 1306 761 1350 IV,
788 1315 832 1341 2:
866 1305 1030 1351 Iurabis,
1054 1304 1197 1353 inquit,
1223 1305 1316 1340 vivit
1339 1304 1530 1341 Dominus

215 1361 250 1397 in
284 1362 458 1408 veritate,
492 1362 527 1397 in
562 1363 702 1399 iudicio
736 1370 771 1399 et
803 1362 979 1407 iusticia;
1010 1362 1049 1398 in
1082 1362 1249 1399 veritate
1272 1362 1452 1411 quidem,
1485 1371 1528 1398 ut

158 1432 199 1452 20
214 1420 379 1456 omnino
403 1419 674 1457 iuramentum
700 1430 812 1457 tuum
838 1420 887 1457 sit
910 1432 1062 1466 verum,
1097 1420 1137 1456 in
1167 1420 1330 1467 iudicio,
1365 1421 1528 1468 quando

213 1476 365 1514 scilicet
399 1486 455 1514 est
487 1490 648 1515 necesse
670 1487 835 1527 propter
859 1477 1136 1515 infirmitatem
1171 1477 1526 1515 circumstancium

213 1534 270 1572 sic
302 1535 448 1582 iurare,
481 1544 519 1573 et
550 1535 591 1572 in
625 1536 782 1573 iusticia
816 1545 858 1573 ut
893 1535 1060 1572 omnino
1092 1536 1181 1573 finis
1210 1545 1276 1573 tue
1307 1536 1526 1573 iuracionis

213 1592 263 1629 sit
284 1602 450 1642 propter
483 1593 683 1631 iusticiam
708 1595 1011 1639 declarandum.
1046 1596 1134 1631 Non
1165 1596 1402 1631 excedamus
1433 1606 1527 1642 ergo

213 1652 285 1687 hos
317 1651 464 1688 limites
497 1651 561 1689 hic
593 1652 633 1688 in
666 1652 728 1689 via
762 1661 798 1689 et
830 1652 1038 1688 videamus
1072 1664 1188 1700 quem
1216 1665 1376 1689 sensum
1402 1652 1525 1689 alium

157 1711 195 1744 25
213 1709 330 1746 docet
360 1709 561 1757 Christus;
593 1710 750 1747 videtur
783 1709 889 1746 enirn
913 1711 1057 1746 docere
1079 1713 1244 1747 verbum
1277 1723 1359 1747 non
1393 1710 1527 1747 iurare

212 1766 376 1804 omnino
400 1769 509 1816 quod
533 1780 614 1804 non
638 1768 847 1817 capiamus
870 1768 1124 1805 occasionem
1150 1781 1233 1805 non
1254 1768 1526 1806 necessariam

212 1824 267 1861 sic
299 1824 458 1862 iurandi
492 1835 529 1862 et
553 1827 661 1874 quod
693 1826 809 1863 aliter
842 1826 891 1863 sit
923 1837 1055 1863 sermo
1087 1836 1224 1864 noster
1247 1827 1320 1863 Est
1352 1834 1420 1874 est,
1453 1839 1526 1863 non

212 1895 299 1930 non,
332 1884 382 1920 ad
414 1896 575 1920 sensum
609 1884 845 1933 expositum.

755 2032 893 2073 CAP.
930 2033 978 2073 L.

156 2129 197 2160 ἐἷο
267 2127 436 2162 Textum
469 2135 602 2163 autem
637 2127 756 2164 istum
788 2127 1060 2176 evangelicum
1084 2128 1165 2164 iam
1187 2128 1334 2164 lectum
1358 2128 1525 2165 ulterius

212 2185 446 2231 exponendo
469 2184 725 2233 prosequitur
747 2185 1014 2233 Augustinus:
1055 2186 1188 2230 Queri,
1223 2185 1366 2234 inquit,
1397 2193 1526 2235 potest

211 2253 294 2277 cum
330 2241 544 2278 diceretur:
575 2243 666 2293 Ego
698 2250 825 2279 autem
859 2243 943 2280 dico
977 2244 1082 2280 vobis
1104 2256 1176 2279 non
1199 2243 1332 2280 iurare
1360 2244 1524 2291 omnino,

211 2311 281 2335 cur
312 2300 484 2335 additum
523 2301 584 2348 sit,
623 2313 739 2349 neque
770 2313 846 2350 per
889 2301 1010 2338 celum
1050 2302 1135 2350 quia
1168 2302 1332 2338 thronus
1363 2302 1440 2338 Dei
1470 2309 1525 2338 est

212 2364 247 2393 et
278 2364 405 2393 cetera
445 2369 561 2406 usque
598 2359 650 2394 ad
681 2359 720 2394 id
751 2360 852 2407 quod
884 2359 1025 2395 dictum
1065 2366 1121 2395 est
1158 2371 1275 2408 neque
1306 2372 1380 2409 per
1412 2367 1526 2409 caput

156 2416 195 2448 35
212 2421 330 2451 tuum.
369 2415 497 2452 Credo
515 2423 726 2465 propterea
756 2417 842 2466 quia
876 2429 948 2453 non
972 2417 1161 2466 putabant
1191 2417 1306 2453 Judei
1333 2429 1373 2453 se
1404 2418 1528 2454 teneri

212 2472 474 2520 iureiurando,
507 2474 541 2510 si
567 2486 643 2523 per
671 2474 742 2510 ista
775 2475 1006 2511 iuravissent
1034 2481 1069 2511 et
1100 2475 1276 2523 quoniam
1301 2475 1525 2512 audierant.-

282 2663 318 2692 15.
330 2665 374 2692 A:
390 2667 598 2693 controverse.
670 2664 716 2694 30.
729 2667 757 2696 A
772 2667 802 2694 in
818 2675 932 2703 marg:
950 2666 1087 2703 Questio.
1100 2667 1312 2705 Augustinus;
1326 2668 1367 2696 ib.
1382 2668 1421 2696 B:
1436 2668 1524 2696 istum

211 2698 304 2726 deest.
377 2697 423 2727 36.
443 2700 488 2727 A:
510 2700 687 2729 inruissent.

280 2792 312 2825 9.
338 2783 448 2824 Apoc.
473 2783 513 2823 X,
546 2782 578 2815 6.
714 2794 764 2825 14.
792 2785 895 2817 Hebr.
921 2786 978 2826 VI,
1010 2784 1060 2817 16.
1193 2787 1246 2819 31.
1278 2786 1329 2818 De
1361 2796 1523 2818 sermone

213 2827 353 2859 Domini
380 2828 414 2859 in
441 2835 570 2870 monte,
599 2830 619 2861 l.
647 2840 675 2861 c.
701 2841 734 2872 p.
766 2829 838 2862 188.

1746 207 1814 243 181

1609 2136 1740 2165 Further

1571 2177 1729 2200 comment
1748 2172 1782 2200 of

1580 2207 1769 2242 Augustine:

1557 2240 1663 2268 Christ
1682 2242 1790 2277 taught

1566 2275 1630 2303 that
1650 2277 1686 2303 all
1708 2277 1797 2303 oaths

1597 2319 1647 2338 are
1667 2311 1755 2338 oaths

1576 2345 1679 2373 before
1702 2344 1782 2373 God.
