2003 3322
212 227 300 255 CAP.
322 217 406 272 vu]
668 227 880 260 SECUNDA
907 227 1033 260 PARS.

212 335 469 372 necessarium
499 335 560 381 sit,
605 334 678 371 nisi
707 334 791 383 quia
826 334 1017 371 oracionis
1048 333 1208 371 intencio
1241 346 1311 370 cor
1343 336 1516 371 nostrum

211 401 364 430 serenat
386 400 420 429 et
437 400 589 443 purgat
620 392 872 441 capaciusque
904 392 1021 441 efficit
1052 392 1104 427 ad
1135 392 1355 441 accipienda
1389 393 1517 428 divina

212 463 370 487 munera
401 462 472 500 que
500 450 757 499 spiritualiter
778 450 884 486 nobis
906 450 1173 498 infunduntur.
1207 450 1294 485 Non
1317 449 1414 486 enim
1437 463 1518 486 am-

212 508 355 545 bicione
380 520 542 558 precum
575 508 735 544 exaudit
766 520 833 544 nos
855 508 962 543 Deus
993 507 1058 555 qui
1086 519 1239 556 semper
1265 515 1432 556 paratus
1464 515 1518 544 est

179 566 309 602 §dare
340 566 460 602 lucem
492 578 600 602 suam
634 565 739 602 nobis
771 578 842 601 non
876 565 1060 601 visibilem
1092 565 1161 601 sed
1182 565 1461 615 intelligibilem
1485 573 1520 601 et

211 623 465 673 spiritualem.
512 624 589 659 Sed
619 635 688 659 nos
719 636 792 659 non
824 635 978 672 semper
1003 622 1140 672 parati
1168 634 1300 659 sumus
1331 623 1520 672 accipere,-

213 694 296 718 cum
331 681 562 718 inclinamur
594 681 645 716 ad
675 681 750 716 alia
784 681 908 717 nescio
940 692 1013 730 que
1045 679 1172 716 inania
1205 687 1240 716 et
1268 692 1399 716 rerum
1424 688 1518 716 tem-

208 739 404 788 poralium
451 739 660 787 cupiditate
697 739 956 775 tenebramur.
1002 738 1067 774 Fit
1105 737 1228 788 igitur
1265 737 1300 773 in
1341 738 1521 775 oracione

213 797 410 833 conversio
449 797 579 833 cordis
615 796 668 831 ad
705 808 802 842 eum,
845 796 910 845 qui
944 807 1096 845 semper
1134 796 1230 831 dare
1262 803 1428 844 paratus
1466 803 1522 832 est

161 866 198 887 10
212 854 246 890 si
272 867 341 891 nos
362 861 562 904 captamus
592 855 694 903 quod
726 854 887 900 dederit,
921 860 955 890 et
987 854 1022 889 in
1051 853 1134 902 ipsa
1157 853 1405 890 conversione
1422 865 1520 903 pur-

212 912 325 963 gacio
363 911 559 948 interioris
596 912 707 955 oculi,
751 924 835 948 cum
875 912 1136 948 excluduntur
1180 923 1223 947 ea
1267 923 1337 960 que
1374 918 1520 961 tempo-

213 970 350 1006 raliter
382 970 646 1019 cupiebantur,
678 977 719 1006 ut
749 969 849 1005 acies
879 969 1064 1018 simplicis
1096 969 1227 1005 cordis
1250 969 1370 1017 ferre
1396 969 1522 1018 possit

213 1027 334 1065 lucem
367 1028 577 1077 simplicem
623 1027 803 1063 divinitus
839 1027 920 1063 sine
957 1027 1035 1063 ullo
1073 1039 1211 1063 occasu
1250 1034 1316 1062 aut
1353 1039 1521 1063 commu-

213 1086 360 1122 tacione
383 1085 609 1135 fulgentem
642 1097 708 1121 nec
738 1085 861 1121 solum
885 1086 1017 1133 ferre,
1048 1085 1117 1121 sed
1149 1085 1268 1121 eciam
1302 1097 1458 1121 manere
1486 1085 1521 1121 in

161 1143 294 1190 15illa,
339 1156 412 1179 non
452 1150 598 1178 tantum
635 1142 716 1179 sine
754 1142 940 1189 molestia,
984 1143 1054 1179 sed
1084 1142 1203 1178 eciam
1237 1154 1322 1179 cum
1355 1143 1522 1191 quodam

213 1200 395 1250 ineffabili
409 1201 555 1251 gaudio
576 1212 648 1249 quo
672 1212 760 1236 vere
782 1213 827 1236 ac
849 1200 1053 1236 sinceriter
1075 1200 1185 1236 beata
1210 1200 1287 1236 vita
1304 1200 1520 1250 perficitur.

272 1259 349 1295 Sed
379 1259 498 1295 eciam
532 1258 855 1294 considerandum
888 1258 995 1294 nobis
1026 1265 1082 1294 est
1112 1270 1183 1307 que
1215 1270 1283 1294 nos
1312 1270 1432 1294 orare
1458 1258 1523 1295 ille

206 1316 426 1366 preceperit
453 1328 528 1366 per
558 1328 680 1365 quem,
720 1323 755 1352 et
794 1315 974 1352 discimus
1010 1315 1102 1365 quid
1139 1328 1293 1352 oremus
1324 1323 1360 1352 et
1391 1327 1521 1352 conse-

211 1374 364 1423 quimur
394 1374 496 1423 quod
528 1386 697 1410 oramus.
732 1375 816 1410 Hec
847 1373 1106 1421 Augustinus.

156 1443 198 1465 20
270 1434 325 1468 Ex
362 1431 437 1468 isto
477 1431 585 1468 dicto
625 1430 740 1467 huius
779 1430 908 1468 sancti
947 1439 1115 1479 possunt
1155 1429 1244 1478 capi
1284 1430 1410 1468 multa
1451 1444 1521 1468 no-

212 1489 352 1526 tabilia
384 1498 465 1526 tam
500 1488 775 1537 superioribus
808 1502 929 1537 quam
963 1487 1220 1525 inferioribus
1254 1488 1418 1525 ecclesie
1451 1501 1520 1526 an-

214 1549 405 1585 notanda.
438 1547 607 1584 Videtur
639 1547 746 1583 enim
780 1546 913 1595 primo
936 1547 1044 1595 quod
1067 1546 1140 1583 iste
1163 1555 1327 1583 sanctus
1350 1546 1520 1584 intendit

215 1608 273 1651 (ut
305 1617 396 1654 sepe
430 1605 543 1652 alias)
579 1606 686 1653 quod
719 1604 858 1642 omnia
891 1617 968 1653 que
1001 1605 1162 1641 fuerunt
1193 1604 1254 1641 vel
1288 1613 1403 1641 erunt
1427 1613 1520 1642 sunt

214 1666 298 1700 Deo
326 1662 553 1711 presencia3
586 1662 744 1699 videtur
775 1664 950 1700 secundo
984 1664 1091 1711 quod
1125 1661 1198 1698 iste
1230 1671 1393 1699 sanctus
1427 1675 1519 1699 con-

158 1719 197 1753 25
215 1721 320 1760 cedit
372 1724 429 1766 (ut
482 1733 574 1769 sepe
626 1720 739 1767 alias)
784 1722 895 1769 quod
939 1720 1076 1757 omnia
1121 1732 1197 1768 que
1242 1720 1426 1757 evenient
1471 1722 1519 1758 de

214 1778 450 1816 necessitate
490 1778 693 1826 evenient;
740 1789 776 1815 et
814 1778 870 1815 sic
902 1791 984 1815 non
1015 1779 1118 1814 foret
1150 1779 1349 1815 orandum
1385 1791 1406 1815 a
1438 1778 1519 1815 via-

215 1837 368 1874 toribus
401 1835 476 1873 nisi
510 1838 557 1873 de
590 1845 742 1884 quanto
776 1836 911 1873 oracio
934 1836 1042 1884 ipsos
1065 1836 1215 1872 faceret
1237 1835 1520 1884 disposiciores

214 1904 257 1932 ut
288 1893 511 1942 suscipiant
533 1895 669 1931 lumen
692 1894 785 1941 Dei;
819 1902 857 1930 et
878 1894 1033 1931 videtur
1055 1894 1180 1930 tercio
1204 1895 1313 1942 quod
1337 1894 1520 1931 moderni

215 1953 255 1989 in
293 1952 549 1989 oracionibus
581 1951 744 2000 prolixis
778 1960 814 1988 et
847 1952 959 1989 novis
991 1964 1032 1988 se
1065 1960 1101 1988 et
1134 1952 1233 1988 alios
1267 1952 1394 2000 magis
1428 1965 1521 1989 con-

159 2011 201 2042 30
215 2010 428 2048 taminant.
464 2010 645 2046 Christus
679 2009 783 2046 enim
808 2012 913 2046 Deus
946 2018 984 2046 et
1016 2010 1138 2046 homo
1172 2009 1267 2046 dicit
1300 2011 1408 2058 quod
1430 2018 1521 2047 sunt

216 2070 294 2105 duo
328 2076 504 2105 extrema
537 2067 775 2116 culpabilia3
822 2080 945 2104 unum
987 2068 1145 2116 penitus
1184 2080 1266 2104 non
1303 2067 1445 2104 orandi
1485 2077 1522 2104 et

216 2126 323 2164 aliud
359 2125 614 2162 communius
647 2127 775 2161 Deum
808 2125 1002 2173 prolixius
1035 2134 1072 2162 et
1104 2124 1282 2162 indebite
1316 2126 1519 2162 exorandi.

216 2183 404 2232 Magister
442 2192 575 2220 autem
615 2183 792 2231 optimus
832 2184 900 2220 dat
938 2183 1054 2220 nobis
1086 2183 1308 2220 virtuosum
1342 2183 1521 2220 medium

216 2241 321 2278 inter
360 2241 447 2278 ista.
495 2243 544 2277 Et
576 2240 733 2278 videtur
765 2242 875 2289 quod
906 2253 979 2278 nos
1013 2253 1057 2278 ex
1089 2241 1314 2278 tradicione
1346 2242 1523 2278 humana

161 2302 199 2336 35
217 2299 343 2348 magis
388 2298 613 2336 excedimus
651 2298 691 2335 in
729 2300 805 2335 hoc
845 2307 1033 2345 extremo,
1083 2312 1172 2336 cum
1214 2298 1340 2347 magis
1379 2299 1523 2347 prolixi

217 2369 353 2393 sumus
382 2356 423 2393 in
451 2356 706 2393 oracionibus
735 2365 778 2392 ut
807 2356 976 2404 gentiles
1007 2365 1043 2394 et
1067 2356 1194 2405 magis
1217 2370 1361 2405 parurn
1395 2365 1522 2394 atten-

218 2414 348 2451 dimus
392 2415 442 2451 ad
486 2414 608 2451 vitam
648 2413 796 2451 Christi
829 2423 866 2450 et
899 2426 1024 2463 opera
1061 2423 1105 2451 ut
1144 2414 1275 2463 ipsum
1307 2414 1522 2452 virtuosius

90 2474 169 2508 382ο
217 2472 430 2509 imitemur.
461 2468 466 2525 ἰ

275 2529 372 2575 Quis
411 2543 508 2578 rogo
545 2530 605 2567 vel
643 2542 748 2578 papa
786 2530 846 2566 vel
886 2529 988 2566 alius
1021 2529 1094 2567 scit
1127 2529 1158 2566 si
1190 2529 1232 2566 in
1264 2529 1523 2567 oracionibus

157 2607 202 2638 40
217 2600 354 2624 sumus
388 2587 513 2635 magis
545 2587 687 2636 prolixi
721 2596 758 2624 et
790 2587 830 2623 in
852 2587 1041 2636 operibus
1061 2587 1294 2636 exemplatis
1318 2600 1340 2625 a
1364 2587 1523 2625 Christo

287 2747 327 2772 14.
349 2740 391 2765 A:
415 2746 470 2766 nec
487 2738 574 2766 solet.
650 2747 689 2773 17.
709 2739 753 2766 A:
775 2738 862 2766 nohis
877 2739 969 2766 deest.
1055 2746 1101 2766 20.
1123 2740 1150 2766 A
1172 2739 1202 2766 in
1223 2747 1337 2774 marg:
1357 2738 1525 2766 Johannes.

216 2771 259 2799 23.
280 2774 308 2800 A
328 2772 358 2800 in
379 2780 475 2808 marg.
496 2772 600 2800 insen:
629 2772 709 2801 Nota
734 2773 817 2808 quod
841 2773 944 2801 omnia
970 2781 1028 2808 que
1037 2773 1175 2809 fuerunt
1197 2774 1244 2801 vel
1262 2776 1353 2801 erunt
1370 2776 1443 2801 sunt
1460 2773 1526 2801 Deo

212 2807 386 2842 presencia.
459 2806 501 2835 25.
522 2808 551 2835 A
570 2807 600 2835 in
621 2814 734 2843 marg:
756 2806 838 2835 Nota
851 2808 934 2843 quod
951 2808 1054 2835 omnia
1070 2815 1128 2843 que
1141 2808 1280 2835 evenient
1294 2808 1330 2835 de
1342 2808 1527 2835 necessitate

217 2842 367 2870 evenient.
438 2849 486 2877 29.
501 2842 530 2869 A
543 2842 574 2870 in
590 2850 704 2877 marg.:
718 2851 751 2877 3.
826 2841 866 2870 35.
881 2843 925 2870 A:
942 2842 1083 2871 Secundo
1098 2850 1181 2875 cum;
1199 2842 1236 2870 B:
1252 2842 1394 2871 Secundo
1408 2843 1524 2870 erased.

1728 221 1805 257 265

1563 349 1588 370 2.
1609 343 1641 370 In
1663 350 1785 373 earnest

1576 385 1688 414 prayer
1706 387 1765 406 our

1585 412 1685 440 hearts
1706 421 1757 441 are

1550 446 1702 482 cleansed,
1723 448 1783 476 and

1567 482 1638 510 thus
1658 490 1703 510 we
1723 491 1774 510 are

1585 517 1712 545 enabled
1733 522 1764 544 to

1535 552 1651 580 receive
1668 552 1718 580 the
1758 552 1809 581 ists

1550 587 1650 614 which
1673 586 1721 614 Go
1764 587 1790 614 is

1534 623 1648 658 always
1671 621 1809 656 offering.

1587 1436 1761 1471 Augustino

1603 1471 1742 1498 reaches:

1536 1514 1556 1533 1.
1577 1507 1642 1533 that
1656 1506 1691 1533 all
1708 1506 1811 1541 things

1600 1545 1667 1576 past
1689 1541 1748 1568 and

1585 1575 1686 1603 future
1706 1583 1757 1602 are

1536 1614 1658 1645 present
1675 1614 1705 1637 to
1725 1609 1811 1644 G0d;

1535 1652 1559 1672 2.
1574 1645 1637 1672 that
1651 1645 1688 1672 all
1707 1645 1811 1681 things

1588 1680 1708 1718 happen
1731 1680 1766 1707 of

1569 1718 1722 1750 necessny
1746 1723 1779 1741 as

1603 1749 1674 1785 they
1694 1757 1744 1776 are

1595 1784 1761 1818 ordained;

1588 1817 1700 1858 §.that
1719 1827 1766 1846 We

1588 1861 1687 1887 unul-e
1707 1861 1764 1880 our

1545 1889 1629 1916 souls
1651 1888 1689 1922 by
1710 1887 1811 1923 prolix

1606 1931 1744 1958 prayers.

1538 2536 1667 2564 Modern
1684 2536 1814 2571 prelates

1573 2578 1626 2606 say
1646 2571 1712 2598 that
1730 2570 1780 2597 the

1590 2606 1697 2640 longer
1716 2605 1766 2632 the
