2003 3322
155 224 173 248 ω

185 213 200 247 ω

211 214 232 247 0.

861 213 978 244 OPUS
1007 213 1337 244 EVANGELICUM
1603 201 1707 254 [CAR
1731 211 1751 237 l.

441 320 553 355 rebus
591 331 661 367 que
697 320 801 368 ipsas
838 320 956 355 bonas
995 326 1149 355 nostras
1192 320 1363 355 acciones
1402 320 1582 355 comitari
1617 320 1751 363 solent,

209 392 267 419 We
289 395 371 418 must
441 377 560 412 veluti
589 384 644 413 est
677 378 761 413 laus
793 377 974 412 humana.
1011 377 1053 411 Si
1083 377 1233 425 quidem
1268 389 1340 412 non
1375 385 1477 413 recte
1500 378 1628 413 vivere
1645 378 1751 426 peri-

153 425 427 497 ῧὲζὲἓθῒζξάἴῗξέἕ
441 434 613 470 culosum
652 442 719 471 est.
764 435 882 471 Recte
918 441 1044 470 autem
1085 434 1214 471 vivere
1253 442 1286 470 et
1325 435 1427 471 nolle
1465 435 1624 470 laudari
1659 435 1750 483 quid

159 498 229 523 sake
249 496 284 523 of
301 495 412 531 praise.
440 499 495 528 est
525 492 634 527 aliud
665 505 778 541 quam
810 492 1002 528 inimicum
1035 504 1115 528 esse
1142 493 1255 528 rebus
1287 492 1493 528 humanis?
1524 505 1595 541 que
1626 491 1752 541 utique

439 556 543 586 tanto
574 557 661 585 sunt
694 550 914 586 miseriores
945 557 1085 598 quanto
1118 550 1241 586 minus
1268 551 1397 599 placet
1429 557 1535 586 recta
1557 551 1749 586 hominum

440 607 528 643 vita.
579 608 621 643 Si
657 608 780 658 igitur
816 608 915 643 inter
954 619 1046 655 quos
1082 608 1177 643 vivis
1211 615 1312 644 recte
1345 608 1530 644 viventem
1565 621 1636 644 non
1670 608 1751 643 lau-

440 665 630 712 daverint,
677 665 735 701 illi
771 664 808 702 in
848 677 987 701 errore
1023 672 1130 701 sunt:
1168 666 1202 701 si
1238 666 1295 701 illi
1333 666 1591 711 laudaverint,
1637 673 1676 701 tu
1716 666 1751 701 in

433 723 611 771 periculo
644 723 733 766 eris,
767 723 839 759 nisi
868 730 945 759 tam
979 723 1147 772 simplex
1179 735 1247 759 cor
1279 723 1459 760 habueris
1491 731 1525 760 et
1555 724 1752 770 mundum,

439 788 479 816 ut
510 793 553 816 ea
586 793 656 829 que
689 788 792 816 recte
812 782 922 829 facis
954 793 1026 817 non
1055 788 1223 830 propter
1256 781 1390 817 laudes
1413 782 1608 817 hominum
1633 794 1752 817 vanas

427 839 563 886 facias
595 839 796 889 magisque
829 838 906 874 illis
939 845 1043 875 recta
1078 839 1324 875 laudantibus
1354 839 1586 888 gratuleris,
1619 839 1751 888 quibus

438 897 478 932 id
499 897 602 944 quod
630 904 775 932 rectum
810 904 863 932 est
891 897 1020 945 placet
1052 908 1164 945 quam
1198 897 1284 940 tibi;
1315 897 1389 932 nisi
1409 897 1494 945 quia
1519 905 1621 933 recte
1645 897 1751 941 vivis,

438 955 594 990 eciamsi
631 967 740 990 nemo
781 955 973 998 laudaret,
1018 955 1214 1003 ipsamque
1252 955 1404 990 laudem
1439 962 1544 990 tuam
1577 962 1665 991 tunc
1697 955 1751 990 in-

438 1012 594 1063 telligas
634 1012 763 1048 utilem
804 1025 884 1048 esse
922 1012 1180 1055 laudantibus,
1225 1013 1259 1048 si
1290 1025 1361 1048 non
1395 1020 1430 1048 te
1462 1013 1585 1061 ipsum
1619 1013 1654 1048 in
1687 1020 1751 1048 tua

437 1071 533 1106 bona
567 1070 658 1117 vita,
690 1071 758 1106 sed
783 1071 909 1106 Deum
944 1070 1144 1115 honorent,
1173 1083 1248 1119 per
1280 1070 1386 1106 cuius
1410 1071 1550 1106 donum
1574 1070 1754 1119 accepisti

439 1135 477 1163 ut
521 1128 574 1164 sis
618 1128 737 1164 bonus
781 1128 888 1164 cuius
933 1128 1216 1164 sanctissimum
1265 1129 1449 1177 templum
1490 1136 1545 1164 est
1586 1129 1752 1177 quisquis

437 1187 529 1222 bene
561 1186 664 1231 vivit,
698 1193 737 1221 ut
769 1186 866 1221 illud
898 1186 1106 1235 impleatur
1130 1186 1232 1234 quod
1253 1186 1306 1221 ait
1328 1186 1485 1221 David:
1518 1187 1559 1222 In
1583 1187 1751 1222 Domino

438 1244 662 1279 laudabitur
714 1244 841 1279 anima
894 1256 991 1289 mea,
1051 1244 1209 1279 audiant
1254 1244 1362 1279 mites
1407 1251 1441 1280 et
1485 1244 1750 1280 iocundentur.

438 1301 608 1337 Pertinet
646 1301 768 1351 igitur
806 1302 857 1337 ad
901 1302 1052 1337 oculum
1087 1302 1269 1337 mundum
1305 1314 1377 1337 non
1411 1302 1551 1338 intueri
1582 1303 1617 1338 in
1652 1309 1753 1338 recte

429 1360 616 1407 faciendo
656 1360 790 1395 laudes
832 1360 1027 1395 hominum
1063 1371 1132 1407 que
1156 1360 1256 1408 salli
1287 1366 1321 1394 et
1342 1360 1496 1407 fallere
1523 1368 1687 1409 possunt
1718 1367 1754 1402 et

436 1418 488 1452 ad
526 1429 589 1453 eas
628 1418 782 1465 referre
814 1418 916 1465 quod
948 1425 1050 1453 recte
1071 1418 1193 1466 facis,
1239 1418 1278 1452 id
1310 1424 1377 1463 est,
1406 1425 1619 1467 propterea
1653 1425 1755 1454 recte

428 1475 571 1523 facere
614 1475 771 1523 aliquid,
826 1483 863 1510 ut
908 1475 1122 1511 hominibus
1160 1476 1330 1524 placeas.
1385 1476 1447 1511 Sic
1491 1476 1589 1511 enim.
1635 1476 1751 1512 eciam

436 1533 625 1569 simulare
664 1534 800 1568 bonum
843 1534 981 1575 libebit,
1026 1533 1059 1569 si
1097 1546 1168 1569 non
1209 1534 1420 1569 attenditur
1459 1534 1531 1569 nisi
1569 1541 1607 1569 ut
1640 1534 1752 1570 homo

438 1591 581 1634 laudet,
621 1591 684 1639 qui
715 1591 891 1639 quoniam
927 1592 1058 1627 videre
1090 1604 1158 1627 cor
1191 1604 1264 1626 non
1293 1598 1432 1640 potest,
1475 1599 1600 1640 potest
1617 1592 1750 1629 „eciam

428 1649 540 1696 salsa
581 1649 753 1685 laudare.
809 1650 923 1693 Quod
960 1649 1024 1697 qui
1051 1649 1221 1697 faciunt,
1267 1649 1405 1694 idest,
1452 1650 1516 1696 qui
1546 1650 1750 1685 bonitatem

437 1707 632 1751 simulant,
667 1707 812 1756 duplici
843 1708 960 1743 corde
985 1714 1082 1742 sunt.
1118 1708 1204 1742 Non
1229 1719 1325 1757 ergo
1349 1708 1459 1742 lzabet
1482 1720 1550 1743 cor
1571 1707 1752 1756 simplex,

438 1765 477 1799 id
509 1771 577 1810 est,
608 1766 790 1800 mundum
826 1777 906 1811 cor,
940 1765 1012 1801 nisi
1044 1765 1106 1812 qui
1137 1765 1375 1800 transcendit
1409 1765 1595 1801 humanas
1620 1766 1753 1801 laudes

433 1835 508 1871 pro
548 1822 687 1858 nichilo
722 1830 905 1871 reputans
938 1830 972 1858 et
1003 1823 1110 1858 illum
1144 1822 1271 1858 solum
1306 1823 1486 1861 intuetur,
1532 1836 1616 1858 cum
1652 1831 1754 1859 recte

438 1880 543 1926 vivit,
582 1880 616 1915 ei
653 1888 779 1916 autem
816 1881 974 1929 placere
1012 1881 1146 1916 nititur
1185 1881 1247 1928 qui
1284 1881 1515 1916 consciencie
1553 1882 1659 1917 solus
1698 1881 1751 1916 in-

437 1945 591 1987 spector
629 1946 684 1974 est
722 1945 756 1973 et
794 1939 913 1974 iudex
951 1946 985 1974 et
1023 1938 1129 1974 testis
1157 1939 1293 1987 fidelis
1334 1951 1442 1986 quem
1476 1939 1599 1975 latere
1637 1939 1754 1974 nichil

433 2002 574 2044 potest,
608 1996 642 2031 in
676 1996 782 2032 cuius
816 2004 1018 2045 conspectu
1043 1997 1160 2032 eciam
1186 1997 1307 2045 ipsum
1334 1998 1470 2032 bonum
1495 1997 1597 2045 quod
1618 1997 1753 2047 agitur
1770 2000 1785 2032 1³·

438 2067 459 2088 a
493 2054 600 2089 nobis
623 2066 697 2102 per
722 2054 929 2089 Dominum
965 2061 1017 2090 est
1052 2055 1355 2103 dampnandum,
1388 2054 1421 2089 si
1443 2062 1590 2091 remota
1609 2055 1752 2104 pietate

437 2112 640 2150 iudicetur,
689 2112 834 2148 Timeat
873 2112 995 2162 igitur
1032 2113 1104 2148 sibi
1143 2113 1200 2147 vir
1239 2113 1371 2149 bonus.
1413 2119 1451 2147 ut
1489 2113 1625 2148 bonum
1666 2125 1750 2148 cum

438 2170 577 2205 timore
623 2170 698 2205 Dei
746 2177 855 2220 agat,
899 2171 945 2205 de
994 2171 1100 2206 cuius
1155 2170 1313 2206 sciencie
1352 2170 1523 2218 puritate
1569 2170 1752 2219 quidquid

434 2228 612 2276 procedit
659 2235 766 2263 tanto
812 2235 865 2263 est
911 2228 1155 2270 laudabilius,
1208 2235 1347 2276 quanto
1394 2228 1583 2264 humanas
1617 2229 1751 2264 laudes

440 2286 563 2320 minus
596 2285 803 2323 desiderat.

166 2360 231 2386 Men
255 2364 336 2386 must
359 2368 407 2386 see
503 2343 644 2379 Cavete
682 2343 816 2393 igitur,
851 2344 982 2392 inquit,
1007 2344 1152 2391 facere
1185 2344 1375 2380 iusticiam
1413 2351 1580 2380 vestram
1616 2356 1748 2379 coram

149 2395 306 2456 Ossfltgt‘ffi}
325 2394 665 2456 ss011⁶3⁵¹⁷0²²²f³²²⁹bu³³
700 2408 738 2436 ut
772 2402 978 2436 videamini
1008 2402 1054 2437 ab
1088 2402 1162 2441 eis,-
1194 2402 1232 2436 id
1258 2409 1325 2446 est,
1360 2409 1489 2437 cavete
1522 2402 1592 2437 lzoc
1624 2402 1750 2437 animo

149 2464 257 2502 nzotbe
278 2464 414 2502 oupaim
439 2459 535 2494 iuste
579 2459 708 2494 vivere
751 2467 785 2494 et
829 2459 880 2494 ibi
925 2460 1156 2495 constituere
1200 2460 1337 2495 bonum
1381 2467 1563 2501 vestrum,
1603 2466 1642 2494 ut
1684 2472 1751 2495 vos

166 2507 194 2526 ιη
218 2499 404 2533 well-domg.
439 2516 592 2552 videant
631 2517 821 2552 homines:
864 2517 1033 2565 alioquin
1073 2518 1288 2553 mercedem
1323 2530 1395 2552 non
1429 2517 1614 2553 habebitis
1646 2518 1750 2566 apud

435 2582 587 2623 patrem
625 2582 792 2611 restrum
827 2575 890 2623 qui
921 2575 956 2610 in
990 2575 1081 2611 celis
1116 2583 1268 2625 regnat,
1302 2588 1373 2610 non
1408 2575 1749 2610 .<iablz‹>nzi12ih11.<

507 2755 545 2781 25.
569 2756 611 2781 A:
634 2763 688 2781 cor
708 2755 845 2781 omlttcd.
920 2762 964 2789 20.
988 2756 1029 2782 A:
1053 2754 1265 2789 lestissia'elis.
1340 2754 1381 2782 Β).
1403 2756 1445 2782 A:
1468 2755 1514 2782 vir
1536 2755 1627 2782 deest.

508 2837 560 2867 24.
589 2826 714 2857 Psalm.
742 2826 889 2866 XXXIII,
919 2838 947 2858 2.
1047 2826 1098 2859 36.
1126 2827 1245 2858 matth.
1275 2828 1328 2866 VJ,
1358 2837 1386 2857 2.

1773 853 1811 874 10

1773 1131 1808 1163 15

1771 1431 1811 1452 20

1790 2011 1810 2029 0

1765 2587 1808 2618 40
