2003 3322
207 219 297 247 CAP.
318 210 444 264 xxxr]
719 221 859 252 PRIMA
887 221 1014 252 PARS.

264 328 412 366 Habita
450 328 585 377 itaque
624 327 786 365 racione
830 326 1141 375 significacionis
1181 326 1347 363 literalis
1387 334 1518 374 potest

205 387 390 423 sollertus
422 386 523 423 scire
563 386 806 422 conferendo
845 384 1083 422 concordias
1124 384 1321 433 scripture
1367 386 1417 421 ad
1460 384 1518 420 in-

204 444 331 480 vicem
349 443 444 493 quid
467 445 516 480 ad
540 456 699 480 sensum
725 442 925 479 misticum
951 442 1187 490 intelligitur
1203 455 1274 490 per
1297 443 1501 478 lucernam

205 510 249 538 ut
290 503 396 538 Luce
427 503 490 547 XI,
528 502 598 538 33:
644 502 767 538 Nemo
810 501 983 537 accendit
1027 502 1223 537 lucernam
1269 509 1343 537 etc.
1389 508 1521 549 potest

173 561 189 593 5
206 559 374 608 intelligi
407 559 638 608 quicunque
671 567 832 596 sanctus
855 559 916 595 vel
940 570 1181 607 quecunque
1204 559 1310 595 bona
1333 557 1521 606 operacio

206 629 283 666 que
323 626 509 666 patenter
547 619 664 654 debet
703 616 898 665 proficere
943 617 1126 665 exemplo
1169 617 1230 653 vel
1275 616 1418 653 effectu
1461 616 1523 653 vel

206 675 284 712 alio
317 676 438 712 modo
472 684 568 712 noto
603 676 737 724 quoad
760 677 889 711 Deum
924 683 961 711 et
993 688 1074 711 non
1096 674 1375 723 principaliter
1408 673 1523 710 inniti

205 733 473 782 proprietarie
511 735 618 770 bono
657 732 827 781 privato,
876 741 919 768 ut
964 732 1117 769 faciunt
1161 733 1353 769 habentes
1398 731 1525 768 inten-

207 790 364 828 cionem
412 800 659 839 corruptam,
717 792 823 827 unde
867 791 1032 827 lucerna
1077 790 1272 839 contingit
1318 790 1523 826 hominem

153 861 191 882 1o
207 849 318 885 abuti
363 858 400 886 et
444 848 548 895 hinc,
589 848 683 898 quia
721 848 961 897 pontificum
1002 857 1059 885 est
1105 849 1252 885 habere
1297 848 1526 897 specialiter

206 906 479 944 sinceritatem
519 906 766 956 cognicionis
806 915 844 943 et
875 906 1091 955 puritatem
1132 906 1388 953 intencionis‚
1434 905 1525 942 ideo

206 964 351 1013 legitur
385 964 484 1001 illud
517 964 768 1014 evangelium
802 964 843 1000 in
875 964 984 1001 festis
1009 965 1293 1001 Confessorum
1319 973 1356 1001 et
1379 966 1527 1000 Docto-

207 1036 311 1059 rum.
356 1025 405 1059 Et
436 1031 569 1071 potest
602 1022 745 1071 exponi
797 1024 845 1059 de
877 1023 1043 1059 lucerna
1083 1022 1176 1059 fidei
1208 1023 1270 1060 vel
1301 1022 1413 1060 verbi
1453 1021 1526 1058 Dei

205 1081 267 1117 vel
291 1080 452 1117 Christi,
487 1082 570 1118 Hec
593 1081 819 1129 spargenda
842 1088 934 1116 sunt
957 1079 1189 1128 humilibus,
1225 1080 1319 1129 quia
1343 1079 1526 1116 Christus

154 1138 190 1171 15
208 1137 304 1174 dicit
326 1138 494 1175 Matthei
516 1140 562 1185 X,
588 1148 661 1187 27:
695 1139 796 1187 quod
823 1138 859 1174 in
887 1151 982 1174 aure
1010 1139 1151 1174 auditis
1176 1139 1380 1188 predicate
1411 1150 1528 1187 super

207 1204 317 1233 tecta.
350 1198 465 1233 Tunc
498 1205 633 1233 autem
667 1196 832 1245 ponitur
860 1197 932 1232 sub
963 1196 1115 1243 modio,
1150 1198 1312 1245 quando
1344 1204 1525 1233 servatur

208 1256 281 1291 sub
314 1266 383 1302 spe
416 1254 699 1291 retribucionis
731 1254 979 1302 temporalis,
1015 1263 1058 1290 ut
1090 1255 1150 1291 lex
1181 1263 1312 1292 vetus:
1353 1255 1387 1290 si
1419 1255 1525 1290 volu-

209 1313 316 1349 eritis
349 1320 384 1348 et
415 1313 615 1349 audieritis
647 1325 718 1360 me,
751 1313 848 1348 bona
881 1319 985 1348 terre
1017 1313 1234 1349 comedetis.

270 1371 565 1407 Candelabrum
611 1371 675 1416 (de
708 1383 787 1419 quo
819 1371 939 1406 Zach.
975 1372 1038 1417 IV)
1079 1378 1136 1406 est
1184 1369 1366 1417 ecclesia,
1413 1369 1525 1406 cuius

153 1439 195 1461 20
209 1428 365 1476 lampas
389 1437 446 1465 est
469 1428 652 1465 Christus
675 1428 850 1476 dirigens
883 1429 933 1464 ad
955 1427 1262 1476 ingrediendum
1285 1441 1357 1476 per
1378 1427 1525 1464 ostium

209 1487 296 1522 Joh.
341 1487 393 1533 X3
447 1487 609 1523 oculum
664 1495 798 1523 autem
848 1495 964 1523 vocat
1017 1486 1200 1523 Christus
1254 1485 1525 1523 intencionem

211 1543 377 1581 Matthei
409 1545 472 1590 VI,
506 1544 631 1581 Marci
664 1545 728 1591 IV,
763 1545 868 1581 Luce
899 1545 997 1589 VIII,
1031 1545 1103 1580 XIO
1137 1553 1174 1580 et
1206 1545 1311 1580 XVO.

268 1604 336 1638 Est
368 1611 503 1639 autem
537 1615 684 1651 corpus
726 1602 880 1639 morale
918 1601 1158 1639 universitas
1197 1614 1379 1650 operum,
1424 1603 1531 1638 unde

210 1662 326 1696 Rom.
359 1661 423 1706 VI,
470 1661 507 1706 6,
549 1668 589 1696 ut
622 1661 846 1697 destruatur
877 1672 1019 1709 corpus
1045 1660 1199 1710 peccati
1237 1669 1274 1696 et
1307 1661 1528 1697 secundum

155 1718 195 1749 25
213 1717 524 1754 Crisostomum:
570 1718 614 1754 Si
656 1719 877 1767 loqueretur
911 1718 956 1753 de
988 1719 1098 1754 oculo
1137 1718 1347 1768 corporali,
1389 1718 1532 1754 diceret

211 1788 327 1812 sanus
358 1783 424 1812 aut
455 1776 631 1826 infirmus
663 1784 698 1813 et
720 1788 792 1812 non
817 1776 986 1826 simplex
1007 1784 1072 1812 aut
1095 1788 1268 1825 nequam.
1305 1778 1374 1812 Est
1397 1785 1531 1813 autern

212 1833 390 1870 lucidum
435 1842 579 1880 totum,
632 1835 796 1883 quando
850 1834 969 1870 habet
1020 1834 1243 1871 bonitatem
1299 1843 1442 1871 nature
1495 1842 1533 1870 et

213 1891 349 1928 moris.

270 1951 326 1985 Ex
364 1950 440 1986 hoc
478 1957 586 1985 textu
624 1958 755 1997 potest
793 1949 921 1986 fidelis
959 1949 1208 1998 pertinenter
1245 1958 1387 1987 notare
1432 1962 1530 1998 quo-

156 2009 199 2041 30
214 2008 335 2043 modo
368 2006 461 2043 licet
494 2006 667 2044 dominis
700 2008 992 2056 temporalibus
1031 2017 1068 2044 et
1099 2007 1327 2056 specialiter
1359 2020 1529 2044 oneran-

212 2064 318 2101 tibus
351 2064 517 2101 clericos
549 2074 592 2101 ut
624 2066 818 2114 patronis,
852 2065 931 2102 sive
964 2065 1042 2102 sint
1075 2065 1249 2103 maiores
1282 2065 1416 2103 clerici
1448 2065 1529 2102 sive

215 2121 402 2169 minores,
443 2122 650 2160 caritative
688 2124 844 2160 auferre
883 2125 932 2160 ab
971 2123 1026 2160 eis
1064 2123 1305 2172 temporalia
1338 2136 1410 2172 per
1453 2136 1530 2172 que

213 2181 278 2216 lux
320 2180 482 2217 illorum
527 2181 786 2218 confunditur
818 2190 856 2218 et
888 2181 964 2230 ipsi
997 2194 1085 2218 cum
1129 2181 1401 2218 mundialibus
1434 2194 1533 2218 onu-

215 2246 383 2285 stantur,
408 2238 502 2287 quia
525 2239 774 2287 evangelium
798 2239 904 2275 istud
922 2239 1017 2276 dicit
1041 2249 1077 2276 et
1099 2241 1208 2288 quod
1232 2252 1340 2276 nemo
1362 2239 1535 2276 accendit

159 2295 199 2330 35
216 2296 412 2333 lucernam
446 2304 480 2333 et
507 2297 618 2346 ponit
649 2310 731 2333 eam
754 2298 822 2335 sub
846 2298 987 2345 modio,
1021 2297 1116 2346 quia
1138 2299 1360 2334 secundum
1386 2297 1534 2334 dictam

218 2354 512 2402 exposicionem
545 2354 761 2403 Augustini
795 2364 831 2392 et
865 2354 1103 2392 Crisostomi
1137 2357 1254 2392 debet
1286 2355 1454 2403 intelligi
1488 2357 1535 2391 de

218 2414 426 2449 sacerdote
459 2413 631 2450 habente
664 2414 792 2450 lucem
827 2414 877 2450 ad
904 2413 1063 2451 fidelem
1086 2414 1281 2462 populum
1309 2413 1350 2450 in
1371 2413 1535 2451 veritate

219 2470 313 2507 fidei
345 2470 642 2508 illustrandum.

290 2631 327 2650 12.
365 2624 411 2651 A:
450 2624 480 2651 z'n
510 2619 556 2651 Ξῖε
585 2623 668 2658 (sic);
703 2622 799 2659 festis
837 2623 867 2650 in
907 2628 992 2651 textu
1024 2623 1123 2658 deest3
1169 2624 1200 2651 in
1237 2632 1353 2658 marg.:
1399 2623 1533 2651 additur.

220 2663 258 2684 21.
280 2660 325 2685 A:
345 2657 414 2685 Joh.
434 2658 485 2686 IV.
557 2659 603 2686 26.
623 2659 666 2686 A:
687 2658 878 2693 simpliciter.
951 2657 992 2686 35.
1014 2659 1059 2686 A:
1079 2658 1163 2694 quod
1179 2659 1356 2686 secundum.

295 2752 344 2784 17.
371 2742 413 2773 Is.
427 2742 451 2781 Ι,
471 2752 521 2785 19·
596 2743 649 2775 25.
664 2743 913 2785 Crysostomus
929 2742 995 2784 Op.
1011 2743 1096 2784 Imp.
1111 2742 1216 2774 Hom.
1230 2743 1303 2782 XV,
1323 2742 1345 2773 1.
1360 2752 1387 2774 c.
1403 2753 1436 2784 p.
1450 2741 1470 2774 8
1482 2753 1486 2773 ι
1497 2741 1533 2773 6:

221 2787 384 2830 Alioquin
404 2788 577 2821 dixisset.-
605 2789 645 2821 Si
661 2788 780 2821 oculus
798 2793 879 2821 tuus
896 2788 1147 2831 sanusfuerit;
1172 2798 1263 2821 nunc
1280 2792 1400 2822 autem
1420 2788 1536 2820 dixit:

224 2834 388 2874 Simplex
413 2838 448 2867 et
473 2844 634 2876 nequam.
732 2836 785 2876 34.
813 2835 928 2867 Lucae
952 2835 1008 2874 XI,
1036 2835 1088 2868 33.

1736 224 1809 258 109

1598 332 1656 360 We
1678 341 1748 368 may

1552 369 1740 395 understand
1763 368 1802 404 by

1575 404 1597 430 it
1617 411 1675 438 any
1697 404 1769 441 h0¹X

1535 446 1647 472 person
1663 446 1699 465 or
1713 442 1813 465 aenon

1510 472 1518 488 ⁷
1553 473 1582 499 lit
1602 477 1632 499 to
1654 481 1740 500 serve
1760 481 1793 499 as

1570 516 1607 534 an
1629 508 1777 543 example.

1576 1378 1774 1405 Zachariah's

1559 1413 1747 1440 candlestick
1766 1413 1792 1439 is

1576 1449 1625 1475 the
1647 1447 1782 1475 Cburch.

1571 1958 1707 1994 Laymen
1728 1966 1799 1994 may

1592 1994 1701 2021 relieve
1722 1995 1771 2021 the

1555 2028 1657 2064 clergy
1677 2030 1712 2056 of
1727 2029 1807 2056 their

1585 2064 1782 2098 superfluous

1569 2099 1801 2133 temporalities.
