2003 3322
220 198 310 228 CAP.
330 188 484 242 xtvm]
696 201 907 233 SECUNDA
935 201 1060 232 PARS.

219 321 371 358 aurum,
395 316 615 359 argentum,
647 308 883 353 vestimenta,
916 308 1064 353 domus,
1092 307 1368 356 possessiones,
1403 319 1533 343 omnes

218 367 361 416 species
412 368 584 403 ciborum
637 373 673 401 et
710 373 870 415 potuum
922 372 958 400 et
1001 365 1128 401 omnia
1169 365 1349 415 artificia,
1402 377 1533 401 omnes

219 425 521 475 negociaciones,
562 424 714 470 milicie,
753 423 919 459 honores
950 430 986 458 et
1018 423 1196 471 quicquid
1228 423 1263 458 in
1296 423 1425 458 seculo
1465 430 1532 469 est,

217 483 320 532 quod
357 491 423 518 aut
461 483 582 519 visum
623 482 789 517 delectat
825 488 891 516 aut
923 480 1095 516 auditum
1129 488 1195 516 aut
1227 481 1433 516 odoratum
1467 488 1534 516 aut

185 543 374 590 Sgustum
407 548 473 576 aut
503 547 646 576 tactum
681 539 739 575 vie
765 538 1002 587 pet-dicionis
1033 546 1133 585 sunt,
1174 550 1247 574 non
1276 539 1363 588 quia
1403 551 1533 574 omnes

216 598 284 647 qui
319 599 518 634 ambulant
554 598 591 633 in
629 597 705 633 illis
744 597 857 632 rebus
883 603 1047 646 peccant
1078 596 1147 632 sed
1179 596 1267 644 quia
1300 608 1431 632 omnes
1464 596 1533 632 iste

219 668 281 692 res
312 657 364 692 ad
389 664 590 705 peccatum
624 654 869 704 compellunt.

283 714 350 750 Via
388 722 513 750 autem
547 713 622 750 vite
652 720 820 763 angusta
858 719 925 758 est,
963 711 1051 761 quia
1091 724 1165 747 una
1205 711 1349 760 species
1382 719 1450 758 est,
1494 712 1534 747 id

218 779 286 818 est,
318 772 550 808 abstinencia
583 771 751 807 omnium
785 782 929 806 rerum.
970 769 1047 813 Qui
1082 769 1179 805 enim
1218 777 1376 817 separat
1413 781 1454 805 se
1485 770 1531 805 ab

165 842 203 863 10
218 830 390 866 omnibus
422 830 536 866 rebus
567 829 655 875 illis,
694 828 883 864 salvatur.
929 827 1017 863 Non
1058 827 1232 873 dicimus,
1277 827 1363 875 quia
1403 839 1533 864 omnes

217 887 282 935 qui
309 895 399 923 sunt
428 888 465 923 in
497 887 587 933 illis,
615 893 791 936 pereunt,
823 886 892 921 sed
914 885 1089 933 quoniam
1114 886 1196 933 quis
1219 893 1383 933 epar-ant
1413 897 1454 921 se
1486 886 1532 921 ab

217 945 281 991 eis,
312 958 441 982 omnes
462 946 680 982 salvantur.
716 945 912 993 Separant
944 950 1070 978 autem
1103 955 1144 979 se
1176 956 1248 979 non
1279 955 1444 992 corpore
1465 944 1534 978 sed

215 1003 357 1050 animo,
405 1016 477 1040 non
521 1004 604 1039 loco
647 1003 716 1038 sed
758 1009 856 1038 actu.
908 1001 1011 1036 Nam
1056 1001 1231 1050 quamvis
1275 1001 1357 1049 quis
1401 1001 1450 1037 sit
1496 1001 1531 1036 in

216 1062 370 1107 mundo,
404 1074 476 1097 non
511 1061 665 1097 videtur
695 1072 777 1096 esse
808 1059 843 1095 in
877 1059 1020 1095 mundo
1043 1059 1107 1107 qui
1134 1071 1206 1095 non
1229 1059 1352 1094 utitur·
1374 1059 1531 1095 mundo.

164 1120 300 1155 15Hec
333 1119 617 1155 Crisostomus.

272 1176 439 1213 Videtur
477 1176 597 1213 istum
638 1184 823 1212 sanctum
864 1188 907 1211 ex
946 1174 1021 1211 hiis
1053 1173 1182 1210 verbis
1217 1173 1365 1210 Christi
1399 1173 1533 1210 conci-

216 1246 310 1282 pere
343 1236 455 1283 quod
488 1236 565 1270 due
597 1243 690 1270 sunt
721 1234 782 1270 vie
814 1233 1041 1282 spirituales
1075 1231 1219 1280 quibus
1254 1231 1407 1279 regitur
1439 1244 1533 1280 que-

216 1292 312 1329 libet
344 1292 598 1329 conversacio
630 1292 845 1336 viatorum,
887 1291 1019 1339 prima
1058 1290 1121 1326 via
1155 1298 1212 1326 est
1245 1299 1413 1337 angusta
1453 1303 1532 1338 qua

216 1350 371 1386 venitur
414 1352 465 1388 ad
509 1350 696 1399 patriam,
743 1358 779 1386 et
823 1350 999 1385 secunda
1041 1347 1106 1384 via
1151 1347 1301 1384 diaboli
1347 1356 1404 1384 est
1451 1348 1532 1384 lata

160 1420 202 1441 20
217 1421 295 1457 qua
335 1408 589 1445 descenditur
627 1409 677 1444 ad
715 1420 861 1456 penam
901 1414 1150 1455 perpetuam.
1190 1405 1359 1442 Videtur
1398 1414 1532 1442 autem

218 1466 429 1514 concipere
452 1468 560 1515 quod
585 1468 661 1502 dux
684 1465 814 1514 prime
836 1465 897 1502 vie
921 1473 978 1501 est
1002 1463 1189 1500 dominus
1206 1465 1317 1500 Jesus
1334 1463 1531 1508 Christus,

215 1533 252 1560 et
299 1537 371 1560 sua
414 1524 473 1561 lex
513 1533 571 1560 est
615 1525 752 1571 regula
790 1535 866 1572 que
904 1523 1007 1559 hanc
1044 1521 1149 1558 viam
1191 1530 1390 1570 angustat,
1436 1523 1530 1558 dum

216 1590 309 1618 sunt
340 1582 381 1618 in
413 1583 490 1619 hoc
522 1583 656 1618 seculo
690 1589 982 1618 conversantes.

273 1639 430 1676 Dicitur
474 1648 609 1677 autem
655 1648 824 1688 angusta
866 1647 1032 1687 propter
1085 1637 1386 1674 coartacionem
1438 1650 1529 1674 vere

160 1702 199 1734 25
215 1697 311 1745 legis
336 1698 498 1734 Domini
523 1710 599 1746 que
626 1710 707 1734 non
736 1697 830 1733 sinit
851 1697 1005 1733 viantes
1035 1708 1105 1745 per
1129 1708 1215 1732 eam
1240 1707 1311 1743 per
1332 1695 1528 1732 viciorum

214 1756 424 1792 volutabra
468 1755 644 1804 evaga1·i;
694 1764 731 1792 et
769 1755 825 1792 sic
863 1754 1021 1791 videtur
1061 1755 1168 1803 quod
1208 1755 1339 1790 solum
1376 1753 1528 1790 viantes

216 1815 435 1850 secundum
490 1822 639 1850 sectam
683 1825 782 1861 pure
835 1813 1095 1849 christianam
1149 1812 1358 1848 ambulant
1410 1811 1527 1848 istam

215 1871 340 1918 viam;
387 1880 424 1907 et
463 1871 565 1908 sicut
598 1871 694 1907 dicit
726 1871 799 1908 iste
838 1879 1013 1917 sanctus,
1056 1869 1219 1918 quidam
1254 1869 1294 1905 in
1327 1869 1528 1918 principio

217 1929 376 1965 deviant
420 1930 469 1966 ab
512 1931 587 1966 hac
631 1929 706 1975 via,
758 1937 803 1965 ut
846 1928 1026 1977 gentiles,
1072 1927 1266 1973 infideles,
1311 1927 1437 1973 Judei,
1492 1937 1529 1964 et

160 1993 201 2024 30
217 1987 407 2023 Saraceni
453 2000 543 2024 cum
585 1987 671 2024 aliis
710 1987 778 2035 qui
817 1999 839 2023 a
876 1986 1075 2034 principio
1108 1998 1187 2034 quo
1221 1985 1406 2033 concepti
1438 1994 1529 2022 sunt

215 2045 255 2081 in
299 2045 474 2093 peccatis
519 2054 654 2082 errant
698 2044 888 2081 continue
933 2045 973 2080 in
1026 2056 1255 2092 progressu,
1308 2043 1403 2091 quia
1447 2056 1529 2079 non

215 2104 364 2139 habent
403 2103 653 2151 spiritualem
693 2104 860 2139 odorem
894 2102 1055 2148 Christi,
1096 2101 1163 2150 qui
1203 2110 1260 2137 est
1299 2102 1376 2136 dux
1414 2100 1529 2137 istius

217 2161 409 2197 exercitus
438 2161 638 2197 tendentis
667 2161 718 2196 ad
741 2161 927 2208 patriam.
962 2162 1009 2196 Et
1033 2159 1088 2196 sic
1111 2159 1339 2206 intelligunt
1363 2158 1527 2206 quidam

216 2219 321 2255 istud
355 2220 450 2256 Gen.
472 2220 623 2265 XXVII,
649 2229 699 2266 27
736 2217 954 2266 figuraliter
987 2217 1138 2253 dictum
1173 2218 1220 2253 de
1252 2218 1392 2253 Jacob:
1426 2217 1530 2253 Ecce

161 2279 200 2313 35
216 2277 407 2326 odorfilii
427 2277 511 2323 mei,
543 2277 641 2313 sicut
663 2277 761 2312 odor
782 2275 1001 2326 agripleni
1025 2275 1087 2311 cui
1107 2275 1302 2311 benedixit
1323 2275 1526 2311 Dominus.

218 2334 389 2379 Quidam
445 2343 579 2371 autem
632 2333 831 2382 incipiunt
881 2333 921 2369 in
967 2333 1043 2369 ista
1089 2332 1153 2369 via
1196 2345 1273 2380 que
1321 2332 1431 2369 ducit
1478 2334 1528 2368 ad

216 2391 402 2439 patriam,
436 2393 504 2428 sed
539 2405 581 2428 ex
615 2404 749 2428 errore
782 2391 964 2427 ducentis
999 2390 1122 2427 cicius
1156 2398 1384 2438 evagantur,
1425 2390 1528 2427 sicut

215 2449 388 2486 viventes
432 2449 472 2485 in
519 2450 592 2486 hiis
638 2449 755 2485 sectis
800 2458 974 2498 quatuor
1020 2457 1057 2484 et
1101 2448 1332 2496 quicunque
1380 2448 1420 2484 in
1464 2448 1527 2485 via

215 2507 311 2555 legis
357 2507 520 2544 Domini
567 2507 740 2544 finaliter
783 2520 865 2543 non
916 2514 1182 2555 perseverant.
1238 2508 1287 2542 Et
1338 2505 1413 2542 ista
1463 2506 1526 2542 via

159 2564 361 2609 40dicitur
403 2565 496 2611 lata,
548 2565 651 2601 sicut
696 2566 931 2611 (secundum
969 2563 1243 2609 Aristotelem)
1290 2575 1402 2600 error
1445 2577 1525 2612 quo

216 2622 398 2659 deviatur
436 2636 458 2659 a
497 2631 605 2659 meta
641 2623 796 2660 variare
835 2622 983 2670 poterit
1023 2622 1158 2658 multis
1199 2621 1347 2667 modis;
1393 2630 1430 2657 et
1470 2621 1524 2657 sic

283 2821 325 2847 14.
345 2815 375 2840 A
393 2814 424 2840 in
446 2821 559 2848 marg:
579 2813 746 2841 Johannes.
820 2812 863 2848 37,
885 2811 916 2840 35
948 2814 992 2841 A:
1013 2813 1057 2839 sic
1075 2813 1218 2839 viventes.

1576 718 1643 746 The
1664 726 1787 758 narrow

1630 761 1698 789 way
1721 762 1746 781 is

1591 788 1778 816 abstinence.

1589 1643 1672 1680 Only
1691 1644 1778 1671 those

1596 1679 1668 1705 who
1688 1680 1768 1706 walk

1573 1713 1742 1749 according
1761 1719 1791 1740 to

1575 1748 1708 1775 Christ's
1729 1754 1792 1776 sect

1613 1784 1689 1818 keep
1709 1783 1759 1810 the

1573 1826 1697 1845 narrow
1715 1826 1793 1854 way.

1577 2396 1671 2424 Some
1691 2401 1774 2433 stray

1553 2431 1633 2458 from
1654 2432 1704 2459 the
1724 2440 1803 2468 way.
