2003 3322
192 221 274 266 426
903 229 1022 260 OPUS
1046 229 1383 261 EVANGELICUM
1562 217 1670 272 [CAP.
1691 227 1798 255 xmx.

481 347 566 370 eum
604 335 858 371 christianum
892 335 1060 382 estimas,
1094 336 1140 371 de
1171 348 1244 385 quo
1274 335 1452 372 Christus
1484 336 1552 372 tibi
1585 337 1797 384 mandavit,

481 392 569 441 quia
600 393 833 429 christianus
864 405 936 429 non
969 400 1046 438 est,·
1077 405 1185 442 quem
1208 394 1316 429 Deus
1346 406 1458 429 suum
1492 407 1565 430 non
1596 394 1799 444 confitetur

205 459 285 486 How
307 460 449 498 tossnow
470 451 616 501 filium,
649 458 688 486 tu
719 451 910 500 quomodo
944 451 1098 487 estimas
1130 451 1199 487 tibi
1218 451 1430 499 fratrem?
1462 452 1540 487 Sed
1559 453 1677 500 forte
1705 452 1799 489 dicis

189 495 266 522 false
291 496 465 521 chr1st1ans.
482 509 672 557 quomodo
701 521 860 558 possum
895 509 1023 545 dicere
1054 509 1163 545 illum
1188 521 1261 545 non
1284 521 1365 545 esse
1398 510 1664 557 christianum,
1689 522 1797 559 quem

482 567 591 602 video
629 567 825 603 Christum
859 567 1113 617 confitentem,
1152 567 1279 603 altare
1310 568 1523 614 habentem,
1564 566 1832 618 sacrificium5

476 624 591 674 panis
614 632 650 661 et
672 625 750 661 vini
771 626 1007 674 offerentem,
1037 625 1310 678 baptizantem,
1333 626 1553 675 scripturas
1575 633 1798 662 sanctorum

481 683 685 733 legentem,
709 695 859 719 omnem
884 683 1058 719 ordinem
1074 683 1292 719 sacerdocii
1304 683 1517 721 habentem.
1550 684 1616 720 Vir
1629 684 1796 733 sapiens,

479 741 514 776 si
549 753 621 776 non
661 741 867 790 confitetur
904 741 1103 777 Christum
1143 749 1178 778 et
1215 742 1423 789 manifesta
1463 749 1559 778 esset
1600 742 1800 792 gentilitas

480 799 582 834 illius
609 806 645 834 et
676 799 923 835 seducebaris
951 799 987 834 in
1016 811 1114 845 eam,
1144 799 1292 835 insania
1323 807 1408 836 erat
1436 811 1509 848 qua
1539 800 1797 838 seducebaris.

481 857 594 892 Nunc
626 864 766 903 autem,
799 857 885 906 quia
919 857 1121 906 confitetur
1154 857 1350 893 Christum
1382 858 1451 893 sed
1482 870 1554 894 non
1586 859 1640 894 sic
1672 869 1800 906 quem-
1821 866 1859 890 ¹0

481 915 691 951 admodum
730 915 909 951 Christus
947 915 1157 960 mandavit,
1200 915 1443 966 negligencie
1480 923 1542 952 tue
1579 924 1645 963 est,
1683 916 1718 952 si
1753 916 1799 952 ab

481 985 523 1009 eo
546 973 759 1010 seducaris.
790 973 868 1016 Qui
888 973 985 1010 enim
1009 973 1045 1009 in
1069 973 1258 1010 occultam
1273 974 1437 1022 foveam
1463 974 1578 1021 cadit,
1596 974 1800 1024 negligens

483 1031 636 1078 dicitur,
681 1031 767 1080 quia
812 1044 886 1068 non
930 1039 1040 1068 caute
1066 1032 1296 1081 prospexit;
1338 1032 1403 1080 qui
1438 1039 1565 1068 autem
1604 1032 1640 1068 in
1679 1032 1801 1068 mani-

471 1090 622 1138 festam
645 1089 810 1138 foveam
849 1090 965 1132 cadit,
1003 1102 1076 1125 non
1115 1090 1320 1140 negligens
1351 1090 1494 1126 dicitur
1523 1091 1593 1127 sed
1630 1090 1799 1128 insanus.

489 1148 605 1191 Quod
631 1154 758 1183 autem
784 1148 830 1183 de
862 1147 1105 1183 multitudine
1136 1148 1483 1184 ecclesiasticorum
1517 1148 1799 1199 mysteriorum
1820 1146 1857 1178 15

485 1205 632 1252 dixisti,
672 1205 744 1242 hoc
783 1206 877 1241 audi
913 1217 1164 1255 responsum:
1202 1206 1392 1250 Quoniam
1426 1213 1461 1242 et
1492 1206 1602 1242 simia
1636 1205 1801 1242 hominis

485 1263 611 1299 omnia
650 1263 764 1299 habet
806 1264 981 1300 membra
1020 1271 1055 1299 et
1087 1276 1163 1312 per
1206 1264 1331 1299 omnia
1377 1264 1567 1300 hominem
1612 1264 1800 1311 imitatur,

485 1321 670 1370 numquid
701 1329 912 1371 propterea
958 1322 1141 1358 dicendus
1178 1329 1234 1358 est
1277 1322 1422 1357 homo?
1468 1322 1531 1358 Sic
1575 1329 1610 1358 et
1653 1322 1801 1358 heresis

486 1380 613 1416 omnia
636 1379 792 1416 ecclesie
814 1380 986 1416 misteria
1019 1380 1131 1415 hahet
1163 1387 1199 1416 et
1225 1380 1401 1416 imitatur
1421 1380 1606 1426 misteria,
1630 1380 1699 1416 sed
1727 1393 1800 1416 non

484 1445 572 1474 sunt
604 1438 771 1476 ecclesie.
1818 1446 1860 1468 20

229 1503 390 1542 Attenfion
410 1503 436 1530 is
546 1496 694 1532 Deinde
714 1496 838 1532 sciens
859 1495 1051 1532 Dominus
1073 1496 1159 1545 quia
1182 1508 1255 1532 non
1285 1503 1397 1532 erant
1419 1495 1618 1544 manifesti
1636 1496 1803 1547 gentiles

248 1539 401 1574 reqmred.
485 1555 554 1590 sed
567 1554 783 1591 absconditi
801 1554 870 1590 suh
885 1554 1095 1591 christiano
1119 1553 1280 1599 nomine,
1303 1554 1379 1590 iam
1403 1566 1475 1590 non
1500 1554 1620 1590 dixit:
1634 1555 1803 1604 Aspicite

484 1613 553 1648 sea'
573 1612 777 1648 Attendite.
811 1612 995 1661 Aspicere
1025 1612 1123 1648 enim
1157 1619 1213 1648 est
1242 1612 1469 1661 simpliciter
1498 1612 1650 1658 videre;
1681 1619 1802 1649 atten-

487 1671 579 1706 dere
610 1678 735 1706 autem
771 1678 825 1706 est
856 1677 966 1706 caute
998 1671 1268 1714 considerare,·
1298 1670 1363 1706 ubi
1392 1670 1488 1705 enim
1523 1677 1627 1706 certa
1661 1683 1725 1707 res
1747 1678 1802 1707 est

485 1736 521 1764 et
552 1728 812 1764 indubitabilis
843 1728 1052 1777 aspicitur,·
1083 1728 1147 1764 ubi
1176 1735 1301 1764 autem
1334 1728 1479 1764 incerta
1513 1735 1547 1763 et
1580 1729 1800 1765 dubitabilis
1818 1727 1857 1759 25

485 1786 710 1824 attenditur.
743 1786 874 1822 Sciens
905 1798 1003 1836 ergo
1042 1786 1233 1832 Christus,
1267 1786 1352 1834 quia
1385 1793 1441 1822 est
1479 1786 1515 1821 in
1548 1786 1625 1822 illis
1656 1787 1802 1835 aliquid

485 1845 587 1893 quod
614 1844 722 1880 aliud
738 1857 815 1893 pro
845 1844 921 1880 alio
952 1844 1116 1891 videtur,
1149 1844 1258 1879 aliud
1286 1844 1451 1893 desuper
1477 1844 1662 1892 positum,
1695 1845 1802 1880 aliud

485 1903 688 1949 inclusum,
719 1902 803 1938 ideo
834 1902 954 1938 dixit:
984 1902 1189 1948 Attendite,
1214 1909 1254 1937 ut
1274 1902 1375 1938 scias
1398 1902 1484 1951 quia
1507 1914 1579 1937 non
1602 1903 1804 1952 corporali

487 1967 643 2010 aspectu
676 1961 946 1996 attendendum
981 1967 1038 1996 est
1068 1961 1138 1996 sed
1160 1960 1369 2010 vigilancia
1397 1960 1604 2009 spirituali.
1638 1961 1682 1995 Si
1701 1961 1798 1996 enim

486 2018 749 2068 corporaliter
795 2019 882 2054 illos
928 2018 1108 2067 aspicias,
1152 2030 1390 2068 cognoscere
1432 2030 1505 2054 non
1544 2026 1668 2067 potes,
1712 2018 1800 2067 quia
1817 2017 1858 2049 30

484 2084 653 2113 scemata
698 2076 991 2113 christianitatis
1035 2077 1184 2112 hahent.
1238 2077 1341 2112 Nam
1379 2076 1551 2112 homines
1585 2076 1801 2125 passibiles,

485 2135 677 2184 quomodo
735 2134 898 2184 potestis
954 2134 1087 2170 videre
1142 2134 1341 2170 mendacia
1388 2134 1561 2170 veritatis
1614 2134 1802 2171 velamine

488 2192 703 2242 cooperta?

206 2269 243 2295 )o
288 2269 346 2296 ood
368 2271 472 2298 works
545 2250 720 2286 Primum
760 2262 857 2300 ergo
903 2250 1174 2286 attendendum
1221 2257 1275 2285 est
1313 2262 1389 2299 per
1431 2261 1549 2298 opera
1594 2250 1704 2287 bona.
1759 2250 1803 2285 Si

214 2306 461 2367 laegrnyssufflgxlw
488 2309 584 2345 enim
616 2320 734 2357 opera
769 2308 915 2345 iusticie
935 2308 1112 2357 facimus
1144 2315 1178 2343 et
1209 2320 1231 2343 a
1265 2308 1369 2343 nullo
1402 2319 1540 2343 errore
1572 2306 1855 2356 decipimur,35

244 2374 327 2400 truth
349 2374 429 2402 from
489 2374 524 2403 et
567 2367 640 2416 ipsi
684 2378 831 2402 omnem
870 2367 1054 2402 sentimus
1098 2377 1288 2401 errorem.
1334 2365 1434 2401 Nam
1474 2365 1556 2414 ipsa
1602 2377 1665 2401 res
1696 2365 1801 2413 facit

291 2416 386 2436 error.
489 2437 628 2461 errare
660 2437 730 2473 que
751 2425 856 2473 facit
895 2424 1056 2460 alterius
1089 2435 1265 2460 errorem
1298 2435 1371 2459 non
1403 2435 1651 2473 cognoscere.
1697 2423 1799 2459 Nam

486 2483 551 2532 qui
582 2495 655 2518 non
688 2483 887 2533 cognoscit
919 2482 1159 2518 mendacium
1183 2481 1357 2528 alterius,
1389 2493 1499 2517 suam
1523 2493 1596 2517 non
1619 2481 1801 2531 intelligit

488 2541 703 2578 veritatem.
756 2541 871 2591 Ergo
917 2540 1099 2589 quamdiu
1144 2551 1262 2588 opera
1308 2540 1405 2575 hona
1438 2539 1627 2588 facimus,
1676 2539 1799 2588 ipsum

487 2599 613 2635 lumen
647 2598 793 2634 iusticie
823 2606 911 2634 ante
942 2599 1073 2634 oculos
1106 2605 1258 2633 nostros
1289 2597 1469 2646 adaperit
1491 2597 1703 2632 veritatem.
1738 2596 1801 2632 Sic
1813 2606 1858 2637 40

559 2753 585 2779 7,
607 2744 633 2770 8.
656 2744 694 2771 ss:
723 2744 771 2771 Vir
790 2744 914 2783 sapiens
933 2744 974 2770 sis
993 2743 1028 2769 si.
1137 2750 1166 2777 ς).
1188 2743 1226 2782 Β]
1248 2743 1279 2769 in
1300 2742 1394 2781 illam.
1504 2748 1541 2769 12.
1562 2742 1608 2768 Az
1634 2740 1799 2781 seduceris.

490 2778 780 2840 Ξιῗρῡῇαὲὲῃξῃὲἑὲὲὲ.
794 2778 936 2846 Qum-525?
946 2778 1410 2840 ‘213fessdfsei{22352²‘²553⁸p²⁰³⁷3³5.
1432 2811 1460 2838 A
1471 2775 1518 2838 2²32
1536 2777 1801 2845 sse‘esspffssffiff.

489 2848 533 2877 38,
555 2850 598 2877 A:
621 2856 681 2877 non
702 2848 795 2879 deest.
