2003 3322
215 218 304 246 CAP.
326 209 453 263 xxiv]
729 220 869 252 PRIMA
896 221 1022 252 PARs.
1771 211 1820 248 83

216 329 313 363 diem
338 328 469 364 iudicii
490 329 562 364 lux
584 328 671 363 lune
693 328 766 364 erit
798 335 837 363 ut
860 328 931 363 lux
953 328 1070 372 solis,·
1101 335 1138 363 et
1162 335 1315 363 certum
1341 335 1398 362 est
1423 328 1531 375 quod

215 385 374 421 interim
413 398 494 422 non
534 385 691 422 deficiet
729 395 814 421 tum
860 393 1024 433 propter
1065 385 1204 420 mundi
1245 384 1529 432 indigenciam,

213 452 297 479 tum
361 452 526 491 propter
594 443 784 480 contrarii
846 443 1087 480 carenciam.
1158 444 1531 491 Correspondenter
1557 449 1736 490 Like-light,
1757 451 1806 477 the

213 501 439 549 spirituales
462 501 503 537 in
525 501 694 538 ecclesia
712 500 898 537 omnibus
917 501 1117 537 debitores
1141 509 1245 546 sunt,
1270 510 1313 536 ut
1337 502 1530 536 merendo
1545 485 1822 555 ΟΙΕζἜέΙῙὲῒ-ῗῖοῖζω

180 559 449 607 Sproficiunt3
484 561 599 595 Rom.
633 561 659 604 I,
701 572 761 605 14,
797 559 893 595 dicit
924 560 1160 607 Apostolus:
1208 559 1452 607 Sapientibus
1496 566 1531 594 et
1661 557 1709 583 a1l.

213 617 474 666 insipientibus
506 618 656 653 debitor·
694 629 800 662 sum,·
842 618 910 653 sed
950 621 1007 663 (ut
1046 617 1142 653 dicit
1181 618 1296 653 Rom.
1328 618 1426 661 VIII,
1468 622 1529 661 12)

213 687 285 711 non
315 675 437 722 carni,
472 682 512 710 ut
534 676 741 711 secundum
766 687 921 711 carnem
946 675 1134 722 vivamus,
1166 675 1236 711 sed
1269 674 1531 722 spiritualiter

213 734 406 770 debemus
450 733 561 769 omni
607 742 789 770 creature
832 732 1029 780 proficere
1073 732 1200 769 instar
1231 732 1416 780 Apostoli
1461 731 1531 780 qui

214 792 261 827 de
293 803 334 828 se
366 790 453 839 ipso
487 790 583 827 dicit
616 793 641 826 Ι.
677 792 768 827 Cor.
802 792 865 837 IX,
900 800 971 827 22:
1025 790 1210 827 Omnibus
1242 791 1369 826 omnia
1392 790 1533 839 factus

159 864 198 885 10
212 861 309 885 sum.
342 849 434 885 Fuit
466 848 571 885 enim
606 849 786 885 medicus
817 848 1034 885 Timotheo
1067 850 1108 894 (I.
1142 849 1247 885 Tim.
1274 850 1341 893 V):
1374 848 1532 884 Modico

213 907 299 943 vino
333 914 441 942 utere
466 914 635 956 propter
665 914 894 952 stomacum,
927 919 1035 943 nunc
1068 915 1192 943 nauta
1224 907 1326 952 (Act.
1363 907 1530 952 XXVII),

211 977 319 1001 nunc
362 964 570 1013 operarius
616 964 815 1001 manualis
860 966 963 1012 (Act.
1004 966 1138 1011 XVII),
1182 977 1288 1001 nunc
1333 963 1531 1012 poleticus

212 1023 454 1071 appellando
505 1024 693 1059 Cesarem
749 1024 852 1068 (Act.
900 1024 1050 1069 XXIV),
1104 1035 1212 1059 nunc
1264 1022 1532 1070 philosophus

213 1080 457 1129 disputando
491 1093 581 1117 cum
613 1080 927 1117 Atheniensibus
961 1082 1063 1128 (Act.
1097 1082 1228 1127 XVII),
1261 1093 1368 1116 nunc
1401 1080 1533 1128 predi-

159 1143 325 1177 15cator
359 1139 463 1185 (Act.
496 1140 609 1185 XIII),
655 1151 762 1175 nunc
796 1138 1083 1175 miraculorum
1117 1139 1247 1175 factor
1280 1139 1382 1184 (Act.
1416 1140 1531 1185 XIX),

211 1209 317 1233 nunc
348 1196 621 1245 indigencium
656 1205 896 1245 procurator
934 1198 976 1242 (I.
1011 1198 1101 1235 Cor.
1136 1197 1250 1241 XVI),
1294 1209 1401 1233 nunc
1440 1206 1532 1244 pro-

211 1256 333 1302 pheta
366 1255 469 1300 (Act.
502 1256 674 1301 XXVII);
709 1264 746 1291 et
778 1254 834 1291 sic
858 1254 1099 1302 generaliter
1121 1254 1310 1291 omnibus
1333 1254 1531 1291 lucrifecit

210 1321 255 1349 ut
287 1314 314 1350 Ι.
349 1313 440 1349 Cor.
474 1314 537 1359 IX,
572 1323 643 1349 22:
667 1313 806 1362 factus
842 1325 926 1349 sum
966 1321 1040 1349 etc.
1082 1314 1131 1348 Et
1164 1312 1532 1361 proporcionaliter

212 1372 403 1407 debemus
444 1383 517 1407 nos
556 1371 666 1407 omni
707 1379 889 1407 creature
928 1371 1125 1419 proficere
1163 1370 1338 1407 iuvando
1386 1370 1529 1407 merito

155 1444 197 1465 20
211 1438 346 1465 sancte
390 1428 482 1476 vite,
536 1429 630 1477 quia
678 1428 889 1465 deficiente
942 1428 1174 1465 huiusmodi
1228 1429 1530 1475 communione,

211 1487 452 1523 iniuriamur
485 1486 647 1523 cuilibet
682 1495 864 1523 creature
897 1488 1173 1523 subtrahendo
1207 1486 1400 1523 debitum.

268 1547 317 1580 Et
349 1546 482 1593 quoad
515 1545 785 1581 extensionem
821 1545 933 1592 situs,
979 1558 1069 1581 cum
1110 1546 1233 1581 homo
1274 1544 1441 1581 interior
1480 1544 1530 1580 sit
1546 1552 1602 1579 His
1622 1553 1690 1580 love
1710 1554 1821 1580 should

210 1602 442 1651 ubicunque
494 1603 682 1649 afficitur,
733 1611 843 1651 patet
888 1604 997 1651 quod
1041 1603 1240 1651 perfectus
1280 1602 1320 1638 in
1364 1603 1531 1639 caritate
1568 1588 1677 1614 extend
1698 1593 1729 1615 to
1750 1589 1798 1623 au,

211 1662 329 1697 debet
373 1662 679 1709 quodammodo
727 1673 810 1697 esse
856 1661 1018 1709 ubique,
1064 1661 1159 1709 quia
1205 1661 1452 1697 ambulando
1491 1660 1531 1696 in

154 1718 273 1756 25via
312 1718 558 1765 dileccionis,
605 1728 764 1766 oportet
809 1720 918 1767 quod
962 1719 1131 1756 dileccio
1171 1720 1358 1755 extendat
1396 1731 1436 1755 se
1482 1720 1532 1754 ad

212 1789 364 1823 omnes,
388 1777 547 1813 Psalmo
571 1778 738 1823 CXVIII,
765 1778 835 1824 96:
862 1778 1002 1812 Latum
1027 1778 1252 1813 mandatum
1276 1785 1382 1812 tuum
1407 1777 1531 1813 nimis.

214 1837 319 1871 Deus
343 1835 449 1871 enim
472 1835 650 1883 precepit
674 1835 824 1872 amicos
858 1848 880 1871 a
913 1835 1060 1871 dextris
1094 1844 1131 1872 et
1162 1835 1348 1871 inimicos
1381 1848 1403 1871 a
1437 1834 1534 1870 sini-

213 1892 304 1929 stris
336 1893 462 1941 diligi,
503 1893 670 1930 Matthei
701 1895 746 1929 V.
795 1895 844 1929 Et
888 1902 1037 1929 certum
1089 1902 1146 1929 est
1184 1894 1295 1941 quod
1339 1894 1530 1929 debemus

213 1953 341 1987 Deum
383 1964 503 1998 supra
546 1964 619 1988 nos
660 1951 824 1999 diligere
863 1960 900 1987 et
939 1951 979 1987 in
1018 1963 1064 1987 eo
1105 1951 1281 1999 singulas
1327 1960 1531 1988 creaturas

156 2014 197 2046 30
213 2010 281 2045 sed
325 2009 498 2057 amplius
543 2009 717 2047 celestia.
771 2012 819 2045 Et
860 2009 915 2045 sic
955 2009 1166 2058 exponitur
1210 2009 1308 2045 illud
1346 2008 1531 2057 Apostoli

213 2067 386 2115 Philipp.
420 2069 481 2113 ΙΙΙ,
518 2077 589 2104 20:
623 2069 771 2103 Nostra
805 2068 1053 2104 conversacio
1086 2068 1121 2103 in
1154 2067 1245 2104 celis
1276 2074 1343 2105 est.
1384 2067 1532 2103 Anima

212 2125 317 2160 enim
363 2124 495 2162 verius
548 2134 605 2162 est
656 2125 725 2162 ubi
771 2125 945 2162 afficitur
993 2138 1113 2174 quam
1153 2125 1223 2161 ubi
1267 2133 1402 2161 actuat
1447 2125 1531 2161 sine

211 2182 361 2219 actuati
393 2182 623 2229 affeccione,
659 2192 696 2220 et
724 2192 820 2220 tunc
849 2184 1217 2232 comprehendemus
1245 2195 1328 2219 cum
1358 2184 1532 2219 omnibus

210 2241 352 2277 sanctis
384 2249 458 2278 etc.

155 2302 195 2336 35
270 2300 318 2334 Et
341 2300 473 2347 quoad
496 2299 817 2335 durabilitatem:
852 2299 954 2335 Ecce
985 2299 1133 2335 caritas
1158 2311 1351 2348 nunquam
1385 2299 1531 2335 excidit
1563 2306 1622 2333 and
1644 2311 1727 2335 must
1743 2307 1805 2347 ‘last

212 2358 238 2392 Ι.
285 2357 376 2393 Cor.
415 2358 513 2402 XIII,
560 2358 597 2393 8.
656 2358 772 2393 Unde
816 2356 918 2393 sicut
962 2357 1114 2393 claudit
1161 2356 1527 2394 contradiccionem
1556 2341 1808 2412 fgfiass}⁷t}s'n⁵e¹v¹³e⁰re

93 2417 174 2451 363²*
212 2422 436 2451 creaturam
471 2415 646 2463 aliquam
681 2427 764 2451 esse
796 2415 881 2451 sine
914 2414 1080 2461 lumine,
1121 2414 1177 2451 sic
1210 2423 1248 2451 et
1281 2411 1286 2468 Ι
1322 2415 1527 2451 hominem
1642 2412 1721 2439 fails.

211 2484 297 2508 esse
329 2480 487 2520 gratum
520 2472 604 2508 sine
636 2472 816 2518 caritate,
865 2481 907 2508 ut
947 2472 1043 2508 dicit
1083 2472 1253 2509 ibidem:
1299 2473 1343 2509 Si
1387 2473 1531 2523 linguis

212 2530 406 2566 hominum
442 2539 515 2567 etc.
561 2533 643 2567 Nec
675 2539 734 2567 est
765 2530 955 2579 possibile
988 2539 1214 2567 creaturam
1255 2543 1340 2567 esse
1372 2530 1449 2567 nisi
1482 2533 1531 2567 de

152 2601 198 2632 40
213 2596 365 2636 quanto
397 2589 517 2625 habet
550 2601 633 2625 esse
666 2602 688 2625 a
720 2588 873 2625 lumine
905 2588 1137 2626 dileccionis
1170 2588 1271 2625 lucis
1303 2588 1448 2637 prime,
1486 2598 1531 2625 ut

283 2765 323 2784 ιο.
345 2758 389 2785 A:
411 2757 492 2785 enim
511 2766 600 2785 nunc.
675 2757 717 2786 23.
739 2759 784 2786 A:
806 2759 927 2794 ubique.
1002 2757 1044 2786 35.
1065 2767 1153 2790 ecce;
1176 2759 1219 2786 A:
1242 2759 1311 2786 cite.

285 2841 338 2881 34.
364 2840 453 2882 Eph.
479 2841 533 2880 III,
564 2840 614 2872 18.
711 2840 764 2874 38.
790 2842 814 2872 Ι.
841 2842 921 2873 Cor.
946 2842 1032 2881 XIII,
1063 2852 1089 2873 1.

1346 2899 1396 2931 5ae
