2003 3322
167 234 241 279 184

170 1514 242 1543 Sins
262 1515 297 1543 of
314 1516 425 1550 speech

165 1558 215 1577 are
234 1558 306 1589 easy
325 1554 357 1577 to
377 1550 427 1578 fall

257 1590 332 1613 1nt0.

205 1990 381 2025 Augustine

178 2024 301 2052 advises
322 2033 358 2052 us
378 2029 409 2052 to

193 2060 283 2088 avoid
304 2061 403 2087 oaths.

855 241 973 274 OPUS
998 242 1334 275 EVANGELICUM
1597 231 1704 285 [CAP.
1726 240 1760 267 L.

444 348 581 383 siciunt
612 348 814 392 iusticiam,
847 349 933 396 quia
952 348 1024 397 ipsi
1045 350 1324 385 saturabuntur
1356 350 1453 385 illud
1486 350 1624 385 bonum
1656 361 1760 386 sum-

445 418 548 441 mum
575 405 811 454 possidendo
843 407 944 454 quod
977 406 1209 443 desiderant.

511 463 650 499 Verum
675 463 711 499 in
728 464 800 500 hiis
824 464 1020 500 laboribus
1043 476 1126 500 cum
1144 465 1299 513 quisque
1322 465 1592 515 difficultatem
1611 465 1764 514 patitur

445 528 480 557 et
518 533 592 570 per
637 521 734 557 dura
779 529 814 558 et
857 534 998 571 aspera
1035 523 1207 572 gradum
1243 523 1399 571 faciens
1442 522 1761 558 circumvallatus

446 579 567 615 variis
612 579 929 628 temptacionibus
970 580 1407 629 perturbacionibusque
1448 588 1484 616 et
1522 580 1609 616 hinc
1652 585 1796 629 atqueS

446 637 531 673 hinc
562 637 769 688 insurgere
794 638 983 687 preterite
1011 638 1085 673 vite
1114 639 1233 674 moles
1255 639 1403 674 intuens
1425 638 1531 674 timet
1563 638 1764 688 desperate

446 702 481 731 et
519 695 674 743 perdite
716 707 761 731 ne
804 707 969 745 agressa
1002 696 1164 745 implere
1195 708 1267 732 non
1307 696 1444 746 possit,
1477 696 1645 745 arripiat
1676 708 1763 732 con-

445 753 572 789 silium
604 759 778 789 sanctum
813 760 852 788 ut
874 754 1064 801 festinum
1113 761 1311 790 mereatur
1354 754 1543 790 auxilium
1590 755 1637 790 de
1668 754 1762 790 celo.

453 811 567 854 Quod
589 818 645 847 est
666 818 792 847 autem
816 811 926 847 aliud
956 811 1173 859 consilium,
1207 812 1281 848 nisi
1306 819 1347 847 ut
1370 811 1634 861 infirmitatem
1667 812 1762 848 alio-

447 881 532 904 runz
556 868 725 917 fortiter
753 869 817 918 pie
840 877 874 905 et
896 870 1116 920 gaudenter
1127 870 1243 918 ferat
1279 877 1313 905 et
1350 869 1404 906 eis
1426 877 1608 918 quantum
1636 877 1764 919 potest
1784 883 1822 904 10

446 926 656 976 opituletur
693 927 728 963 in
762 927 991 963 necessariis
1023 928 1087 976 qui
1127 940 1195 964 sue
1239 928 1419 964 divinitus
1452 928 1647 964 desiderat
1677 928 1764 964 sub-

447 984 572 1021 veniri
601 984 847 1021 necessitati?
903 985 1187 1034 Consequenter
1219 986 1345 1034 itaque
1377 985 1645 1022 misericordie
1672 998 1764 1035 pre-

446 1049 553 1092 cepta
587 1042 796 1080 videamus.
825 1043 935 1079 Mitis
957 1050 1083 1079 autem
1113 1051 1149 1080 et
1177 1044 1400 1080 misericors
1433 1043 1613 1080 videntur
1649 1056 1763 1080 unum

446 1112 539 1147 esse,
571 1101 641 1137 sed
684 1101 754 1137 hoc
786 1101 946 1137 interest
989 1102 1091 1150 quod
1134 1101 1236 1137 mitis
1281 1109 1349 1148 est,
1395 1103 1441 1137 de
1484 1114 1555 1150 quo
1587 1102 1766 1151 superius

446 1166 654 1194 tractatum
688 1166 756 1204 est,
790 1159 854 1208 qui
878 1159 1022 1208 pietate
1045 1172 1116 1195 non
1140 1159 1372 1195 contradicit
1394 1160 1534 1196 divinis
1564 1160 1765 1196 sentenciis
1785 1161 1821 1194 15

446 1228 516 1265 que
546 1217 582 1252 in
610 1224 771 1266 peccata
804 1230 872 1253 sua
913 1217 1190 1266 proferuntur,
1239 1229 1358 1266 neque
1389 1218 1466 1254 illis
1497 1218 1575 1253 Dei
1618 1230 1765 1254 sermo-

446 1275 555 1310 nibus
597 1287 691 1323 quos
734 1276 903 1311 nondum
955 1275 1150 1326 intelligit,
1201 1276 1269 1312 sed
1322 1276 1498 1311 sedulum
1545 1276 1764 1326 beneficium

441 1340 594 1382 prestat
625 1333 660 1369 ei
696 1333 758 1369 cui
787 1345 859 1369 non
883 1333 1112 1369 contradicit
1136 1346 1202 1369 nec
1225 1333 1379 1369 resistit.
1413 1334 1642 1370 Misericors
1674 1346 1765 1371 vero

447 1391 497 1426 ita
537 1403 610 1427 non
655 1391 799 1427 resistit
842 1399 882 1427 ut
920 1399 1089 1440 propter
1134 1391 1215 1427 eius
1259 1392 1543 1428 correccionem
1576 1392 1615 1427 id
1635 1393 1766 1440 faciat

447 1460 555 1498 quem
589 1450 771 1485 redderet
809 1449 1021 1486 resistendo
1048 1450 1235 1498 peiorem.
1276 1450 1359 1486 Hec
1390 1449 1648 1498 Augustinus.
1781 1462 1824 1483 20

505 1506 674 1543 Videtur
730 1507 851 1544 istum
903 1515 1088 1543 sanctum
1141 1507 1348 1544 intendere
1400 1507 1661 1545 conformiter
1713 1510 1763 1545 ad

450 1566 615 1601 verbum
653 1565 801 1601 Christi
835 1567 943 1614 quod
976 1565 1091 1602 facile
1125 1574 1182 1601 est
1215 1577 1383 1613 peccare
1415 1565 1455 1602 in
1486 1565 1763 1603 locucionibus

447 1625 516 1659 sed
562 1632 727 1671 peccata
772 1623 956 1672 graviora
1002 1632 1039 1659 et
1091 1623 1335 1660 notabiliora
1380 1623 1620 1671 diligencius
1673 1634 1764 1661 sunt

448 1682 639 1718 cavenda.
700 1683 748 1718 Et
792 1681 1017 1718 timendum
1063 1690 1120 1718 est
1166 1682 1273 1736 quod
1320 1682 1441 1718 homo
1494 1694 1537 1719 ex
1589 1682 1764 1731 ypocrisi

447 1741 626 1776 cavendo
650 1739 799 1776 leviora
825 1739 1036 1776 mendacia
1060 1739 1211 1776 incidat
1234 1739 1274 1776 in
1298 1739 1472 1785 maiora3
1492 1739 1583 1777 ideo
1608 1740 1764 1778 maiora
1781 1742 1820 1773 25

448 1806 540 1834 sunt
574 1796 812 1846 diligencius
847 1799 1035 1834 cavenda.
1071 1799 1185 1834 Unde
1206 1797 1498 1835 Lincolniensis
1522 1798 1563 1835 in
1586 1800 1763 1836 secundo

449 1856 642 1892 mandato
687 1855 869 1904 decalogi
917 1855 972 1892 ita
1021 1855 1178 1893 scribit:
1233 1857 1382 1893 Nomen
1422 1856 1499 1892 Dei
1541 1856 1577 1892 in
1622 1869 1763 1893 vanum

447 1921 649 1950 assumunt
672 1914 737 1962 qui
752 1926 830 1963 per
864 1926 998 1950 nomen
1032 1914 1112 1951 eius
1134 1914 1290 1963 salsum
1314 1923 1349 1951 et
1371 1914 1611 1951 mendacium
1634 1915 1765 1951 iurant

449 1984 614 2021 quorum
638 1979 846 2021 utrumque
868 1985 1007 2008 vanum
1032 1978 1099 2009 est.
1135 1971 1246 2009 Sicut
1270 1973 1373 2009 enim
1399 1972 1494 2009 dicit
1516 1972 1763 2021 Augustinus

448 2042 521 2078 pro
554 2029 726 2066 iurando
760 2031 858 2067 false
893 2030 950 2067 rei
983 2029 1196 2067 adhibetur
1229 2032 1334 2067 Deus
1368 2030 1494 2077 testis,
1539 2030 1633 2079 quia
1670 2043 1763 2068 vero
1780 2033 1822 2065 30

448 2097 529 2124 tam
577 2087 851 2136 periculosum
905 2097 962 2125 est
1012 2088 1234 2136 periurium
1279 2089 1487 2126 vitandum
1540 2098 1599 2126 est
1643 2101 1764 2126 omne

449 2145 680 2192 iurandum,
714 2158 764 2182 ne
792 2145 951 2183 iurandi
976 2146 1307 2183 consuetudinem
1342 2148 1527 2184 labamur
1559 2147 1599 2183 in
1631 2147 1763 2196 periu—

449 2203 567 2240 rium.
602 2205 695 2240 Ideo
720 2203 816 2241 dicit
842 2204 1058 2241 Dominus:
1093 2205 1151 2240 Sit
1182 2217 1310 2241 sermo
1335 2213 1462 2242 vester
1483 2205 1557 2242 Est
1588 2213 1656 2253 est,
1690 2217 1762 2241 non

449 2274 536 2308 non,
560 2263 662 2311 quod
683 2270 810 2298 autem
834 2263 1003 2313 amplius
1026 2270 1081 2299 est
1102 2276 1124 2299 a
1147 2264 1250 2299 malo
1274 2271 1340 2310 est,
1365 2273 1402 2299 et
1425 2263 1465 2299 in
1480 2262 1761 2300 Ecclesiastico

449 2319 642 2368 scriptum
668 2329 745 2357 est:
771 2321 968 2357 Iuracioni
989 2333 1061 2357 non
1085 2329 1282 2357 assuescat
1310 2333 1351 2358 os
1382 2328 1501 2367 tuum,
1532 2322 1644 2357 multi
1664 2322 1761 2357 enim
1779 2320 1818 2353 35

448 2385 535 2413 sunt
567 2390 679 2414 casus
701 2378 738 2414 in
763 2378 844 2426 illa,
878 2378 973 2427 quia
1005 2381 1062 2424 (ut
1087 2379 1236 2415 dictum
1273 2382 1342 2423 est)
1376 2378 1503 2416 facilis
1536 2379 1670 2427 lapsus
1705 2387 1762 2415 est

448 2435 488 2471 in
505 2435 743 2483 periurium,
770 2444 806 2472 et
830 2436 925 2484 quia
944 2437 1144 2485 perfectus
1169 2446 1226 2473 est
1243 2437 1311 2485 qui
1334 2436 1469 2485 lingua
1493 2449 1573 2473 non
1596 2436 1762 2474 offendit

449 2501 486 2529 et
525 2493 586 2530 vix
619 2494 679 2530 vel
712 2494 823 2530 nullo
859 2495 978 2531 modo
1013 2503 1070 2531 est
1103 2494 1249 2543 aliquis
1283 2495 1349 2543 qui
1384 2497 1433 2532 ab
1466 2494 1602 2532 ocioso
1640 2496 1761 2532 verbo

517 2649 542 2678 3.
567 2650 604 2677 B:
627 2650 675 2677 liis
695 2650 822 2686 corrigit
841 2651 888 2678 in:
909 2651 992 2679 aliis.
1100 2659 1129 2685 4.
1152 2652 1192 2679 B:
1219 2652 1480 2680 circumvatlatur.
1589 2653 1613 2680 5.
1635 2655 1762 2688 pertur-

448 2685 684 2720 bacionibusque
703 2685 797 2712 deest.
871 2685 900 2713 6.
921 2687 965 2713 A:
986 2686 1112 2714 molens.
1185 2685 1212 2714 8.
1233 2687 1280 2714 A:
1300 2685 1494 2723 etfestinum.
1570 2695 1611 2720 14.
1632 2688 1676 2715 A:
1698 2695 1764 2715 esse

448 2720 542 2747 deest.
685 2727 731 2747 20.
762 2719 878 2747 Codd.:
909 2721 1056 2748 redderet
1082 2721 1177 2748 deest.
1216 2721 1334 2749 Addidi
1362 2730 1376 2748 e
1404 2725 1487 2749 textu
1519 2721 1550 2750 S.
1582 2722 1760 2758 Augustini.

447 2761 486 2781 21.
509 2755 536 2781 A
556 2754 585 2781 in
608 2762 722 2789 marg:
743 2754 909 2782 lohannes.
1006 2755 1047 2783 25.
1068 2757 1113 2783 A:
1135 2756 1205 2783 ideo
1225 2756 1348 2783 maiora
1368 2756 1461 2784 deest.
1578 2755 1622 2784 36.
1644 2757 1760 2785 Codd.:

447 2792 516 2816 sunt
537 2789 629 2816 deest.
704 2788 748 2817 38.
769 2791 813 2817 A:
835 2797 896 2817 non
916 2790 1019 2823 nullo;
1038 2790 1080 2817 ib.
1101 2792 1145 2818 A:
1167 2791 1282 2826 aliquis
1302 2791 1397 2818 deest.

522 2862 573 2894 33.
601 2860 718 2893 Matth.
748 2862 788 2901 V,
818 2863 871 2904 37.
970 2864 1021 2903 34.
1049 2862 1156 2894 Eccli.
1181 2863 1296 2903 XXIII,
1324 2873 1356 2905 9.
