2003 3322
184 244 236 278 94
894 234 1012 266 opus
1037 234 1373 266 EVANGELICUM
1533 222 1641 277 [CAP.
1661 230 1786 260 xxvn.

471 342 684 379 duodecim
719 342 930 390 apostolis:
963 342 1065 378 Ecce
1098 342 1188 377 dedi
1219 342 1324 378 vobis
1347 350 1578 391 potestatem
1612 342 1791 378 calcandi

471 413 591 450 supra
624 401 847 449 scorpiones
878 408 913 436 et
944 408 1143 449 serpentes
1182 407 1216 435 et
1253 413 1373 449 supra
1419 412 1568 436 omnem
1608 400 1789 436 virtutem

471 458 616 494 inimici
645 465 681 494 et
713 458 830 494 nichil
862 458 967 494 vobis
999 458 1158 495 nocebit.
1201 458 1340 493 Verum
1374 465 1500 494 tamen
1523 458 1559 494 in
1582 458 1653 494 hoc
1675 458 1791 494 nolite

471 517 661 567 gaudere,
694 516 779 564 quia
811 516 972 565 spiritus
1005 516 1109 552 vobis
1146 516 1397 553 subiciuntur.
1443 516 1618 552 Gaudete
1649 523 1790 563 autem,

473 575 559 624 quia
592 574 745 610 nomina
779 581 908 610 vestra
940 574 1087 622 scripta
1120 580 1208 609 sunt
1240 573 1275 609 in
1309 573 1410 610 celis.
1807 577 1824 610 5

234 642 329 681 Prpof
345 641 425 680 that.
531 634 581 668 Et
613 644 657 668 ex
689 631 765 668 isto
797 640 905 668 textu
928 632 1035 668 Luce
1057 633 1108 667 IX
1131 631 1267 667 fideles
1291 631 1453 667 eliciunt
1476 633 1585 680 quod
1608 631 1792 668 Scarioth

186 677 315 748 Iscgarrggg
334 684 449 739 §vsassom
474 690 548 726 fuit
581 691 631 726 ad
664 698 824 737 tempus
857 690 898 726 in
921 689 1057 737 gracia
1080 691 1300 725 secundum
1324 698 1550 737 presentem
1575 689 1791 735 iusticiam,

200 752 431 809 riotiifzffiesnriess
475 747 572 797 quia
616 756 743 784 textus
788 747 886 784 dicit
925 749 1033 796 quod
1074 747 1303 784 convocatis
1343 747 1557 784 duodecim
1597 746 1792 795 apostolis

228 802 244 818 ὗ
436 802 442 808 ’
475 819 649 855 quorum
683 818 785 842 unus
817 806 891 842 fuit
918 805 1103 842 Scarioth
1136 805 1245 842 dedit
1276 807 1389 841 Jesus
1421 805 1498 841 illis
1530 805 1720 842 virtutem
1756 813 1793 841 et

474 872 713 913 potestatem
749 876 870 912 super
902 863 1041 900 omnia
1074 862 1263 900 demonia
1296 872 1333 900 et
1364 872 1408 899 ut
1440 864 1654 912 languores
1679 875 1793 900 cura-
1812 876 1851 898 10

472 931 574 959 rent.
620 922 690 959 Illa
724 930 859 958 autem
890 921 1015 959 virtus
1048 934 1168 969 super
1201 921 1339 958 omnia
1372 921 1560 958 demonia
1601 934 1683 958 non
1720 920 1794 956 fuit

472 980 557 1017 sine
579 980 725 1017 virtute
749 980 892 1017 morali
914 980 975 1016 vel
999 979 1147 1028 gracia.
1176 981 1235 1016 De
1258 988 1370 1016 tanto
1395 992 1488 1028 ergo
1511 979 1585 1016 fuit
1609 978 1795 1016 Scarioth

473 1047 609 1087 gratus
655 1040 752 1084 Deo,
797 1039 866 1074 sed
913 1038 1006 1074 licet
1046 1037 1185 1074 habuit
1224 1039 1274 1074 ad
1314 1046 1472 1086 ternpus
1510 1038 1699 1074 virtutem
1739 1036 1795 1072 sic

473 1096 689 1145 superandi
722 1095 923 1143 demonia,
970 1108 1108 1133 verum
1151 1104 1287 1132 tamen
1327 1095 1500 1132 finaliter
1538 1108 1621 1132 non
1653 1093 1795 1131 habuit

472 1154 663 1192 virtutem
696 1155 758 1191 vel
790 1154 969 1202 graciam
1003 1153 1224 1202 superandi
1257 1166 1373 1189 suum
1407 1153 1656 1199 demonium,
1703 1165 1792 1189 cum
1813 1156 1849 1188 15

474 1213 726 1261 desperando
765 1212 940 1249 finaliter
979 1221 1015 1248 et
1055 1212 1262 1259 peccando
1295 1212 1335 1248 in
1369 1211 1563 1260 Spiritum
1599 1213 1793 1248 Sanctum

473 1271 549 1307 fuit
579 1270 767 1308 inductus
799 1270 840 1307 in
873 1269 1190 1318 temptacionem
1226 1278 1263 1306 et
1294 1282 1376 1306 non
1408 1270 1600 1306 liberatus
1632 1282 1655 1306 a
1688 1269 1795 1305 malo

476 1329 663 1366 maximo.

216 1396 326 1436 P9wer
345 1403 420 1423 over
535 1389 666 1424 Credo
700 1395 834 1423 autem
869 1387 979 1435 quod
1011 1386 1144 1422 nullus
1178 1385 1334 1422 dubitat
1368 1385 1465 1434 quin
1492 1384 1636 1433 prelati
1667 1383 1795 1421 nostri

182 1431 461 1493 dsslvgsszffllnf'htgffs
477 1445 604 1482 eciam
621 1457 725 1493 pape
747 1457 829 1481 non
852 1445 1001 1481 habent
1024 1443 1261 1492 regulariter
1285 1443 1516 1480 huiusmodi
1538 1451 1794 1492 potestatem,
1811 1455 1853 1477 20

190 1501 453 1563 threelgffevgeffaisse
476 1512 515 1540 et
547 1503 666 1540 hodie
697 1503 800 1539 foret
828 1503 918 1550 plus
950 1501 1221 1539 necessarium
1255 1501 1333 1537 illis
1366 1502 1513 1538 habere
1534 1501 1723 1538 virtutem
1757 1508 1794 1536 et

196 1545 214 1571 p
442 1557 448 1562 ⁵
477 1570 719 1610 potestatem
753 1573 873 1609 super
905 1560 1043 1597 omnia
1076 1559 1265 1597 demonia
1299 1572 1419 1608 quam
1454 1561 1600 1596 habere
1632 1570 1794 1595 omnem

476 1628 715 1668 potestatem
768 1628 968 1655 terrenam
1022 1618 1302 1655 absconditam
1350 1630 1472 1666 quam
1518 1617 1575 1654 sic
1626 1617 1794 1664 fingunt.

475 1680 567 1714 Ideo
591 1677 783 1714 deficiunt
807 1676 847 1713 in
870 1685 1068 1725 potestate
1092 1688 1169 1724 que
1191 1676 1293 1712 foret
1326 1675 1403 1711 illis
1427 1675 1547 1712 hodie
1570 1674 1795 1712 necessaria

475 1737 525 1773 ad
543 1736 728 1772 salutem.
753 1736 869 1772 Unde
893 1736 940 1771 de
954 1734 1224 1783 proporcione
1248 1733 1534 1781 magnitudinis
1550 1741 1795 1781 potestatum
1812 1735 1852 1767 25

476 1796 726 1831 contendunt
768 1793 990 1840 scolastici3
1036 1794 1105 1829 sed
1152 1792 1247 1840 quia
1290 1793 1511 1828 secundum
1555 1790 1795 1841 Apostolum

476 1852 624 1889 Christi
657 1851 878 1900 discipulus
912 1864 993 1887 non
1027 1852 1145 1887 debet
1168 1851 1421 1897 contendere,
1454 1850 1612 1887 videtur
1634 1848 1796 1898 quibus-

476 1912 568 1947 dam
602 1910 787 1946 fidelibus
832 1911 941 1957 quod
986 1909 1070 1945 sine
1109 1907 1178 1946 tali
1217 1908 1480 1945 contencione
1520 1917 1577 1945 est
1615 1916 1658 1943 ut
1698 1906 1795 1942 fides

478 1968 679 2006 catholica
726 1967 966 2016 capiendum
1007 1968 1115 2015 quod
1160 1967 1308 2002 habere
1353 1975 1593 2014 potestatem
1637 1964 1796 2002 vivendi

475 2027 652 2063 virtuose
685 2025 765 2063 sive
798 2025 971 2062 faciendi
1005 2025 1222 2073 quicquam
1257 2024 1298 2060 in
1330 2025 1466 2073 gracia
1501 2033 1558 2061 est
1598 2024 1794 2072 quodam·
1813 2025 1854 2058 30

477 2085 599 2121 modo
638 2084 840 2120 infinitum
881 2083 1011 2120 maior
1050 2091 1228 2131 potestas
1274 2096 1394 2131 quam
1444 2082 1579 2130 aliqua
1621 2089 1796 2130 potestas

476 2151 635 2179 terrena
666 2143 729 2179 vel
760 2143 869 2179 salva
901 2142 1001 2178 falsa
1033 2140 1317 2189 implicacione
1352 2140 1478 2177 maior
1506 2152 1628 2188 quam
1662 2139 1796 2187 aliqua

476 2209 653 2249 potestas
672 2202 722 2237 ab
731 2199 966 2237 Antichristi
983 2199 1188 2247 discipulis
1205 2200 1325 2235 modo
1342 2199 1452 2246 ficta3
1476 2207 1513 2234 et
1529 2198 1646 2235 aliter
1656 2197 1796 2234 Simon

478 2272 618 2307 magus
651 2271 732 2294 non
764 2257 1018 2306 promitteret
1051 2256 1245 2305 apostolis
1279 2257 1491 2304 pecuniam
1533 2268 1574 2292 se
1607 2257 1795 2292 daturum

477 2318 528 2353 ad
561 2317 791 2353 habendum
818 2314 1054 2352 huiusmodi
1077 2323 1331 2363 potestatem.
1370 2317 1473 2351 Nam
1496 2315 1584 2350 Act.
1607 2315 1704 2360 VIII,
1735 2313 1796 2358 18,
1813 2312 1852 2346 35

477 2374 685 2411 scribitur:
715 2374 810 2410 Cum
835 2375 991 2410 uidisset
1012 2380 1139 2409 autem
1156 2374 1288 2409 Simon
1311 2373 1397 2421 quia
1415 2385 1491 2422 per
1512 2372 1795 2422 imposicionem

478 2445 614 2469 manus
645 2432 916 2482 apostolorum
950 2432 1115 2468 daretur
1147 2431 1319 2481 Spiritus
1351 2432 1529 2478 Sanctus,
1575 2429 1711 2466 obtulit
1744 2428 1797 2464 eis

472 2491 676 2540 pecuniam
710 2490 861 2526 dicens:
892 2491 995 2526 Date
1027 2497 1062 2525 et
1095 2489 1213 2525 michi
1241 2489 1340 2525 hanc
1366 2495 1611 2538 potestatem,
1645 2494 1684 2523 ut
1717 2486 1795 2522 cui-

478 2561 624 2597 cunque
672 2549 893 2598 imposuero
945 2560 1094 2595 manus,
1146 2547 1310 2596 accipiat
1361 2546 1549 2596 Spiritum
1597 2546 1794 2581 Sanctum.

479 2606 620 2642 Petrus
651 2614 777 2643 autem
812 2606 912 2642 dixit
950 2606 1001 2641 ad
1041 2618 1148 2641 eum:
1192 2605 1358 2641 Pecunia
1403 2612 1467 2640 tua
1500 2611 1622 2639 tecum
1667 2603 1716 2639 sit
1759 2602 1794 2637 in
1809 2610 1854 2641 40

550 2805 574 2824 2.
596 2797 637 2825 B:
658 2806 760 2833 super.
864 2797 888 2824 5.
911 2798 950 2824 B:
972 2797 1065 2833 quod.
1174 2798 1202 2823 6.
1224 2798 1251 2823 A
1279 2796 1308 2823 in
1338 2804 1452 2831 marg:
1484 2795 1565 2823 Nota
1591 2794 1676 2829 quod
1698 2793 1796 2821 Judas

479 2833 625 2860 Scariollz
643 2831 713 2867 fuit
740 2833 769 2859 in
795 2832 903 2859 rrracia
923 2832 1086 2859 secundum
1103 2834 1277 2866 presentem
1298 2831 1460 2857 iusticiam.
1579 2827 1621 2856 32.
1644 2830 1687 2856 A:
1709 2829 1794 2855 salva

478 2868 576 2894 salua.
649 2866 690 2894 33.
714 2867 751 2894 B:
773 2853 811 2894 a77
833 2867 928 2893 deest.
1001 2865 1045 2894 38.
1068 2867 1105 2893 B:
1127 2866 1221 2893 michi
1238 2866 1331 2893 deest.
