2003 3322
183 247 264 290 284
893 254 1011 285 opus
1036 254 1371 286 EVANGELICUM
1590 243 1697 297 [CAP.
1717 252 1784 280 ΧΠ.

470 359 595 395 simus
627 359 669 395 in
702 359 936 396 criminibus
969 360 1159 396 indurati.
1195 362 1350 405 Quarto
1383 368 1420 396 et
1443 360 1586 396 ultimo
1610 360 1784 408 petimus

471 418 579 465 quod
613 417 736 453 simus
770 430 791 453 a
822 418 928 454 malo
954 417 1083 454 finalis
1108 417 1392 466 impenitencie
1417 419 1525 466 quod
1549 426 1608 454 est
1631 419 1783 455 malum

473 474 691 511 maximum
724 475 895 512 liberati.

220 539 411 574 Augustine:
531 532 677 569 Scribit
740 541 874 569 autem
914 532 1163 581 Augustinus
1215 545 1336 580 super
1387 532 1559 580 primam
1615 533 1784 570 istarum

214 584 417 647 Dairilyeabssead
473 590 719 638 peticionum
754 600 928 639 quatuor
961 590 1001 626 in
1030 591 1105 627 hoc
1138 591 1286 626 forma:
1321 590 1438 626 Panis
1469 591 1700 627 cottidianus
1721 594 1820 627 autb

274 667 366 694 1.the
469 660 545 697 pro
588 648 661 684 lziis
700 649 875 685 omnibus
916 649 1040 684 dictus
1080 656 1135 684 est
1172 661 1242 697 que
1274 648 1386 684 liuius
1419 649 1493 684 vite
1524 649 1785 685 necessitatem

198 702 389 763 necesizissgies
411 701 444 727 of
472 713 699 753 sustentant,
746 707 791 742 de
823 719 909 755 quo,
949 718 1033 741 cum
1063 706 1297 755 preciperet,
1338 706 1411 742 ait:
1450 707 1580 742 Nolite
1612 707 1789 757 cogitare

267 791 292 810 2*
313 756 366 810 th’e
474 764 521 799 de
542 764 726 810 crastino,
766 772 805 800 ut
828 765 912 800 ideo
945 764 1119 800 additum
1152 765 1221 800 sit:
1254 764 1302 799 da
1335 764 1442 800 nobis
1473 764 1598 810 hodie,
1628 771 1693 800 aut
1712 777 1787 813 pro

200 818 437 889 ἒῇἳξὲἐῐιεεὲἓὲξ
472 829 716 858 sacramento
750 822 928 871 corporis
954 822 1103 858 Christi
1133 822 1234 870 quod
1264 822 1435 870 quotidie
1465 823 1689 871 accipimus,
1722 829 1787 858 aut

221 899 246 927 3.
269 899 410 934 spiritual
441 873 544 928 'pro
584 880 664 916 cibo
696 880 909 929 spirituali,
954 880 1001 916 de
1032 892 1104 928 quo
1138 881 1235 915 idem
1271 880 1450 916 dominus
1483 880 1594 916 dicit.-
1638 880 1788 929 Opera·
1808 894 1847 914 10

278 934 362 961 food.
473 937 567 973 mini
609 949 735 973 escanz
777 950 848 987 que
893 950 967 973 non
1006 937 1298 987 corrumpitur;
1341 945 1376 974 et
1414 938 1532 973 illud:
1574 938 1666 988 Ego
1703 950 1787 973 sum

468 995 582 1044 panis
622 996 696 1031 vite
734 996 797 1044 qui
837 996 883 1031 de
916 996 996 1032 celo
1030 996 1221 1032 descendi.
1267 996 1345 1031 Sed
1377 996 1515 1031 horum
1549 996 1665 1032 trium
1697 996 1790 1045 quid

471 1053 521 1089 sit
555 1053 799 1102 probabilius
843 1054 1089 1090 considerari
1120 1061 1258 1102 potest.
1305 1054 1407 1089 Nam
1437 1054 1553 1101 forte
1599 1054 1787 1103 quispiam

474 1119 689 1158 moveatur,
723 1124 794 1147 cur
827 1124 983 1148 oremus
1011 1124 1087 1161 pro
1120 1112 1179 1147 liis
1212 1111 1472 1161 adipiscendis
1504 1123 1574 1160 que
1607 1112 1693 1148 huic
1715 1112 1790 1147 vite

473 1176 561 1205 sunt
600 1170 735 1205 ultima
780 1170 1010 1213 necessaria,
1056 1170 1174 1205 veluti
1205 1177 1261 1206 est
1293 1169 1413 1205 victus
1445 1177 1481 1205 et
1511 1177 1788 1220 tegumentum,
1810 1173 1846 1205 15

224 1225 422 1259 objections:
475 1239 559 1263 cum
594 1227 674 1275 ipse
706 1228 897 1263 Dominus
931 1228 1053 1263 dicat:
1084 1228 1215 1263 Nolite
1245 1227 1402 1263 solliciti
1433 1239 1514 1264 esse
1545 1228 1636 1276 quid
1668 1227 1790 1264 edatis

189 1271 454 1341 Ῑρῐζίξᾛοξᾞῑῼὲξ
477 1285 537 1320 vel
567 1285 658 1333 quid
690 1285 914 1321 induamini.
948 1286 1006 1321 An
1033 1293 1162 1335 potest
1194 1286 1351 1335 quisque
1383 1286 1429 1321 de
1461 1298 1503 1321 ea
1537 1299 1580 1322 re
1606 1298 1683 1335 pro
1714 1297 1789 1334 qua

183 1342 368 1404 ΠΓΘἹΞΟΙῐῗίῚΟῐὲ)
388 1344 457 1406 Ιῒῖκθ
477 1343 726 1392 adipiscenda
766 1351 853 1379 orat
886 1356 957 1379 non
988 1355 1069 1379 esse
1090 1343 1292 1390 sollicitus,
1326 1356 1410 1379 cum
1445 1351 1549 1379 tanta
1582 1343 1791 1380 intencione

229 1386 261 1404 l‘
293 1387 404 1441 fmug¹
476 1401 597 1436 animi
627 1401 758 1438 oracio
790 1401 840 1437 sit
872 1401 1094 1452 dirigenda,
1128 1409 1168 1437 ut
1199 1402 1251 1436 ad
1282 1402 1352 1437 hoc
1381 1408 1500 1437 totum
1525 1402 1565 1437 id
1587 1402 1791 1450 referatur

474 1460 578 1508 quod
611 1459 656 1495 de
693 1459 919 1495 claudendis
951 1459 1134 1495 cubiculis
1174 1459 1315 1495 dictum
1348 1460 1434 1495 est?
1477 1460 1529 1495 Et
1560 1460 1659 1495 illud
1689 1460 1791 1508 quod
1807 1473 1849 1494 2o

475 1517 550 1553 ait:
587 1517 746 1560 Querite
773 1517 945 1566 primum
980 1529 1145 1568 regnum
1170 1517 1247 1553 Dei
1276 1524 1311 1553 et
1333 1518 1401 1553 hec
1424 1517 1549 1553 onmia
1573 1517 1792 1553 adicientur

477 1575 612 1611 vobis?
660 1576 745 1611 Non
776 1575 830 1611 ait
861 1575 1009 1623 utique:
1047 1576 1224 1611 Primum
1264 1576 1411 1624 querite
1450 1588 1615 1626 regnum
1649 1576 1726 1611 Dei
1754 1583 1790 1611 et

476 1633 613 1668 deinde
644 1633 715 1669 ista
748 1633 908 1682 querite,
946 1634 1015 1669 sed
1048 1633 1115 1669 lzec
1148 1633 1276 1670 omnia
1309 1634 1527 1670 adicientur
1559 1633 1677 1681 vobis,
1715 1633 1788 1669 sci-

476 1691 562 1726 licet
594 1704 666 1727 non
698 1691 953 1740 querentibus.
1000 1692 1203 1735 Quomodo
1236 1698 1361 1727 autem
1396 1699 1499 1728 recte
1531 1692 1685 1728 dicatur
1716 1704 1789 1727 non

474 1761 638 1797 querere
684 1749 831 1798 aliquid
868 1750 972 1798 quod
1011 1757 1050 1784 ut
1088 1750 1251 1798 accipiat
1289 1749 1538 1786 intentissime
1577 1749 1787 1786 Dominum
1806 1752 1846 1784 25

477 1808 711 1855 deprecatur
742 1806 867 1843 nescio
900 1814 1030 1842 utrum
1064 1807 1230 1843 inveniri
1258 1815 1383 1856 queat.

266 1876 381 1903 2.T11e
536 1865 596 1900 De
638 1873 883 1901 sacramento
928 1872 1054 1900 autem
1096 1865 1274 1914 corporis
1312 1865 1509 1901 Dominici
1545 1873 1585 1900 ut
1623 1865 1682 1900 illi
1718 1877 1790 1900 non

237 1915 413 1974 ζζῇζιᾙᾙῗξ
478 1930 657 1958 moveant
688 1922 934 1971 questionem,
978 1923 1044 1971 qui
1069 1923 1236 1972 plurimi
1266 1923 1301 1958 in
1331 1924 1509 1972 partibus
1541 1923 1791 1959 orientalibus

199 1981 428 2043 bffllgleddaily
479 1993 550 2016 non
584 1981 752 2028 quotidie
783 1992 872 2016 cene
905 1980 1093 2017 dominice
1124 1981 1420 2025 communicant,
1461 1994 1545 2017 cum
1579 1981 1648 2017 iste
1676 1980 1790 2029 panis

221 2025 280 2077 ¹1³1ss
302 2023 444 2077 Ξὲῐζξὲῃιιῃ
479 2039 723 2086 quotidianus
757 2039 879 2075 dictus
911 2039 971 2085 sit,
1006 2046 1046 2074 ut
1078 2038 1202 2089 igitur
1234 2039 1292 2074 illi
1312 2046 1477 2084 taceant,
1511 2051 1628 2087 neque
1651 2039 1697 2074 de
1720 2040 1791 2074 hac
1807 2043 1849 2074 30

194 2086 459 2156 Offi'ffissjfffssse
481 2109 523 2132 re
554 2109 663 2132 suam
697 2097 926 2133 sentenciam
962 2097 1174 2145 defendant
1207 2097 1267 2132 vel
1297 2097 1378 2145 ipsa
1411 2097 1641 2133 auctoritate
1672 2097 1790 2132 eccle-

222 2156 435 2184 communion,
479 2155 648 2201 siastica,
693 2156 794 2203 quod
837 2156 918 2191 sine
954 2155 1140 2191 scandalo
1180 2155 1252 2191 ista
1282 2155 1453 2203 faciunt,
1499 2167 1617 2203 neque
1654 2155 1700 2191 ab
1739 2154 1792 2190 eis

480 2213 544 2260 qui
587 2213 622 2248 in
668 2213 838 2249 ecclesiis
873 2220 1038 2262 presunt
1066 2213 1209 2261 facere
1242 2213 1513 2262 prohibentur,
1562 2224 1681 2260 neque
1718 2225 1791 2248 non

480 2272 790 2320 obtemperantes
829 2272 1114 2320 dampnantur,·
1158 2271 1257 2306 unde
1291 2271 1487 2319 probatur
1518 2283 1591 2306 non
1625 2271 1723 2306 hunc
1755 2270 1791 2306 in

479 2329 556 2364 illis
598 2329 776 2377 partibus
820 2329 989 2378 intelligi
1025 2341 1166 2378 panem
1214 2329 1446 2365 cotidianum
1458 2343 1469 2372 ;
1524 2341 1611 2364 nam
1657 2328 1847 2378 magni35

473 2387 625 2435 peccati
662 2387 822 2423 crimine
862 2394 1131 2437 arguerentur
1170 2387 1234 2435 qui
1271 2399 1322 2422 ex
1359 2399 1401 2422 eo
1439 2386 1579 2422 cotidie
1617 2398 1689 2421 non
1729 2398 1791 2421 ac-

478 2444 634 2493 cipiunt,
679 2446 748 2480 sed
786 2445 832 2480 de
864 2445 945 2481 istis
981 2444 1123 2480 dictum
1159 2452 1213 2481 est
1246 2445 1340 2480 nihil
1371 2444 1407 2480 in
1441 2445 1606 2480 alteram
1635 2451 1791 2493 partem

550 2633 570 2652 1.
592 2627 634 2652 A:
657 2625 688 2652 in
710 2625 889 2652 criminibus
909 2625 1008 2659 dcem
1042 2625 1082 2652 ib.
1116 2626 1144 2652 A
1179 2625 1208 2652 in
1231 2633 1344 2660 marg:
1371 2632 1403 2659 4.
1512 2625 1538 2653 8.
1568 2625 1606 2651 B:
1633 2627 1665 2651 ut
1692 2624 1792 2656 deest;

479 2659 519 2686 ib*
543 2661 586 2686 A:
607 2663 640 2687 al
658 2668 728 2695 pro.
802 2660 840 2687 15.
862 2661 904 2686 A:
927 2661 1035 2687 ultima
1056 2660 1155 2693 (ἱερεῖς
1178 2660 1199 2686 Β
1220 2660 1249 2687 in
1273 2668 1368 2695 marg.
1391 2660 1486 2687 addit,
1566 2667 1612 2686 20.
1634 2659 1672 2686 B:
1694 2659 1732 2687 El
1751 2658 1791 2686 id.

480 2702 522 2721 22.
545 2695 582 2721 B:
606 2698 634 2721 et
654 2696 749 2721 deest.
823 2693 868 2728 34.
891 2695 934 2721 A:
951 2695 1139 2730 probantur.

551 2788 580 2818 7.
601 2777 719 2808 Matth.
734 2778 790 2815 VI,
811 2779 863 2816 34.
884 2777 935 2809 Cf.
952 2779 984 2809 S.
1001 2778 1182 2819 Augustini
1204 2778 1253 2809 De
1272 2788 1433 2808 sermone
1452 2778 1591 2808 Domini
1612 2778 1645 2808 in
1664 2783 1793 2815 monte,

482 2824 501 2853 l.
522 2834 548 2854 c.
569 2834 601 2864 ρ.
622 2833 696 2865 200.
788 2835 835 2855 10.
854 2824 932 2855 Joh.
951 2824 1006 2863 Vl,
1028 2834 1079 2865 27.
1173 2835 1223 2855 11.
1243 2825 1286 2855 ib.
1302 2834 1358 2865 4¹·
1454 2823 1501 2855 16.
1522 2823 1641 2854 Matth.
1661 2823 1716 2863 VI,
1736 2824 1792 2862 31;

482 2870 596 2901 Lucae
622 2870 691 2909 XII,
720 2880 772 2900 22.
