2003 3322
194 220 282 248 CAP.
303 211 370 265 XL]
663 222 875 254 SECUNDA
903 222 1028 254 PARS.

195 328 331 374 anime,
374 340 443 376 que
475 340 572 363 nunc
604 328 782 376 corporis
815 328 1041 377 infirmitate
1074 335 1243 363 vexatur
1275 336 1310 363 et
1343 328 1378 363 in
1414 340 1500 363 car-

195 386 319 421 nalem
360 385 669 421 consuetudinem
703 397 830 433 prona
865 393 933 432 est,
978 386 1080 434 quod
1112 386 1186 421 erit
1216 398 1365 421 summe
1393 386 1503 434 pacis

194 444 230 478 in
278 444 353 479 vita
397 451 540 486 eterna,
586 450 624 478 ut
663 455 735 478 non
774 443 898 479 solum
940 443 1036 479 velle
1074 444 1251 479 adiaceat
1290 443 1396 479 nobis
1433 443 1502 478 sed

194 501 312 536 eciam
346 501 481 536 boumn
511 501 711 550 perficere.
759 501 870 536 Nunc
903 501 999 536 enim
1036 501 1143 547 velle,
1178 501 1311 549 inquit,
1351 500 1502 536 adiacet

163 559 298 603 5milu',
332 558 524 609 perficere
560 566 685 594 autem
726 559 862 593 honum
898 571 970 594 non
1004 559 1165 605 invenio,
1212 559 1298 607 quia
1332 559 1499 594 nondum

194 617 229 652 in
267 624 375 652 terra
408 617 505 652 sicut
537 616 572 652 in
606 617 699 659 celo,
739 616 779 651 id
810 624 878 663 est,
919 617 1086 652 nondum
1121 617 1156 651 in
1189 629 1306 652 carne
1337 617 1433 651 sicut
1467 616 1502 650 in

192 674 331 724 spiritu
354 674 469 722 facta
503 681 558 710 est
591 675 767 710 voluntas
789 674 874 710 Dei.
910 675 1012 710 Nam
1046 681 1081 710 et
1113 674 1148 709 in
1182 674 1338 710 miseria
1369 681 1501 710 nostra

182 732 234 781 fit
266 733 444 767 voluntas
477 732 564 775 Dei,
605 744 688 767 cum
723 744 765 767 ea
793 731 970 781 patimur
995 744 1071 780 per
1104 744 1259 768 carnem
1294 744 1363 780 que
1397 731 1503 767 nobis

193 790 443 825 mortalitatis
480 789 564 825 iure
603 790 800 836 debentur,
845 802 914 838 que
946 790 1143 838 peccando
1191 790 1332 825 meruit
1370 797 1502 825 nostra

140 854 354 891 ronatura;
381 848 449 883 sed
471 847 511 882 id
532 848 722 883 orandum
748 855 814 890 est,
846 855 885 882 ut
906 847 1003 883 sicut
1032 848 1067 882 in
1091 848 1170 883 celo
1194 848 1244 882 ita
1269 854 1303 883 et
1332 847 1367 882 in
1391 855 1501 883 terra

179 905 259 954 fiat
282 905 458 941 voluntas
480 905 566 951 Dei,
600 905 640 940 id
671 912 738 952 est,
772 912 810 940 ut
833 906 1155 953 quemadmodum
1189 906 1502 941 condelectamur

192 963 272 1012 legi
327 963 403 999 Dei
456 964 663 998 secundum
729 963 918 999 hominem
980 963 1215 1008 interiorem,
1280 963 1330 998 ita
1383 963 1500 998 eciam

191 1020 371 1070 corporis
403 1020 671 1056 immutacione
694 1021 810 1069 sacta
849 1021 936 1056 lzuic
972 1028 1103 1057 nostre
1126 1021 1374 1057 delectacioni
1396 1021 1500 1056 nulla

186 1091 285 1127 pars
308 1085 441 1114 nostra
475 1079 639 1114 terrenis
673 1079 870 1114 doloribus
901 1091 966 1115 seu
997 1079 1257 1128 voluptatibus
1272 1079 1503 1128 perniciosis

140 1139 175 1170 15
192 1137 437 1173 adversetur.

249 1194 330 1229 Nec
362 1194 458 1229 illud
485 1207 505 1229 a
538 1195 698 1230 veritate
729 1194 926 1240 abhorret,
961 1201 1000 1229 ut
1031 1194 1288 1243 accipiamus:
1318 1194 1410 1229 Fiat
1438 1207 1500 1230 νο-

193 1252 320 1287 luntas
352 1259 415 1286 tua
448 1252 546 1288 sicut
577 1253 612 1288 in
646 1252 725 1288 celo
759 1260 793 1287 et
826 1252 861 1287 in
895 1259 1015 1299 terra,
1051 1253 1090 1287 id
1122 1259 1189 1297 est,
1221 1252 1319 1288 sicut
1351 1252 1386 1287 in
1420 1252 1501 1300 ipso

194 1309 345 1345 domino
380 1317 511 1345 nostro
541 1310 631 1346 Jesu
665 1310 820 1345 Christo
853 1310 906 1345 ita
938 1317 973 1345 et
1006 1310 1041 1345 in
1075 1310 1258 1354 ecclesia;
1303 1317 1499 1358 tamquam

193 1367 228 1402 in
263 1367 346 1403 viro
380 1368 444 1415 qui
468 1368 597 1416 patris
630 1368 862 1403 voluntatem
905 1367 1091 1416 implevit,
1137 1368 1189 1402 ita
1222 1375 1256 1403 et
1289 1368 1325 1403 in
1346 1368 1500 1415 femina

136 1439 178 1459 20
194 1437 263 1473 que
295 1425 353 1460 illi
383 1432 438 1461 est
471 1426 712 1474 desponsata.
753 1425 884 1460 Celunz
919 1425 1015 1461 enim
1046 1433 1081 1460 et
1104 1432 1210 1460 terra
1235 1425 1502 1461 convenienter

193 1483 425 1532 intelligitur
479 1484 589 1532 quasi
631 1484 691 1518 vir
735 1491 770 1519 et
804 1483 971 1531 semina,
1025 1483 1202 1532 quoniam
1255 1491 1362 1518 terra
1420 1484 1500 1519 celo

182 1541 425 1588 fecundante
447 1541 669 1589 fructifera
704 1548 770 1578 est.
807 1542 888 1577 Hec
922 1541 1178 1587 Augustinus.

248 1598 416 1634 Videtur
454 1598 573 1634 istum
608 1608 792 1635 sanctum
828 1598 868 1634 in
902 1598 1081 1647 quolibet
1113 1598 1283 1635 istorum
1317 1611 1381 1634 sex
1414 1611 1500 1634 sen-

192 1668 308 1692 suum
348 1656 417 1704 qui
451 1666 542 1692 sunt
583 1657 678 1693 satis
719 1657 924 1702 catholici,
984 1656 1193 1692 intendere
1233 1656 1497 1693 clemenciam

136 1719 174 1750 25
193 1713 264 1749 Dei
298 1714 438 1760 nostri,
475 1724 511 1750 et
543 1715 599 1750 sic
624 1714 819 1762 Spiritum
848 1716 1041 1751 Sanctum
1076 1715 1115 1750 in
1149 1727 1221 1750 suo
1255 1727 1375 1762 opere
1409 1727 1501 1750 con—

191 1781 407 1818 summato,
454 1781 496 1808 ut
529 1772 631 1808 sicut
664 1781 754 1820 post
787 1772 982 1820 Spiritum
1017 1774 1210 1808 Sanctum
1251 1785 1328 1808 non
1371 1782 1429 1808 est
1461 1772 1500 1807 in

191 1832 275 1865 Deo
309 1842 481 1877 persona
519 1830 610 1877 alia,
652 1830 708 1866 sic
742 1839 831 1878 post
870 1830 987 1866 istam
1022 1830 1264 1878 peticionem
1299 1830 1499 1878 triplicem

190 1900 270 1923 non
304 1896 361 1924 est
386 1887 533 1935 peticio
559 1901 679 1937 quam
705 1888 832 1924 fidelis
857 1888 1079 1936 porrigeret
1104 1888 1287 1924 trinitati.
1323 1890 1364 1923 In
1388 1888 1500 1924 cuius

192 1945 547 1982 confirmacionem
596 1946 633 1982 in
680 1946 858 1994 qualibet
903 1947 1044 1981 harum
1091 1946 1212 1982 trium
1252 1945 1499 1993 peticionum

135 2005 274 2040 30De0
319 2003 358 2039 in
397 2005 573 2039 secunda
613 2016 785 2050 persona
827 2005 990 2040 verbum
1033 2013 1215 2040 nostrum
1257 2004 1501 2052 porrigimus

191 2074 236 2096 ac
281 2061 310 2096 si
352 2061 524 2098 fideliter
565 2061 881 2109 intelligeremus
921 2064 1029 2110 quod
1068 2062 1108 2097 in
1147 2062 1222 2098 ista
1257 2062 1431 2110 simplici
1465 2072 1502 2098 et

189 2132 269 2154 una
301 2128 444 2155 natura
479 2119 553 2155 ista
586 2119 744 2156 trinitas
777 2119 963 2156 inexistit.

719 2243 858 2284 CAP.
891 2243 978 2283 XI.

249 2349 520 2386 Crisostomus
572 2359 707 2386 autem
761 2363 882 2398 super
926 2350 1001 2386 isto
1047 2358 1154 2385 textu
1200 2350 1256 2386 sic
1302 2350 1499 2398 loquitur:

136 2413 175 2445 35
192 2408 388 2455 Numquid
421 2420 492 2443 non
515 2408 621 2456 facit
652 2408 759 2443 Deus
792 2409 893 2456 quod
925 2409 1004 2443 vult
1037 2408 1204 2456 ubique?
1254 2408 1411 2444 Dictum
1446 2416 1501 2444 est

191 2465 310 2501 enim:
348 2465 498 2512 Omnia,
532 2465 664 2514 inquit,
698 2478 931 2514 quecumque
963 2466 1083 2501 voluit
1105 2466 1207 2514 fecit
1240 2466 1432 2502 Dominus
1464 2466 1499 2501 in

191 2523 271 2559 celo
315 2531 350 2559 et
393 2523 429 2558 in
474 2531 596 2571 terra,
643 2524 678 2558 in
718 2524 821 2559 mari
857 2531 892 2559 et
937 2523 972 2559 in
1012 2524 1186 2560 omnibus
1224 2524 1371 2560 abissis.
1425 2524 1502 2560 Sed

260 2700 288 2723 4.
323 2691 361 2718 13:
395 2699 475 2718 nunc
504 2694 613 2718 aulem.
729 2700 768 2719 10.
802 2693 847 2719 A:
880 2693 935 2718 sed
966 2692 1050 2719 illud.
1165 2700 1201 2718 12.
1238 2693 1281 2719 A:
1317 2692 1377 2719 Dei
1406 2692 1500 2719 deest.

193 2733 229 2751 21.
259 2726 302 2751 A:
335 2726 438 2752 celum.
560 2725 602 2753 23.
632 2727 659 2753 A
686 2727 715 2752 in
743 2735 857 2761 marg:
890 2727 1057 2753 lohannes.
1166 2727 1209 2754 28.
1239 2727 1277 2753 13:
1308 2728 1500 2762 porrigeres.

191 2758 233 2786 33.
256 2760 293 2786 ss:
318 2759 392 2795 Cap.
415 2760 455 2786 XI
475 2760 567 2787 deest.

260 2842 291 2871 4.
306 2832 409 2862 Rom.
424 2831 556 2872 V11,18.
623 2833 676 2873 34.
692 2833 757 2874 Op.
773 2833 870 2874 Imp„
888 2832 1075 2874 l.c.p.811.
1149 2832 1455 2871 36.Ps.CXXX1V‚
1471 2831 1501 2863 6.

1710 224 1789 261 279

1540 2356 1762 2391 Chrysostom:

1540 2389 1608 2417 God
1630 2391 1704 2417 does
1726 2391 1762 2417 all

1576 2425 1621 2452 He
1641 2426 1737 2459 wills;
