2003 3322
216 227 296 273 432
923 232 1041 265 opus
1066 231 1403 265 EVANGELICUM
1640 218 1745 276 [CAP.
1766 229 1815 257 LI.

505 341 581 377 illis
614 341 832 377 attendere.
866 339 1051 376 Attencio
1086 339 1190 375 enim
1225 339 1453 387 evangelica
1486 340 1558 376 hec
1585 352 1666 376 non
1688 348 1818 388 potest

506 400 556 435 ad
596 411 739 435 sanum
779 410 939 434 sensum
979 397 1116 434 referri
1155 398 1205 433 ad
1243 397 1311 433 illa
1343 410 1420 446 que
1458 397 1689 434 horninibus
1727 407 1819 434 sunt

506 456 708 504 preterita,
755 465 798 492 ut
842 468 961 492 nemo
1013 467 1107 491 sane
1162 456 1327 491 mandat
1378 467 1484 491 nunc
1536 456 1644 503 quod
1695 456 1818 492 homo

506 515 688 551 attendat
726 515 777 550 ad
816 513 1008 561 pericula,
1049 525 1126 561 que
1164 521 1254 549 sunt
1296 512 1336 549 in
1375 512 1489 561 aquis
1528 513 1684 560 diluvii3
1729 513 1819 550 ideo

506 572 729 620 periculum
781 571 949 608 istorum
1003 571 1195 607 falsorum
1256 572 1546 618 prophetarum
1600 584 1622 607 a
1674 571 1852 620 quibusS

507 629 690 667 Christus
724 630 892 666 mandat
924 630 1129 665 attendere
1168 641 1241 676 pro
1273 637 1455 676 tempore
1487 627 1605 664 huius
1638 628 1820 665 doctrine

508 687 733 736 evangelice
778 697 837 724 est
880 687 1058 723 futurum
1107 695 1144 723 et
1187 685 1310 722 nichil
1349 686 1677 734 consequencius,
1725 687 1819 735 quia

507 746 617 794 prius
656 745 806 781 dictum
848 754 905 781 est
938 746 1047 793 quod
1089 744 1185 780 fides
1227 744 1392 780 ecclesie
1430 744 1504 780 fuit
1537 756 1607 792 per
1639 744 1820 781 infideles

507 803 686 852 duplices
730 803 971 849 insultanda,
1017 802 1170 838 scilicet
1214 814 1286 849 per
1328 802 1509 838 infideles
1552 815 1574 838 a
1619 802 1821 850 principio

507 861 748 898 extrinsecos
794 870 830 897 et
874 873 945 908 per
983 860 1179 896 hereticos
1230 859 1297 907 qui
1338 860 1449 908 prius
1490 860 1626 896 fideles
1665 860 1879 896 fuerant10

508 929 545 956 et
584 920 847 967 postmodum
889 918 1090 964 infideles3
1130 927 1167 954 et
1205 917 1295 954 illos
1335 927 1451 954 vocat
1486 917 1668 954 Christus
1701 918 1821 954 falsos

508 978 746 1026 propheta53
779 977 901 1013 falsos
924 975 1086 1024 quidem
1112 975 1207 1024 quia
1235 984 1417 1024 patenter
1441 975 1600 1012 deviant
1629 989 1651 1012 a
1673 975 1821 1013 =semita

507 1038 598 1072 Jesu
623 1034 791 1082 Christi;
827 1043 863 1071 et
896 1047 987 1070 curn
1021 1034 1105 1082 ipse
1138 1033 1188 1070 sit
1221 1033 1353 1082 prima
1385 1033 1544 1078 veritas,
1578 1045 1739 1070 necesse
1765 1043 1822 1070 est

508 1093 606 1130 istos
650 1093 706 1129 sic
751 1092 887 1129 devios
927 1104 1009 1128 esse
1048 1092 1182 1128 falsos.
1230 1092 1451 1139 Prophetas
1490 1100 1623 1128 autern
1663 1100 1823 1139 oportet

508 1151 615 1200 ipsos
660 1163 757 1197 esse,
807 1150 901 1198 quia
946 1158 1105 1198 oportet
1149 1150 1258 1197 ipsos
1302 1162 1384 1186 esse
1428 1149 1629 1197 ypocritas
1676 1159 1713 1186 et
1753 1153 1878 1197 per15

509 1221 758 1257 consequens
791 1217 951 1256 oportet
984 1208 1091 1255 ipsos
1123 1208 1220 1244 false
1253 1207 1383 1244 dicere
1417 1208 1595 1243 futurum
1630 1207 1821 1255 gaudium

509 1276 628 1316 atque
661 1265 875 1311 iudicium3
909 1279 983 1302 nec
1015 1278 1213 1314 ponamus
1235 1265 1315 1302 vim
1349 1265 1390 1301 in
1422 1265 1510 1311 isto,
1545 1265 1575 1301 si
1608 1274 1821 1314 sequatur:

509 1325 574 1362 Isti
607 1333 698 1361 sunt
720 1324 808 1361 falsi
833 1325 1039 1372 prophete,
1074 1336 1167 1371 ergo
1190 1332 1281 1360 sunt
1303 1324 1511 1371 prophete,
1546 1323 1647 1359 sicut
1669 1323 1825 1359 videtur

510 1383 803 1420 Crisostomum
867 1383 977 1430 large
1038 1381 1171 1429 loqui3
1241 1390 1277 1418 et
1345 1381 1504 1417 videtur
1572 1381 1821 1429 evangelium

507 1442 593 1477 Joh.
633 1442 766 1490 XVIII⁷
806 1440 849 1476 13
896 1440 1066 1488 loquens
1113 1441 1160 1476 de
1194 1440 1335 1487 Cayfa:
1387 1439 1495 1485 Cum,
1539 1438 1682 1487 inquit,
1727 1447 1824 1475 esset
1840 1452 1881 1473 20

504 1499 690 1548 pontifex
732 1499 823 1534 anni
864 1498 980 1545 illius,
1007 1498 1260 1547 prophetavit
1304 1498 1452 1533 dicens.-
1502 1497 1675 1546 Expedit
1707 1509 1821 1533 unum

509 1557 699 1593 hominem
734 1556 838 1592 mori
862 1568 939 1605 pro
968 1556 1127 1605 populo,
1162 1555 1203 1592 Si
1236 1564 1371 1591 autem
1405 1554 1494 1603 quis
1526 1554 1668 1591 dixerit
1701 1556 1821 1603 quod,

509 1615 611 1651 sicut
633 1627 714 1650 non
736 1614 932 1662 sequitur:
968 1615 1043 1650 Iste
1067 1622 1124 1650 est
1147 1614 1267 1650 falsus
1291 1613 1477 1649 denarius
1501 1625 1595 1661 ergo
1620 1612 1821 1659 denarius,

510 1673 604 1722 quia
636 1673 786 1708 fructus
820 1671 973 1708 denarii
997 1671 1177 1719 privatur
1200 1683 1270 1719 per
1292 1670 1594 1707 inexistenciam
1623 1670 1820 1717 falsitatis,

509 1731 565 1767 ita
597 1730 806 1767 sciendum
840 1738 897 1766 est
931 1731 978 1766 de
1011 1730 1111 1766 falso
1144 1730 1362 1777 propheta:
1397 1741 1478 1765 non
1508 1730 1707 1765 contendo
1729 1741 1822 1765 vero
1839 1731 1878 1763 25

509 1788 550 1824 in
601 1788 678 1825 ista
730 1787 978 1824 dissensione
1029 1787 1191 1832 verbali,
1246 1788 1313 1823 sed
1365 1795 1461 1823 noto
1505 1788 1669 1822 verbum
1715 1787 1822 1834 quod

510 1846 692 1895 sequitur
738 1847 847 1894 quod
895 1847 1047 1881 veniunt
1086 1847 1135 1881 ad
1170 1845 1306 1881 fideles
1340 1845 1375 1880 in
1409 1845 1642 1881 vestimentis
1674 1844 1825 1889 ovium,-

511 1918 601 1941 curn
641 1903 746 1940 enirn
787 1905 859 1940 hee
898 1913 1006 1940 secte
1044 1912 1217 1952 quatuor
1255 1903 1332 1939 sint
1376 1901 1587 1950 generacio
1626 1902 1821 1948 adultera,

510 1971 671 2011 oportet
704 1963 811 2010 quod
845 1961 1062 2010 sophistice
1090 1958 1094 2014 1
1123 1970 1293 2010 querant
1325 1960 1458 2008 signa3
1491 1960 1582 1996 ideo
1614 1973 1695 1996 non
1727 1959 1823 1996 dicit
1865 1967 1945 2004 400c

511 2020 694 2057 Christus
734 2020 843 2068 quod
881 2019 1044 2056 veniunt
1087 2020 1128 2055 in
1168 2027 1299 2055 mente
1337 2019 1398 2054 vel
1429 2018 1635 2054 voluntate
1674 2017 1880 2063 ovium,30

511 2079 550 2114 in
595 2079 740 2127 quibus
784 2077 1034 2114 subiectatur
1081 2077 1300 2114 christiana
1344 2075 1482 2124 religio
1522 2077 1590 2112 sed
1628 2075 1669 2111 in
1707 2075 1823 2112 vesti-

513 2136 657 2173 mentis
696 2135 844 2173 ovium.
891 2137 965 2172 Per
1004 2137 1080 2172 hoc
1120 2135 1225 2172 enim
1264 2143 1395 2182 potest
1434 2133 1617 2181 ypocrita
1655 2133 1823 2170 illudere

251 2209 313 2236 Not
333 2209 370 2236 all
392 2208 463 2235 who
512 2195 639 2242 magis
673 2193 870 2230 fidelibus.
913 2195 961 2229 Et
993 2193 1048 2230 ita
1080 2206 1161 2229 non
1195 2192 1386 2241 sequitur,
1429 2191 1461 2227 si
1494 2191 1550 2228 sic
1583 2191 1745 2228 veniunt
1783 2191 1823 2227 in

249 2244 467 2313 lgssg'filisnhgeaffes
509 2251 758 2289 vestimentis
797 2251 929 2288 ovium
964 2252 1071 2299 quod
1110 2260 1201 2287 sunt
1233 2263 1337 2297 oves,
1384 2262 1474 2286 curn
1508 2249 1689 2285 Christus
1728 2248 1824 2285 dicit

307 2314 411 2348 sheep.
511 2312 770 2359 postmodum
796 2311 904 2357 quod
937 2309 1176 2346 intrinsecus
1209 2317 1300 2344 sunt
1332 2307 1415 2356 lupi
1448 2319 1625 2355 rapaces.
1660 2309 1708 2343 Et
1731 2319 1821 2343 cum
1839 2311 1879 2343 35

511 2377 596 2405 tota
628 2367 895 2416 personalitas
929 2367 1104 2403 hominis
1137 2365 1319 2403 consistit
1351 2365 1392 2401 in
1424 2365 1567 2413 spiritu
1601 2373 1638 2401 et
1669 2377 1750 2401 non
1783 2364 1823 2400 in

511 2425 697 2472 vestibus,
743 2434 853 2474 patet
891 2427 999 2473 quod
1045 2438 1088 2461 ex
1126 2426 1201 2461 hoc
1238 2423 1418 2472 sequitur
1457 2424 1565 2471 quod
1611 2431 1702 2459 sunt
1740 2421 1823 2470 lupi

512 2497 689 2532 rapaces.
736 2486 785 2520 Et
817 2496 907 2520 cum
942 2483 997 2519 hii
1029 2483 1127 2519 false
1159 2483 1353 2530 prophete
1392 2482 1634 2529 pretendunt
1666 2493 1706 2516 se
1739 2492 1823 2517 esse

511 2543 687 2590 prelatos
720 2542 781 2578 vel
814 2543 998 2577 doctores
1032 2540 1209 2586 ecclesie,
1244 2548 1353 2588 patet
1385 2540 1492 2587 quod
1525 2538 1666 2575 talium
1699 2537 1822 2586 aliqui

511 2608 602 2636 sunt
645 2612 736 2636 vere
774 2607 955 2647 pastores
993 2600 1053 2635 vel
1091 2598 1295 2635 adiutores
1340 2596 1516 2642 ecclesie,
1562 2595 1685 2645 aliqui
1728 2608 1880 2640 vero4o

512 2657 600 2694 falsi
640 2657 821 2706 ypocrite
866 2666 902 2693 et
950 2658 999 2693 ad
1044 2658 1262 2705 prudenter
1306 2654 1611 2691 discernendum
1659 2653 1821 2690 distinc-

583 2858 602 2878 1.
623 2850 667 2877 A:
687 2851 742 2876 hec
761 2849 857 2876 deest.
931 2849 957 2875 8.
981 2847 1103 2884 l3:fuit
1122 2848 1216 2875 deest.
1290 2855 1338 2883 29.
1361 2847 1398 2874 B:
1420 2850 1560 2883 querunt.
