2003 3322
224 184 312 211 CAP.
339 173 434 227 mv]
697 185 907 216 SECUNDA
936 185 1062 215 PARS.

223 294 357 329 credat
389 299 454 328 aut
495 304 596 338 vere,
629 304 713 327 cuni
747 291 795 327 sit
828 291 962 326 melius
994 291 1085 327 bene
1107 291 1267 326 credere
1299 302 1410 338 quam
1445 290 1536 326 bene

222 363 354 401 agere,
389 350 566 398 quoniam
588 349 695 398 fides
717 349 798 384 sine
820 349 999 397 operibus
1020 349 1166 397 aliquid
1188 356 1243 384 est
1271 348 1343 384 etsi
1382 355 1534 384 mortua

224 416 291 454 est,
327 420 422 457 opus
461 414 586 443 autem
626 407 706 442 sine
725 407 812 456 fide
850 406 968 442 nichil
999 414 1065 443 est.
1111 407 1159 442 Ut
1191 406 1281 454 quid
1313 418 1410 455 ergo
1432 406 1537 455 facit

224 466 393 502 bonurn?
442 465 489 500 Ut
534 465 711 500 videatur
741 465 788 500 ab
827 465 1039 500 hominibus
1071 471 1106 500 et
1138 464 1331 510 laudetur,
1385 470 1419 499 et
1452 464 1536 499 ideo

192 519 359 560 5bonunz
384 523 486 559 illius
509 523 653 558 malum
685 529 752 558 est.
787 522 829 557 Si
851 522 948 558 eninz
972 523 1052 558 sine
1075 522 1207 557 labore
1233 529 1393 571 poterat
1424 523 1536 557 lzonzo

224 582 360 617 bonum
385 581 529 629 facere
560 580 596 615 in
630 580 700 616 hoc
733 580 887 627 mundo7
937 580 1119 616 credibile
1152 587 1249 623 erat,
1303 587 1342 615 ut
1373 579 1537 629 infidelis

212 640 370 688 faceret
427 639 564 674 bonum
600 645 767 687 propter
811 638 881 674 hoc
927 638 1062 686 ipsunt,
1108 638 1194 686 quia
1228 638 1364 673 bonum
1395 638 1538 686 facere

223 698 360 733 bonum
406 703 473 732 est.
514 696 625 731 Nunc
665 703 792 731 autem
826 708 910 731 cum
944 696 1158 732 hominibus
1191 696 1226 731 in
1260 708 1377 731 carne
1409 696 1535 731 viven-

224 755 321 790 tibus
335 754 431 790 sicut
453 754 691 790 contrarium
707 754 756 789 sit
771 754 1068 801 bonumfacere,
1101 754 1155 789 sic
1177 753 1335 803 difficile
1360 761 1394 789 et
1411 766 1538 803 prope

173 812 466 861 roimpossibile,
500 819 540 847 ut
572 823 690 860 neque
721 811 857 861 magni
887 812 945 846 illi
973 812 1098 847 sancti
1123 812 1300 860 perfecte
1327 819 1538 860 potuerunt

224 870 384 919 explere
414 870 517 919 quod
548 870 686 905 bonum
720 876 795 913 est;
824 870 1015 917 quomodo
1048 869 1212 918 infidelis
1235 869 1366 917 faciat
1398 870 1536 906 bonum

225 941 308 965 cum
354 935 458 963 tanto
503 927 708 963 luctamine
740 927 886 963 nullam
931 940 1036 976 spem
1084 927 1352 963 retribucionis
1396 928 1538 963 habens

218 999 293 1036 pre
325 986 445 1022 oculis
475 986 586 1021 suis?
636 985 730 1029 Quis
763 998 927 1035 agonem
961 985 1119 1034 suscipit
1158 993 1237 1021 tam
1272 986 1535 1034 periculosum

224 1044 324 1080 unde
350 1044 526 1093 palmam
560 1056 632 1079 non
655 1044 818 1092 sperat?
856 1043 959 1087 Quid
981 1044 1109 1093 ergo?
1142 1044 1230 1079 Sine
1262 1044 1374 1079 dubio
1405 1051 1538 1092 sperat

171 1102 381 1150 15aliquid‚
414 1114 511 1151 ergo
535 1101 666 1149 faciat
698 1101 858 1137 bonunz:
901 1102 1002 1150 quod
1034 1109 1089 1137 est
1134 1101 1231 1136 illud
1264 1109 1303 1136 ut
1335 1109 1536 1138 mereatur

224 1160 270 1196 ab
303 1159 517 1195 hominibus
547 1160 719 1209 gloriam
754 1172 905 1194 vanam.
960 1160 1061 1195 Nam
1107 1160 1268 1195 multam
1317 1160 1383 1195 dat
1415 1160 1535 1195 virtu-

224 1225 298 1253 tenz
332 1218 477 1253 homini
521 1218 573 1252 ad
606 1218 863 1253 laborandum
904 1217 1214 1266 concupiscencia
1260 1230 1355 1254 vane
1385 1218 1538 1267 glorie;

223 1283 258 1311 et
288 1276 322 1312 si
352 1288 436 1311 cunz
481 1275 727 1325 indulgencia
767 1287 926 1324 possum
961 1275 1088 1311 dicere
1121 1275 1307 1311 maiorem
1361 1277 1428 1311 dat
1459 1276 1536 1311 vir-

223 1341 339 1369 tutem
373 1333 518 1369 homini
547 1333 735 1383 ypocrite
766 1333 1075 1381 concupiscencia
1117 1345 1212 1369 vane
1242 1333 1384 1383 glorie,
1423 1346 1536 1382 quam

169 1392 401 1441 20fidelibus
451 1403 538 1440 spes
582 1391 697 1441 regni
734 1391 894 1426 celestis.
950 1391 1002 1426 Et
1035 1391 1103 1426 lzec
1137 1398 1192 1427 est
1225 1392 1348 1438 racio,
1402 1399 1537 1427 contra

224 1462 329 1498 spem
364 1449 479 1499 regni
514 1449 664 1485 celestis
714 1450 950 1485 adversatur
983 1457 1122 1484 natura
1156 1449 1297 1485 carnis.
1351 1450 1536 1498 Concupi-

224 1507 372 1543 scencia
406 1514 531 1542 autem
566 1519 661 1542 vane
682 1507 812 1556 glorie
843 1519 894 1542 ex
916 1519 1033 1543 carne
1065 1514 1139 1543 est:
1171 1515 1206 1543 et
1237 1507 1321 1543 ideo
1354 1508 1539 1544 consentit

226 1565 259 1601 ei
290 1565 419 1601 carnis
451 1572 603 1600 natura.
639 1565 729 1600 Ideo
762 1577 859 1614 ergo
895 1565 1007 1600 dicit:
1045 1565 1178 1601 Omnis
1211 1566 1331 1601 arbor
1363 1578 1432 1613 que
1465 1578 1536 1601 non

217 1623 323 1671 facit
344 1623 526 1671 fructum
580 1623 732 1669 bonum,
784 1623 988 1658 excidetur
1039 1630 1074 1658 et
1118 1623 1154 1658 in
1188 1623 1316 1672 ignem
1350 1624 1537 1669 mittetur,

170 1690 208 1721 25
226 1681 312 1731 quia
352 1689 385 1716 et
423 1681 527 1716 mala
578 1681 698 1716 arbor
744 1681 898 1716 videtur
921 1681 1065 1729 facere
1108 1681 1300 1717 iusticiam
1345 1682 1413 1717 sed
1464 1693 1537 1717 non

225 1739 361 1774 bonanz
396 1750 462 1774 nec
483 1739 535 1773 ad
557 1751 664 1774 usunz
695 1738 971 1788 proficientem.
1008 1739 1109 1773 Nam
1133 1740 1198 1787 qui
1223 1746 1390 1788 propter
1411 1740 1537 1774 Deum

216 1796 321 1845 facit
343 1796 546 1843 iusticiam,
581 1797 687 1832 Deus
719 1797 824 1832 illanz
860 1797 1061 1832 mandavit
1093 1797 1266 1845 etfacit.
1307 1798 1383 1841 Qui
1413 1804 1538 1833 autem

221 1861 387 1903 propter
420 1867 556 1889 vanam
579 1855 752 1904 gloriam
777 1854 882 1902 facit
914 1855 1065 1901 bonum,
1106 1855 1281 1891 diabolus
1304 1855 1541 1903 illudsacit;

226 1920 261 1948 et
292 1912 375 1948 ideo
399 1912 575 1948 diabolus
608 1913 822 1948 delectatur
845 1913 880 1948 in
911 1925 965 1950 eo.
1000 1913 1139 1948 Falsos
1162 1913 1286 1963 igitur
1309 1913 1540 1949 christianos

170 1980 212 2012 30
227 1982 319 2018 quos
351 1971 458 2006 Deus
490 1970 525 2005 in
566 1970 694 2020 ignem
745 1970 950 2006 mittendos
988 1971 1185 2019 promittit
1223 1971 1414 2017 Christus7
1468 1983 1539 2019 quo

228 2029 341 2064 modo
375 2035 413 2063 tu
440 2035 558 2076 putas
585 2029 798 2077 participes
841 2029 977 2079 gracie
1010 2029 1100 2064 tue?
1138 2030 1221 2065 Hec
1255 2029 1536 2065 Crisostomus.

731 2210 869 2252 CAP.
903 2212 1024 2252 LIV.

282 2307 344 2341 Ad
377 2305 682 2354 intelligendum
716 2309 836 2344 verba
869 2307 1031 2343 subtilia
1064 2307 1180 2344 huius
1219 2308 1347 2343 sancti
1381 2317 1539 2356 oportet

228 2372 367 2400 notare
427 2364 710 2401 distincciones
770 2375 807 2401 et
867 2365 1201 2413 equivoeaciones
1260 2366 1537 2402 communium

172 2421 502 2461 35terminorum.
569 2425 669 2459 Nam
722 2425 872 2459 bonum
925 2433 960 2459 et
1016 2424 1166 2459 malum
1213 2423 1401 2460 dicuntur
1444 2424 1538 2460 satis

228 2479 416 2527 equivoee
461 2489 503 2516 ut
550 2480 715 2528 aliquod
760 2490 816 2517 est
860 2482 1011 2517 bonum
1058 2491 1213 2528 nature,
1262 2481 1317 2518 sic
1362 2481 1539 2530 quelibet

296 2666 311 2693 3
344 2667 513 2702 B:facI'at.
605 2676 631 2701 7,
653 2667 680 2694 8.
701 2668 746 2694 A:
762 2666 956 2703 quiafacere
971 2668 1079 2695 bonum
1099 2671 1150 2695 est.
1243 2676 1270 2703 ς).
1292 2669 1336 2695 A:
1356 2669 1397 2696 sit
1415 2671 1539 2695 contra-

228 2701 317 2740 rium:
428 2701 465 2728 13.
492 2702 529 2728 13:
560 2702 641 2737 Quid
662 2710 805 2736 agonem.
884 2702 920 2730 15.
942 2703 979 2729 B:
1010 2704 1080 2730 ideo
1097 2702 1183 2739 facit
1201 2704 1320 2730 bonum.
1431 2711 1472 2736 10.
1493 2705 1536 2730 A:

227 2736 346 2762 homini
364 2736 456 2775 deest.
530 2744 575 2763 20.
591 2737 630 2763 B:
652 2737 706 2763 liec
727 2737 821 2773 deest.
895 2745 938 2771 22,
959 2737 1000 2764 23.
1022 2739 1066 2765 A:
1088 2739 1223 2765 consistit
1237 2747 1274 2765 ex
1288 2739 1394 2765 carnis
1413 2741 1537 2765 natura.

229 2778 272 2804 27.
293 2772 337 2797 A:
360 2774 388 2797 et
399 2771 487 2806 jacit
500 2771 592 2798 deest.
696 2770 740 2798 30.
763 2771 804 2798 B:
828 2772 909 2799 Deus
929 2772 1022 2799 deest.
1128 2771 1165 2798 31.
1188 2773 1306 2800 Codd.:
1327 2773 1420 2800 modo
1441 2773 1536 2799 deest.

227 2803 270 2831 32.
291 2807 319 2832 A
339 2805 369 2832 in
390 2814 503 2840 marg:
525 2808 576 2839 513
611 2807 639 2833 A
659 2806 689 2832 in
711 2814 825 2840 marg:
860 2807 1027 2834 Johatztzes.
1110 2807 1153 2834 35.
1173 2808 1201 2834 A
1222 2807 1252 2834 in
1274 2816 1387 2841 marg:
1419 2815 1441 2833 1.

1741 175 1819 220 443

1585 297 1673 332 Right
1694 297 1787 324 belief

1595 333 1691 359 better
1711 333 1783 359 than

1577 367 1659 401 right
1679 367 1790 394 action.

1578 1164 1657 1192 Vain
1678 1164 1765 1199 ῥζίοῑ)7
1785 1172 1801 1190 a

1615 1198 1763 1238 powerful

1626 1238 1750 1261 motu-e.

1582 2309 1641 2337 &Vc
1661 2314 1751 2347 must·
1764 2309 1800 2336 bc

1607 2352 1725 2379 precise
1745 2352 1775 2370 ιη

1613 2380 1771 2413 language.
