2062 3327
185 243 274 271 CAP.
294 233 362 287 lx]
704 245 844 276 PRlMA
871 245 997 277 PARS.

186 352 366 389 Christus
398 350 599 388 benedixit
631 350 725 399 pani
758 359 795 388 et
815 350 992 399 piscibus
1015 352 1065 388 ad
1089 352 1283 400 populum
1318 353 1497 389 nutrien—

185 411 293 457 dum,
327 410 557 447 sacerdotes
596 408 778 446 moderni
817 409 1059 446 benedicunt
1099 409 1220 446 armis
1260 410 1499 458 duplicibus,

183 468 334 505 scilicet
359 467 544 504 invasivis
572 476 611 504 et
642 466 865 513 defensivis,
899 468 949 504 ad
982 468 1178 516 populum
1211 467 1499 517 occidendum3

183 535 220 563 et
251 525 308 563 sic
344 526 434 562 loco
473 524 772 562 benediccionis
813 524 917 561 mitis
956 538 1098 562 manus
1138 527 1295 562 dextere
1334 527 1500 563 maledi-

150 586 166 619 5
184 592 279 621 cunt
311 584 540 621 sacerdotes
564 583 780 620 crudeliter
804 596 894 620 curn
927 583 1074 632 gladio,
1098 584 1238 620 lancea
1263 593 1300 620 et
1333 584 1498 633 sagitta;

183 651 220 679 et
252 641 309 679 sic
342 642 440 678 fides
473 654 593 690 quam
629 641 811 678 Christus
851 650 1021 679 reserat:
1067 642 1286 678 Benedicite
1318 650 1353 679 et
1385 643 1500 679 nolite

182 701 412 737 maledicere
443 712 513 748 per
544 699 782 736 Antichristi
813 699 1037 737 versuciam
1077 709 1135 737 est
1173 712 1320 737 eversa.
1374 703 1499 737 Num-

183 758 279 807 quid
311 757 511 795 credimus
544 759 642 795 tales
676 757 777 794 filios
811 770 895 794 esse
919 757 1115 795 hereticos
1149 758 1216 807 qui
1249 758 1306 795 sic
1338 759 1499 795 subver-

181 824 269 853 tunt
302 829 324 853 a
357 815 507 852 miticia
555 816 595 852 in
640 815 962 853 destruccionem
1009 817 1287 853 membrorum
1333 816 1499 854 ecclesie

128 888 166 909 10
181 874 301 911 fidem
335 873 508 911 Christi?

711 997 852 1040 CAP.
884 998 959 1038 IX.

238 1108 338 1143 Cum
374 1107 481 1144 iuxta
514 1107 634 1143 fidem
674 1107 864 1143 Proverb.
904 1106 1048 1143 ultimo
1088 1115 1216 1143 mater
1249 1107 1416 1145 ecclesia
1449 1108 1497 1145 sit

178 1165 317 1201 mulier
339 1165 478 1214 fortis,
512 1173 619 1213 patet
664 1167 772 1214 quod
817 1165 946 1202 clerus
990 1165 1174 1213 superior
1206 1174 1264 1202 est
1296 1166 1497 1214 pudicicia

178 1222 366 1271 precipue
399 1225 688 1272 perornandus.
722 1224 800 1259 Sed
831 1223 1078 1271 Augustinus
1116 1223 1213 1260 dicit
1250 1223 1290 1259 in
1322 1233 1493 1261 tractatu

126 1283 160 1316 15
177 1294 257 1329 quo
301 1294 440 1329 supra:
496 1282 660 1326 Quintus
697 1281 889 1318 abusionis
932 1282 1088 1332 gradus
1130 1289 1186 1318 est
1220 1282 1374 1331 femina
1416 1283 1497 1319 sine

172 1339 378 1389 pudicicia.
427 1340 533 1375 Sicut
575 1340 672 1376 enim
725 1351 854 1376 omnes
899 1352 1027 1376 mores
1070 1341 1187 1376 bonos
1228 1348 1422 1389 procurat
1462 1349 1497 1377 et

177 1397 343 1434 custodit
364 1398 400 1433 in
425 1398 519 1434 viris
542 1398 745 1447 pudencia,
769 1397 823 1433 sic
846 1405 881 1434 et
903 1398 939 1433 in
956 1398 1120 1446 feminis
1142 1406 1298 1434 cunctos
1319 1399 1497 1435 honestos

177 1462 286 1491 actus
318 1456 452 1501 nutrit,
476 1456 592 1504 fouet
623 1463 659 1492 et
681 1456 847 1492 custodit
863 1456 1070 1505 pudicicia.
1105 1456 1301 1492 Pudicicia
1334 1469 1497 1506 namque

177 1513 365 1550 castitatis
396 1514 609 1550 avariciam
643 1514 831 1562 refrenat,
876 1514 961 1550 lites
993 1515 1150 1562 devitat,
1195 1515 1295 1550 iram
1329 1515 1496 1565 mitigat,

121 1584 162 1605 20
178 1571 370 1607 libidinem
395 1579 568 1621 occupat,
592 1571 838 1621 cupiditatem
863 1579 1066 1622 temperat,
1092 1573 1289 1609 lasciviam
1315 1573 1495 1623 castigat,

177 1629 399 1665 ebrietatem
434 1637 554 1677 cavet,
572 1630 689 1666 verba
723 1642 795 1665 non
829 1630 1072 1680 multiplicat,
1103 1631 1197 1681 gule
1228 1631 1495 1681 concupiscen-

176 1687 273 1723 ciam
307 1695 520 1738 oppugnat,
544 1688 704 1737 furtum
750 1688 902 1724 omnino
945 1689 1141 1738 dampnat.
1195 1689 1298 1733 Quid
1345 1690 1497 1739 plura?

183 1745 320 1781 Omnia
354 1746 450 1782 vicia
494 1746 699 1796 restringit
732 1753 767 1782 et
810 1758 940 1783 omnes
979 1746 1140 1783 virtutes
1172 1748 1291 1783 bonas
1322 1755 1357 1783 et
1389 1747 1496 1796 quid-

177 1803 268 1852 quid
306 1816 439 1840 coram
472 1804 556 1840 Deo
594 1811 629 1840 et
666 1804 881 1840 hominibus
920 1805 1114 1841 laudabile
1153 1812 1208 1841 est
1246 1805 1378 1841 nutrit.
1418 1806 1494 1841 Im-

121 1861 315 1911 25pudica
348 1874 510 1910 namque
533 1862 608 1898 vita
632 1874 698 1898 nec
720 1863 873 1898 laudem
891 1863 937 1898 ab
960 1863 1176 1899 hominibus
1207 1863 1243 1899 in
1266 1864 1337 1900 hoc
1368 1864 1496 1900 seculo

177 1931 244 1955 nec
277 1920 628 1956 remuneracionem
675 1933 697 1956 a
743 1921 826 1956 Deo
870 1928 1049 1970 expectat
1080 1921 1116 1957 in
1137 1922 1296 1970 futuro.
1349 1922 1496 1958 Pudica

179 1989 270 2013 vero
304 1978 380 2013 vita
402 1979 560 2026 famam
594 1979 731 2014 bonam
764 1978 864 2015 inter
891 1979 1063 2015 homines
1079 1979 1255 2029 possidet
1286 1987 1321 2016 et
1354 1980 1399 2016 de
1430 1993 1497 2029 spe

168 2035 311 2083 future
354 2036 598 2072 beatitudinis
640 2037 800 2087 gaudet.
843 2037 1090 2074 Presentibus
1127 2038 1370 2088 semetipsam
1411 2038 1495 2074 imi-

178 2093 331 2129 tabilem
344 2094 461 2142 facit,
481 2094 651 2143 posteris
673 2095 899 2131 memoriam
923 2095 1125 2132 amabilem
1151 2096 1341 2145 relinquit.
1377 2096 1497 2133 Bonis

121 2154 163 2186 30
177 2163 331 2200 semper
362 2152 534 2188 moribus
566 2152 781 2188 delectatur
824 2160 859 2189 et
891 2154 1076 2190 consentit
1108 2161 1143 2189 et
1174 2154 1340 2191 assiduis
1371 2154 1495 2203 scrip-

175 2216 356 2245 turarum
390 2210 705 2246 meditacionibus
726 2218 761 2246 et
783 2211 942 2260 eloquiis
973 2212 1260 2262 animumfigit.
1294 2213 1495 2249 Bonorum

170 2268 465 2315 precedencium
498 2269 676 2318 exempla
721 2269 886 2305 custodit
929 2277 965 2305 et
1007 2270 1278 2319 inseparabilia
1306 2271 1497 2319 perfectis

176 2326 424 2361 contubernia
457 2326 581 2362 nectit.

233 2384 395 2420 Duobus
431 2396 528 2434 ergo
567 2385 692 2421 modis
729 2392 878 2421 constat
910 2398 999 2422 vere
1028 2386 1217 2435 pudicicie
1247 2386 1495 2433 exercitacio,

120 2444 160 2477 35
175 2441 318 2478 scilicet
375 2442 553 2491 corporis
611 2443 741 2478 habitu
788 2450 824 2479 et
865 2444 1069 2493 superficie
1119 2451 1154 2480 et
1200 2444 1320 2480 animi
1356 2445 1495 2493 affectu

176 2499 337 2536 interno.
372 2500 450 2536 Per
481 2500 717 2537 exteriorem
762 2501 918 2537 modum
953 2502 1063 2538 iuxta
1097 2502 1326 2551 Apostolum
1361 2515 1493 2539 coram

247 2669 275 2695 6.
298 2668 336 2707 ΒΞ
358 2676 449 2708 quam
471 2668 578 2708 Petrus
600 2672 730 2697 reserat.
806 2670 848 2697 16.
871 2671 900 2698 A
915 2670 944 2697 in
961 2678 1074 2706 marg:
1096 2670 1297 2708 Augustinus.
1319 2673 1357 2699 5η
1375 2672 1494 2700 abusio.

178 2710 216 2735 ¹7·
237 2703 281 2729 A:
303 2711 364 2730 viri
378 2702 564 2738 prudencia.
647 2704 688 2732 25.
708 2705 753 2732 A:
775 2712 908 2740 namque
928 2705 1022 2732 deest.
1106 2707 1152 2741 28,
1174 2713 1220 2741 29.
1242 2707 1286 2733 A:
1309 2706 1495 2734 mutabilem.

177 2736 224 2771 34.
247 2737 285 2764 B:
307 2745 380 2765 vero
400 2737 509 2765 modis.

245 2819 278 2853 6.
303 2820 407 2852 Rom.
433 2821 503 2861 XII,
535 2832 585 2863 14.
698 2825 748 2857 13.
774 2824 878 2856 Prov.
903 2824 1021 2864 XXXI,
1052 2834 1102 2856 10.
1219 2835 1272 2866 14.
1299 2825 1495 2867 Augustini,

177 2866 199 2898 l.
225 2877 254 2898 c.
278 2877 312 2909 p.
340 2876 416 2907 212,
445 2868 522 2901 213.

1738 248 1788 286 27

1546 1117 1747 1152 Augustine's

1534 1152 1599 1179 fifth
1621 1153 1732 1180 abuse:
1754 1161 1770 1179 a

1575 1188 1721 1214 whoman

1580 1221 1711 1249 without

1576 1257 1729 1294 modcsly.
