2003 3322
185 228 257 264 132

218 1737 343 1773 FIesth
361 1736 421 1764 and

183 1772 322 1807 spiritual
344 1779 448 1806 anger.

880 231 998 264 opos
1023 232 1358 264 EVANGELICUM
1501 220 1608 274 [CAP.
1629 227 1782 257 xxxvn.

468 339 504 374 in
539 339 646 389 lege:
682 339 765 374 Non
798 339 959 376 occides.
1007 339 1096 375 Ideo
1129 339 1189 375 hic
1219 339 1348 375 statim
1383 339 1429 374 ab
1468 339 1555 374 odio
1594 338 1704 388 cepit,
1745 345 1784 374 ut

462 408 538 446 per
569 396 815 432 concordiam
848 397 1121 433 mandatorum
1155 397 1233 446 ipse
1256 396 1473 433 inveniatur
1496 396 1664 433 dictator
1685 396 1785 447 legis

459 455 589 503 fuisse
613 461 647 491 et
668 454 825 505 gracie:
863 454 940 498 Qui
967 454 1152 491 irascitur
1171 455 1303 503 fratri
1333 467 1402 491 suo
1434 455 1515 491 sine
1546 466 1661 491 causa
1694 466 1785 490 reus

468 513 541 548 erit
572 512 713 559 iudicii,
748 524 845 562 ergo
877 512 942 561 qui
972 525 1056 548 cum
1089 525 1205 549 causa
1239 525 1311 549 non
1350 513 1422 549 erit
1466 525 1567 549 reus.
1613 512 1713 548 Nam
1753 512 1788 548 si

469 570 528 606 ira
561 583 634 606 non
656 570 799 619 fuerit,
833 582 899 606 nec
932 571 1109 607 doctrina
1127 571 1285 620 proficit
1317 582 1382 607 nec
1414 570 1553 607 iudicia
1585 577 1688 606 stant
1720 571 1819 606 neci>

469 628 631 664 crimina
665 635 971 677 compescuntur.
1008 628 1112 665 Iusta
1141 641 1240 679 ergo
1263 629 1322 664 ira
1346 635 1472 664 mater
1494 635 1549 665 est
1573 627 1785 677 discipline.

468 686 601 735 Itaque
632 698 704 722 non
733 693 870 735 peccat
901 686 966 735 qui
995 698 1079 723 cum
1120 699 1235 723 causa
1276 686 1472 732 irascitur,
1516 687 1586 723 sed
1630 693 1786 722 econtra

470 744 543 780 nisi
579 744 703 780 iratus
734 744 865 792 suerit
898 744 1086 793 peccavit,
1133 744 1218 793 quia
1259 744 1457 794 paciencia
1502 743 1788 780 irracionabilis

470 802 567 837 vicia
605 801 781 848 seminat,
826 801 1110 852 negligenciam
1152 803 1273 838 nutrit
1311 809 1347 838 et
1384 814 1456 838 non
1495 802 1618 838 solum
1664 802 1788 838 malos

468 860 537 895 sed
574 859 693 895 eciam
734 860 850 896 bonos
883 859 1019 895 invitat
1050 861 1102 896 ad
1133 861 1291 907 malum,
1337 860 1424 909 quia
1457 860 1584 896 malus
1615 860 1786 908 quidam,
1807 873 1846 895 10

469 917 644 966 quamvis
687 924 889 966 correptus
917 918 1049 966 suerit
1092 930 1164 954 non
1208 919 1447 965 emendatur,
1492 918 1611 954 bonus
1662 925 1786 954 autem

469 975 544 1011 nisi
575 983 775 1024 correptus
796 975 926 1024 fuerit
958 976 1074 1024 perit,
1116 976 1202 1024 quia
1236 976 1272 1011 in
1306 976 1424 1012 corde
1456 976 1585 1026 magis
1609 975 1789 1024 prevalet

470 1033 614 1069 malum
649 1045 761 1082 quam
796 1034 946 1069 bonum.
1001 1034 1208 1070 Iracundia
1248 1046 1317 1083 que
1356 1046 1440 1070 cum
1479 1046 1595 1070 causa
1627 1041 1683 1070 est
1715 1045 1788 1069 non

471 1099 527 1128 est
558 1091 758 1127 iracundia
790 1092 859 1127 sed
886 1091 1078 1127 iudicium.
1115 1092 1322 1128 Iracundia
1345 1092 1443 1128 enim
1461 1092 1626 1141 proprie
1648 1091 1788 1127 intelli-

469 1149 581 1199 gitur
613 1149 823 1185 commocio
840 1149 1058 1197 passionis;
1090 1150 1154 1198 qui
1183 1157 1309 1186 autem
1343 1162 1427 1186 cum
1456 1162 1570 1186 causa
1594 1149 1788 1196 irascitur,
1809 1152 1846 1185 15

470 1207 530 1243 ira
584 1207 688 1243 illius
739 1207 814 1242 iani
867 1219 941 1243 non
993 1219 1044 1244 ex
1090 1207 1272 1257 passione
1322 1215 1378 1244 est
1427 1208 1496 1244 sed
1552 1219 1603 1244 ex
1654 1220 1791 1253 causa;

472 1265 557 1301 ideo
590 1265 764 1301 iudicare
797 1265 942 1301 dicitur
973 1278 1046 1301 non
1079 1265 1208 1302 irasci.
1244 1266 1342 1302 Puto
1374 1273 1500 1302 autem
1534 1277 1606 1302 non
1636 1266 1682 1302 de
1710 1265 1789 1301 ira-

472 1323 612 1359 cundia
652 1323 781 1359 carnis
820 1323 990 1371 loquitur
1025 1323 1207 1360 Christus
1243 1325 1312 1360 sed
1350 1324 1396 1359 de
1439 1323 1592 1372 spiritu,
1637 1335 1703 1359 nec
1739 1323 1791 1359 ad

472 1393 626 1417 carnem
662 1380 833 1429 loquitur
864 1381 932 1417 sed
962 1381 1014 1416 ad
1044 1381 1228 1429 animam,
1271 1382 1370 1418 sicut
1409 1382 1446 1417 in
1479 1381 1791 1431 consequentibus

471 1439 725 1476 ostendemus.
761 1439 842 1475 Scit
873 1439 971 1475 enim
995 1439 1188 1476 Dominus
1208 1440 1243 1476 si
1264 1440 1509 1476 mandaverit
1540 1439 1661 1487 carni,
1698 1451 1790 1475 caro
1806 1452 1849 1474 20

472 1498 506 1533 ei
543 1509 615 1533 non
654 1497 847 1533 obaudiat.
907 1497 987 1534 Nec
1030 1497 1128 1533 enim
1174 1505 1230 1534 est
1267 1497 1453 1547 possibile
1497 1505 1537 1533 ut
1582 1510 1673 1534 caro
1717 1510 1789 1534 non

472 1555 733 1602 conturbetur,
778 1555 865 1603 quia
898 1555 1092 1604 sapiencia
1125 1556 1254 1592 carnis
1287 1556 1440 1592 inimica
1474 1563 1529 1592 est
1560 1556 1612 1591 ad
1643 1556 1792 1601 Deum;

473 1613 553 1664 legi
583 1613 683 1649 enini
717 1613 795 1648 Dei
826 1625 898 1649 non
931 1620 987 1650 est
1018 1613 1197 1650 subiecta.
1245 1613 1325 1650 Nec
1357 1614 1455 1650 enim
1482 1621 1612 1662 potest
1645 1613 1791 1650 dicente

470 1671 561 1708 Job:
592 1671 722 1707 Homo
756 1678 867 1708 natus
900 1671 945 1707 de
976 1671 1139 1707 muliere
1164 1671 1303 1720 plenus
1335 1672 1551 1708 iracundia.

536 1729 700 1772 Quando
733 1741 829 1780 ergo
863 1729 976 1765 homo
1009 1729 1195 1765 irascitur
1227 1738 1261 1765 et
1293 1742 1364 1766 non
1404 1730 1485 1765 vult
1514 1730 1658 1778 facere
1689 1729 1792 1778 quod
1807 1733 1846 1766 25

473 1787 532 1823 ira
565 1787 771 1836 compellit,
806 1799 897 1823 caro
929 1787 1010 1824 eius
1042 1787 1143 1823 irata
1176 1795 1243 1835 est,
1276 1788 1427 1824 animus
1455 1795 1581 1824 autem
1605 1787 1686 1824 eius
1718 1800 1790 1824 non

473 1852 527 1882 est
560 1845 696 1883 iratus.
728 1845 843 1895 Ergo
866 1845 979 1881 multi
1000 1853 1087 1881 sunt
1110 1857 1272 1894 quorum
1307 1858 1398 1882 caro
1431 1846 1628 1892 irascitur,
1661 1845 1789 1882 anima

472 1910 598 1939 autem
633 1915 704 1939 non
739 1903 936 1943 irascitur,
971 1904 1064 1939 Item
1100 1899 1104 1955 l
1137 1904 1249 1939 multi
1279 1911 1366 1940 sunt
1398 1916 1560 1953 quorum
1593 1915 1685 1940 caro
1718 1915 1790 1940 non
1837 1906 1918 1942 368ο

473 1961 670 2008 irascitur,
718 1961 847 1997 anima
891 1968 1017 1997 autem
1070 1962 1227 1998 illorum
1273 1962 1470 2008 irascitur,
1521 1962 1562 1997 id
1610 1969 1678 2009 est,
1728 1961 1793 2010 qui

468 2019 664 2068 pacientes
697 2019 875 2055 videntur
907 2026 942 2055 et
973 2019 1087 2056 tacite
1117 2027 1152 2055 et
1184 2020 1330 2056 occulte
1369 2021 1541 2071 cogitant
1579 2020 1723 2056 malum
1756 2026 1792 2055 et
1808 2024 1849 2057 30

473 2089 626 2126 semper
664 2084 827 2125 querunt
865 2078 1190 2126 opportunitatem
1230 2078 1400 2114 nocendi.
1450 2078 1493 2114 Si
1524 2078 1607 2127 quis
1645 2077 1792 2114 dixerit

465 2135 600 2184 fratri
629 2147 696 2172 suo
728 2135 810 2171 sine
841 2147 956 2171 causa
980 2136 1114 2172 Racha
1141 2148 1231 2172 reus
1262 2136 1335 2172 erit
1367 2136 1549 2181 consilio;
1580 2136 1621 2171 id
1651 2143 1717 2182 est,
1752 2142 1792 2171 ut

474 2193 523 2229 sit
549 2205 644 2229 unus
668 2205 718 2229 ex
750 2193 909 2229 consilio
934 2205 1067 2230 eorum
1092 2194 1156 2243 qui
1180 2194 1371 2230 adversus
1397 2192 1593 2231 Christum
1608 2194 1790 2242 fuerunt,

473 2251 571 2288 sicut
594 2251 761 2299 apostoli
775 2251 811 2286 in
828 2251 1035 2288 canonibus
1055 2252 1134 2288 suis
1155 2252 1469 2301 interpretantur.
1498 2252 1541 2288 Si
1560 2252 1644 2301 quis
1665 2258 1790 2287 autem

475 2309 622 2345 dixerit
645 2309 778 2358 fratri
808 2322 876 2346 suo
898 2310 1022 2345 Fatue
1053 2323 1143 2346 reus
1175 2310 1249 2346 erit
1279 2311 1463 2361 gehenne.
1500 2310 1632 2347 Racha
1665 2316 1789 2345 autem
1808 2312 1847 2346 35

475 2367 618 2403 dicitur
640 2366 835 2403 Hebraice
868 2380 996 2412 vacue,
1019 2368 1194 2417 quamvis
1217 2376 1397 2417 quantuni
1431 2369 1483 2404 ad
1510 2380 1662 2405 sensum
1685 2367 1793 2403 verbi

474 2437 589 2461 unum
623 2432 679 2462 est
711 2425 840 2462 dicere
861 2426 996 2461 Racha
1029 2434 1064 2462 et
1087 2426 1225 2475 fatue‚·
1257 2439 1344 2462 nam
1369 2427 1434 2475 qui
1466 2439 1608 2462 vacuus
1640 2432 1695 2462 est
1727 2425 1792 2461 ille

475 2490 510 2519 et
550 2484 693 2532 fatuus
731 2491 799 2532 est,
844 2491 878 2519 et
916 2484 980 2532 qui
1008 2484 1151 2532 fatuus
1196 2492 1251 2520 est
1282 2485 1363 2521 sine
1396 2484 1509 2521 dubio
1542 2496 1685 2520 vacuus
1723 2490 1790 2530 est,

544 2636 572 2663 9.
596 2629 633 2656 B:
655 2636 711 2656 nec
729 2629 869 2665 gloriam
889 2629 997 2656 nutrit.
1101 2638 1136 2657 11.
1160 2630 1198 2657 B:
1221 2630 1293 2657 licet
1310 2633 1472 2665 correptus
1482 2639 1493 2662 ,·
1511 2630 1551 2657 ib.
1573 2631 1601 2658 A
1621 2629 1651 2657 in
1674 2637 1789 2664 marg:

475 2663 626 2691 Notabile.
701 2671 742 2697 14.
753 2665 780 2691 A
791 2673 796 2690 :
807 2664 887 2691 enim
897 2664 992 2691 deest.
1067 2671 1113 2693 20.
1123 2665 1162 2692 B:
1177 2667 1206 2691 et
1217 2664 1317 2692 carni.
1391 2672 1434 2698 22,
1448 2663 1491 2692 23.
1506 2665 1551 2692 A:
1569 2667 1612 2691 est
1626 2663 1771 2692 iudicium
1782 2673 1792 2696 ,-

474 2698 548 2733 legi.
623 2705 667 2732 24.
682 2699 809 2733 plenus;
824 2700 941 2734 A:ple.
1015 2698 1059 2726 28.
1072 2700 1116 2726 A:
1132 2707 1192 2726 non
1209 2700 1283 2726 after
1296 2707 1369 2727 caro
1382 2699 1477 2726 deest.
1551 2707 1597 2734 29.
1614 2699 1651 2726 B:
1673 2707 1789 2727 eorum.

474 2731 516 2760 3¹².
534 2733 576 2760 A:
600 2733 660 2760 erit
679 2734 772 2760 deest.
865 2732 907 2761 35.
926 2733 1044 2761 Codd.:
1067 2741 1173 2761 eorum
1194 2734 1286 2760 deest.
1373 2732 1418 2767 34.
1441 2733 1559 2761 codd:
1580 2734 1624 2761 sic
1643 2733 1790 2768 apostoli.

474 2755 515 2796 33.
526 2769 569 2794 A:
586 2771 687 2795 autem
700 2768 795 2795 deest.
869 2767 913 2796 36.
929 2776 1042 2801 vacue;
1061 2769 1099 2795 B:
1118 2768 1225 2795 Fatue.
1300 2767 1344 2795 35.
1360 2769 1397 2796 13:
1413 2772 1443 2795 et
1456 2769 1540 2795 deest
1556 2767 1789 2804 bet‘orefaluuS.

550 2850 574 2869 1.
602 2840 711 2871 Exod.
742 2841 811 2879 XX,
846 2842 892 2872 1'3.
999 2850 1050 2871 21.
1078 2841 1179 2871 Rom.
1208 2840 1293 2879 VIII,
1322 2851 1351 2881 7.
1462 2850 1513 2880 24.
1540 2840 1617 2871 Job.
1644 2841 1731 2879 XIV,
1765 2851 1789 2870 1.
