2003 3322
868 244 986 277 opos
1012 243 1348 276 EVANGEUCUM
1557 229 1664 285 ΙέΑΡ.
1686 240 1763 269 x1x.

446 353 693 401 promittitur
725 352 759 386 in
793 351 869 387 illis
903 352 1029 387 verbis
1053 352 1245 400 explicari
1263 358 1410 399 potest:
1442 351 1555 386 Beati
1582 364 1679 401 ergo
1705 352 1769 399 qui

446 411 759 458 persecucionem
818 409 1029 458 paciuntur
1086 417 1252 458 propter
1315 408 1517 455 iusticiam,
1587 410 1763 457 quoniam

450 469 621 517 ipsorum
658 475 712 504 est
746 479 910 516 regnum
947 467 1135 504 celorum.
1178 467 1260 502 Hec
1299 474 1434 502 octava
1472 467 1663 503 sentencia
1697 479 1766 516 que

449 527 501 561 ad
534 533 648 575 caput
674 525 773 561 redit
795 525 1091 573 perfectumque
1123 525 1312 560 hominem
1348 525 1537 572 declarat,
1571 525 1766 574 significat

451 591 486 619 et
506 585 623 632 forte
655 583 985 619 circumcisionem
1027 590 1162 619 octavo
1203 583 1263 618 die
1303 583 1338 618 in
1372 590 1598 618 testamento
1632 583 1763 633 veteri,
1783 582 1799 613 5

451 649 485 677 et
518 641 849 677 resurreccionem
878 649 968 690 post
1000 641 1213 687 sabbatum,
1250 641 1314 689 qui
1351 648 1406 676 est
1447 641 1574 689 utique
1607 648 1765 676 octavus

450 700 624 748 idemque
642 699 797 749 primus
821 700 920 745 dies3
945 707 979 735 et
1002 699 1510 746 celebracionemferiarzun
1539 706 1764 734 octavarum

450 770 544 806 quas
576 758 611 793 in
645 758 948 807 regeneracione
980 757 1068 793 novi
1100 757 1263 793 hominis
1287 757 1527 793 celebramus
1550 764 1585 792 et
1607 769 1766 792 numero

450 816 531 864 ipso
565 816 817 852 Pentecostes.
865 816 966 851 Nam
999 815 1217 864 septenario
1263 827 1423 850 numero
1462 815 1606 864 sepcies
1638 815 1766 850 multi-

446 875 605 922 plicato,
666 885 738 923 quo
786 874 893 923 fiunt
945 873 1209 923 quadraginta
1263 885 1397 909 novem
1450 873 1560 922 quasi
1610 880 1768 908 octavus
1788 881 1826 902 10

450 932 624 978 additur,
670 939 710 966 ut
748 931 1026 982 quinquaginta
1075 932 1344 980 compleantur
1387 938 1421 966 et
1473 939 1669 979 tamquam
1715 931 1767 966 ad

451 997 565 1038 caput
598 991 794 1036 redeatur,
829 1001 901 1038 quo
926 989 985 1025 die
1018 990 1156 1026 missus
1189 997 1243 1025 est
1277 989 1446 1038 Spiritus
1484 990 1660 1034 Sanctus,
1696 1000 1767 1037 quo

453 1048 513 1083 die
546 1060 710 1098 regnum
745 1048 917 1083 celorum
960 1047 1140 1083 ducimur
1184 1054 1218 1083 et
1263 1047 1517 1083 hereditatem
1557 1047 1767 1096 accipimus

452 1113 487 1141 et
519 1107 769 1142 consolamur
798 1113 833 1141 et
851 1106 1055 1154 pascimur
1087 1113 1121 1141 et
1154 1105 1465 1141 misericordiam
1500 1105 1769 1153 consequimur

453 1171 487 1199 et
537 1164 774 1200 mundamur
827 1171 861 1199 et
905 1163 1184 1213 pacificamur;
1235 1171 1270 1199 et
1322 1163 1372 1198 ita
1417 1163 1588 1212 perfecti
1638 1159 1826 1198 omnes15

453 1223 695 1259 extrinsecus
724 1222 854 1258 illatas
879 1222 1077 1258 molestias
1094 1234 1171 1270 pro
1195 1221 1357 1258 veritate
1379 1229 1414 1257 et
1439 1221 1587 1257 iusticia
1609 1221 1771 1257 libenter

452 1280 693 1318 sustinemus.

512 1338 783 1375 Crisostomus
811 1346 944 1374 autem
978 1337 1032 1374 sie
1065 1336 1259 1385 loquitur:
1294 1337 1380 1373 Non
1406 1337 1506 1372 dixit
1528 1337 1639 1383 beati,
1665 1337 1729 1385 qui
1749 1349 1770 1372 a

453 1397 632 1447 gentibus
667 1396 981 1446 persecucionem
1016 1396 1238 1444 paciuntur,
1284 1407 1328 1430 ne
1355 1402 1470 1444 putes
1502 1395 1610 1430 illum
1645 1395 1769 1431 solum

454 1456 604 1491 beatum
651 1455 716 1503 qui
754 1454 1067 1504 persecucionem
1119 1453 1272 1503 patitur
1319 1461 1488 1502 propter
1539 1453 1643 1489 idola
1696 1465 1768 1488 non
1788 1469 1829 1490 20

455 1513 627 1549 colenda.
681 1514 772 1549 Ideo
804 1520 838 1549 et
878 1512 941 1562 qui
977 1512 1023 1548 ab
1064 1511 1242 1547 hereticis
1272 1511 1585 1559 persecucionem
1620 1511 1772 1560 patitur

451 1578 618 1620 propter
637 1571 838 1607 veritatem
856 1583 928 1606 non
949 1570 1239 1619 relinquendam
1263 1570 1396 1605 beatus
1420 1576 1487 1616 est,
1511 1570 1773 1618 quiapropter

456 1629 645 1665 iusticiam
697 1629 863 1678 patitur.
923 1629 1094 1664 Gentiles
1146 1627 1243 1664 enim
1302 1627 1501 1663 Christum
1557 1628 1773 1677 denegant5

457 1687 617 1723 heretici
649 1695 775 1723 autem
819 1686 1021 1722 veritatem
1053 1686 1184 1736 ipsius.
1227 1686 1304 1729 Qui
1334 1694 1460 1721 autem
1491 1685 1640 1722 Christi
1671 1685 1770 1721 veri-

456 1753 572 1781 tatem
601 1746 807 1795 denegant,
843 1745 966 1794 ipsum
994 1745 1188 1794 denegant
1217 1743 1430 1780 Christum.
1472 1743 1650 1780 Christus
1674 1743 1770 1779 enim
1790 1748 1828 1780 25

458 1804 602 1839 veritas
634 1811 701 1841 est.
754 1803 806 1838 Et
851 1803 935 1839 ideo
970 1802 1131 1839 heretici
1161 1802 1225 1850 qui
1262 1814 1333 1837 non
1369 1808 1536 1851 propter
1574 1801 1771 1837 ChriStum

456 1861 767 1910 persecucionem
802 1861 962 1908 faciunt
1006 1862 1075 1897 sed
1110 1868 1278 1910 propter
1318 1860 1519 1896 veritatem
1558 1859 1708 1895 Christi
1736 1859 1772 1894 in

452 1920 584 1968 prima
619 1919 730 1968 facie
768 1919 972 1955 christiani
1010 1919 1210 1963 videmur,-
1254 1930 1391 1954 revera
1439 1925 1565 1953 autem
1609 1917 1774 1967 gentiles

457 1985 555 2013 sunt.
590 1977 642 2012 Et
675 1990 748 2013 non
780 1977 903 2013 solum
939 1977 1142 2023 hereticus,
1175 1977 1243 2012 sed
1275 1983 1310 2012 et
1341 1976 1375 2012 si
1404 1976 1542 2024 aliquis
1571 1987 1622 2011 ex
1637 1982 1772 2024 poten—

458 2036 557 2071 tibus
588 2036 653 2084 qui
685 2036 864 2071 videntur
896 2047 976 2071 esse
1008 2034 1213 2070 christiani
1233 2034 1410 2082 forsitan
1428 2041 1596 2082 propter
1612 2040 1771 2082 peccata
1791 2039 1832 2069 30

457 2106 525 2129 sua
559 2101 764 2143 correptus
785 2094 923 2142 factus
935 2093 1078 2142 fuerit,
1113 2093 1244 2129 beatus
1267 2099 1322 2128 est
1345 2104 1429 2128 cum
1451 2092 1636 2129 Johanne.
1673 2091 1772 2126 Nam

459 2159 493 2187 et
540 2152 735 2188 Johannes
781 2163 899 2200 neque
939 2158 1107 2200 propter
1149 2151 1404 2201 gentilitatem
1451 2161 1569 2198 neque
1607 2156 1775 2198 propter

458 2209 622 2246 heresim
667 2210 894 2258 interfectus
937 2217 1006 2254 est,
1054 2209 1123 2245 sed
1169 2209 1254 2257 quia
1295 2208 1530 2257 corripiebat
1574 2207 1771 2243 Herodem

453 2275 621 2317 propter
663 2267 898 2303 adulterium
944 2267 1035 2305 eius.
1091 2267 1168 2302 Sed
1206 2279 1335 2302 omnes
1366 2266 1559 2315 prophete
1596 2277 1713 2314 neque
1751 2277 1772 2299 a

459 2326 667 2376 gentilibus
706 2326 866 2376 regibus
904 2326 972 2361 sed
1011 2325 1056 2360 dc
1092 2325 1171 2361 suis
1210 2324 1326 2360 occisi
1362 2331 1461 2367 sunt⁷
1507 2335 1579 2358 non
1608 2330 1774 2372 propter
1791 2325 1830 2358 35

459 2384 714 2434 gentilitatem
760 2384 829 2420 sed
880 2383 965 2431 quia
1011 2383 1271 2431 corripiebant
1324 2395 1457 2418 eorum
1505 2389 1679 2429 peccata.
1734 2381 1776 2415 Si

460 2449 585 2477 autem
618 2442 700 2490 quis
722 2455 743 2477 a
766 2441 845 2478 suis
877 2441 968 2490 ipsis
986 2448 1153 2490 propter
1184 2453 1338 2477 causam
1364 2439 1441 2475 Dei
1460 2439 1607 2487 aliquid
1626 2439 1775 2488 patitur

533 2653 551 2672 1.
573 2647 616 2672 A:
639 2645 754 2680 exponi
768 2647 880 2679 potest.
964 2652 992 2679 ς),
1015 2652 1055 2671 ιο.
1076 2645 1120 2671 A:
1141 2643 1372 2678 multiplicacio.
1459 2651 1481 2670 ιι
1515 2649 1552 2669 12.
1574 2643 1614 2668 A:
1637 2642 1717 2668 rectit
1735 2642 1777 2668 ad

462 2683 560 2715 caput.
630 2680 666 2706 15.
683 2680 727 2706 A:
749 2683 842 2714 atque
856 2680 908 2706 ita.
985 2679 1025 2706 υἱ.
1042 2681 1086 2706 A:
1103 2679 1230 2705 libenter
1251 2678 1344 2704 deest.
1420 2677 1458 2704 18.
1484 2664 1505 2704 l}
1521 2677 1549 2703 in
1563 2684 1662 2714 marg.
1677 2686 1682 2703 2
1698 2675 1777 2703 Note

460 2723 637 2749 processum
648 2724 656 2745 ,·
676 2716 700 2740 A
723 2715 751 2741 in
769 2722 883 2749 marga
904 2714 1117 2741 Crisostonzus.
1192 2712 1237 2745 34.
1260 2713 1296 2739 B:
1318 2716 1347 2739 et
1366 2713 1459 2739 deest.
1533 2711 1579 2738 31).
1596 2713 1640 2738 A:
1661 2719 1679 2737 a
1699 2719 1776 2747 gen-

462 2749 539 2776 tibus
558 2749 612 2776 sed
630 2750 677 2776 de.

538 2856 584 2887 18.
613 2856 679 2897 Op.
707 2856 779 2894 liv„
808 2856 828 2886 l.
856 2866 883 2886 c.
911 2867 943 2897 p.
971 2866 1047 2898 791.
