2003 3322
200 207 289 236 cAr‘.
311 199 492 253 xxxvm]
703 210 843 242 PRIMA
869 211 994 242 PARS.

201 318 261 354 vel
294 318 564 366 quodcunque
597 315 706 353 aliud
739 318 890 353 bonum
923 318 971 353 de
1003 327 1147 364 genere
1178 329 1259 353 non
1299 325 1356 353 est
1389 316 1508 352 meri-

201 374 362 420 torium,
395 373 470 411 nisi
502 373 542 410 in
574 373 740 411 caritate
771 374 889 411 fuerit
921 374 1160 411 radicatum.
1195 376 1243 410 Et
1274 374 1330 411 ita
1352 373 1508 411 videtur

203 445 246 470 ex
278 434 352 469 hac
385 432 461 469 fide
494 431 687 480 evangelii
719 434 829 480 quod
868 432 989 469 homo
1023 440 1154 481 potest
1200 431 1395 469 catholice
1440 433 1507 468 de-

200 490 326 528 tinere
360 502 526 527 munera
558 502 579 526 a
611 502 683 526 suo
715 490 884 538 prelato,
919 491 1014 526 dum
1046 489 1112 526 ille
1145 489 1316 527 defuerit
1347 489 1505 527 notorie

167 550 222 586 5a
255 548 421 585 caritate
453 560 574 596 quam
608 548 725 584 debet
771 548 930 594 habere,
976 547 1070 596 quia
1109 549 1380 597 quodcunque
1425 547 1504 584 tale

200 608 336 643 datum
380 605 454 642 sibi
497 606 613 642 debet
660 605 747 641 dari
794 605 910 642 titulo
955 604 1171 642 elemosine
1215 615 1252 642 et
1295 618 1367 654 per
1411 618 1505 642 con-

198 676 366 713 sequens
417 663 590 712 supponi
634 664 743 712 quod
785 662 835 700 sit
882 663 1102 700 elemosina
1148 663 1248 700 illud
1292 664 1387 700 dare
1420 663 1503 700 tal-i.

199 723 277 759 Sed
309 729 464 759 constat
497 721 605 770 quod
637 720 897 769 pertinaciter
941 721 1156 758 defendens
1201 730 1341 758 contra
1386 733 1504 758 evan-

197 779 345 827 gelium
378 787 436 816 est
468 787 510 815 ut
542 778 597 815 sic
629 778 891 827 indispositus
923 779 1142 828 quicquam
1175 778 1375 828 recipere3
1414 778 1505 815 ideo

146 849 185 870 10
198 849 317 874 nemo
349 838 465 874 debet
496 835 612 873 titulo
645 836 863 874 elemosine
895 836 1046 886 aliquid
1070 838 1165 874 dare
1188 836 1271 874 tali.
1305 836 1346 873 Si
1370 845 1503 873 autem

198 894 446 944 probabilem
472 894 744 931 coniecturam
768 894 952 931 habuerit
975 896 1084 943 quod
1112 894 1313 932 mediante
1338 894 1505 932 dacione

198 952 484 1001 temporalium
535 951 653 989 fuerit
705 953 1008 999 convertenduS,
1054 961 1149 989 tunc
1188 961 1230 989 ut
1273 952 1330 989 sic
1374 961 1506 1001 potest

199 1010 343 1060 aliquis
376 1009 637 1047 elemosinam
671 1009 746 1047 sibi
780 1011 888 1047 dare.
922 1009 962 1047 Si
996 1019 1128 1047 autem
1154 1011 1230 1047 hoc
1251 1023 1334 1047 non
1357 1006 1502 1063 fuerit!

80 1068 162 1112 369⁵
199 1069 273 1106 sibi
304 1067 507 1117 opinabile
540 1080 584 1104 ex
615 1067 846 1105 coniectura
878 1067 1091 1117 probabili,
1134 1081 1216 1105 non
1259 1068 1375 1105 video
1408 1081 1506 1117 quo—

146 1125 321 1163 15m0c10
352 1126 469 1163 titulo
501 1125 716 1163 elemosine
749 1127 866 1163 debet
897 1125 1051 1175 aliquid
1083 1125 1157 1162 sibi
1190 1125 1289 1163 dari,
1322 1127 1414 1162 Ideo
1447 1125 1504 1162 di-

200 1193 294 1221 cunt
325 1183 489 1233 quidam
522 1183 642 1220 tacite
675 1184 754 1221 suis
788 1183 985 1232 episcopis
1018 1185 1126 1233 quod
1166 1183 1242 1220 nisi
1287 1183 1506 1221 obtulerint

199 1244 250 1279 ad
282 1243 407 1279 altare
441 1241 584 1278 mentis
616 1254 689 1290 pro
721 1255 793 1279 suo
826 1242 977 1290 populo
1021 1243 1127 1279 dona
1159 1241 1245 1288 Dei,
1291 1254 1372 1279 non
1416 1250 1507 1279 sunt

200 1299 308 1348 digni
340 1299 474 1336 vocari
508 1298 685 1348 episcopi
716 1300 778 1337 vel
811 1312 855 1337 ex
887 1308 994 1336 statu
1026 1299 1095 1337 illo
1127 1299 1305 1348 recipere
1337 1299 1507 1348 quodvis

198 1358 369 1395 lucrum.

143 1425 185 1447 20
257 1417 369 1453 Patet
402 1427 445 1452 ex
477 1415 554 1453 fide
587 1428 631 1453 ex
663 1428 742 1465 qua
774 1416 999 1464 procedunt
1031 1415 1167 1452 fideles
1200 1415 1366 1452 ulterius
1398 1416 1506 1464 quod

201 1486 290 1510 cum
323 1486 367 1510 ex
399 1473 583 1510 doctrina
621 1475 695 1510 hac
728 1472 878 1510 Christi
921 1482 1138 1522 antequam
1187 1473 1243 1510 sic
1287 1473 1505 1511 obtulerint

199 1533 344 1568 debent
376 1531 484 1580 prius
517 1531 768 1569 reconciliari
800 1530 881 1567 suis
913 1531 1101 1568 fratribus
1134 1531 1201 1580 qui
1241 1532 1390 1568 habent
1434 1530 1505 1568 ali-

199 1589 295 1638 quid
339 1590 527 1626 adversus
571 1601 638 1626 eos
682 1598 898 1638 antequam
946 1590 1116 1626 emenda
1165 1588 1405 1626 racionabili
1450 1589 1505 1626 eis

198 1647 462 1684 satisfecerint
492 1647 552 1684 vel
584 1646 732 1684 fuerint
776 1646 817 1683 in
848 1647 1057 1696 proposito
1099 1646 1337 1696 acceptabili
1371 1659 1506 1684 emen-

143 1704 182 1736 25
199 1704 332 1751 dandi,
366 1707 508 1742 nolunt
540 1705 648 1754 ipsos
680 1704 861 1754 accipere
893 1714 937 1742 ut
969 1706 1163 1753 prelatos3
1209 1713 1246 1742 et
1279 1718 1369 1743 curn
1403 1704 1506 1753 epis-

199 1775 321 1811 copus
354 1764 470 1800 debet
501 1763 696 1800 instruere
728 1762 909 1800 subditos
947 1776 1040 1800 suos
1083 1762 1124 1800 in
1168 1763 1246 1800 fide
1291 1763 1504 1810 catholica,

199 1821 412 1858 defendere
444 1820 625 1858 subditos
657 1834 749 1858 suos
783 1829 923 1858 contra
956 1820 1153 1858 hereticos
1178 1829 1215 1857 et
1238 1834 1261 1858 a
1283 1833 1324 1858 se
1347 1820 1505 1858 abicere

198 1887 344 1916 statum
379 1878 610 1916 seculariter
642 1878 892 1924 dominandi,
926 1887 1143 1927 antequam
1184 1878 1225 1916 in
1261 1879 1346 1916 istis
1378 1878 1505 1915 tribus

198 1936 433 1974 satisfecerit
463 1949 545 1973 non
577 1945 634 1974 est
666 1936 810 1974 habilis
843 1949 986 1973 munus
1030 1937 1080 1974 ad
1125 1937 1251 1974 altare
1295 1936 1504 1986 spirituale

142 1993 322 2031 3oanimi
354 1996 438 2032 Deo
470 2008 542 2043 pro
586 2007 626 2031 se
665 2003 702 2032 et
734 1994 814 2031 suis
858 1994 1026 2031 subditis
1070 1994 1285 2043 offerendi;
1330 2003 1367 2032 et
1411 2008 1503 2032 curn

198 2052 391 2101 quicquid
423 2053 540 2089 datur
570 2053 640 2089 tali
684 2054 915 2101 presbytero
954 2065 976 2089 a
1015 2052 1182 2089 subditis
1227 2054 1345 2090 datur
1388 2052 1505 2090 titulo

197 2109 428 2154 elemosine,
459 2110 614 2147 videtur
646 2111 754 2159 quod
785 2110 909 2147 nichil
938 2110 1223 2159 temporalium
1256 2110 1306 2147 sit
1329 2110 1363 2148 ei
1387 2110 1504 2148 hodie

197 2167 459 2205 offerendum.
505 2169 583 2205 Sed
621 2181 711 2205 cum
750 2167 825 2205 ista
868 2169 1072 2205 sentencia
1108 2167 1289 2217 implicat
1333 2168 1503 2205 heresim

199 2225 461 2274 multiplicem
494 2224 534 2261 in
567 2225 742 2274 prelatis,
776 2235 812 2263 et
843 2225 897 2262 illi
931 2235 1022 2263 sunt
1053 2226 1172 2263 hodie
1205 2235 1287 2264 tam
1322 2235 1504 2275 potentes

142 2281 238 2320 35in
276 2284 423 2330 seculo,
469 2296 551 2320 non
594 2292 652 2320 est
696 2284 884 2332 pauperis
929 2283 1006 2320 nisi
1051 2283 1290 2321 confidentis
1338 2285 1385 2321 de
1431 2284 1503 2321 Dei

198 2340 361 2389 speciali
400 2340 601 2378 adiutorio
641 2353 803 2378 monere
847 2342 908 2378 vel
939 2341 979 2379 in
1011 2343 1086 2379 hoc
1130 2342 1319 2391 prosequi
1364 2350 1504 2379 contra

198 2398 298 2435 illos.
323 2398 480 2436 Scimus
513 2407 649 2436 tamen
683 2400 791 2448 quod
824 2398 1005 2437 Christus
1028 2399 1069 2436 in
1103 2412 1223 2437 causa
1255 2399 1378 2437 seculi
1412 2413 1503 2449 pro-

198 2464 357 2493 secutus
409 2455 483 2493 fuit
526 2456 730 2493 humiliter
781 2466 818 2494 et
870 2458 1049 2494 modeste
1102 2466 1242 2495 contra
1294 2457 1503 2506 pontifices

195 2514 428 2551 Jerusalem,

138 2580 183 2611 40
254 2572 304 2608 Et
335 2571 598 2609 confirmatur
630 2584 674 2608 ex
706 2573 781 2609 hoc
811 2574 919 2621 quod
951 2572 992 2609 in
1023 2572 1193 2610 seculari
1234 2573 1369 2610 debito
1411 2573 1504 2610 licet

197 2631 415 2678 rependere
446 2642 570 2666 unum
604 2643 676 2678 pro
708 2630 800 2667 alio.
835 2631 936 2667 Cum
970 2643 1063 2679 ergo
1097 2630 1223 2679 magis
1263 2632 1408 2668 debent
1441 2644 1503 2668 su-

266 2786 360 2814 8—10.
375 2788 419 2815 A:
434 2788 488 2815 sed
497 2791 619 2816 constat
628 2803 660 2808 -—
671 2788 731 2815 tali
739 2787 834 2815 deest.
907 2796 954 2822 24.
966 2788 1010 2815 A:
1023 2788 1072 2815 vel
1079 2788 1234 2815 sciverint.
1301 2789 1349 2823 26,
1358 2796 1401 2823 27.
1413 2788 1456 2816 A:
1472 2788 1503 2816 in

187 2821 257 2856 fide
277 2837 307 2842 -
325 2829 398 2849 suos
418 2822 511 2850 deest.
583 2821 630 2856 34.
652 2824 697 2850 A:
717 2822 884 2858 offerende.
957 2830 1000 2856 41.
1022 2822 1139 2850 Codd.:
1161 2823 1337 2850 retundere.

1719 202 1793 250 137

1551 498 1632 526 Gifts
1654 498 1765 525 should

1526 538 1579 560 not
1600 534 1635 560 be
1655 533 1744 569 given
1765 537 1795 560 to

1547 568 1677 603 prelates
1696 568 1767 595 who

1531 611 1581 630 are
1602 603 1796 638 notoriously

1530 642 1584 665 out
1603 638 1638 665 of
1655 637 1785 674 charity.

1550 1423 1729 1459 Nowadays
1749 1422 1772 1449 it

1519 1459 1546 1486 is
1565 1459 1741 1493 dangerous
1765 1461 1797 1484 to

1550 1493 1649 1521 refuse
1668 1493 1762 1519 them.
