2003 3322
184 246 260 281 124

199 880 270 908 sins
291 885 373 908 must
394 881 428 907 be

204 915 367 951 destroyed
391 916 428 951 by

200 951 250 977 the
270 955 354 982 root;
376 956 429 977 not

260 985 373 1020 merely

208 1021 368 1055 repressed
390 1020 420 1047 in

207 1056 347 1082 outward
368 1059 424 1082 act.

893 243 1010 275 opus
1035 242 1371 275 EVANGELICUM
1527 231 1633 285 [CAP.
1654 240 1779 268 xxxv.

467 349 569 385 bitur
601 349 636 385 in
671 361 793 399 regno
825 350 1018 394 celorum;
1060 350 1123 397 qui
1153 357 1277 385 autem
1328 349 1425 385 illud
1468 350 1697 399 impleverit,
1743 358 1782 386 ut

466 407 610 443 scilicet
641 419 713 442 non
746 407 907 453 occidat,
941 419 1014 443 non
1047 407 1223 443 continuo
1256 420 1423 458 magnus
1454 408 1527 443 erit
1559 415 1593 443 et
1623 408 1781 444 idoneus

468 477 591 515 regno
615 465 799 511 celorum,
832 466 901 501 sed
928 472 1054 501 tamen
1086 465 1258 501 ascendit
1280 466 1443 513 aliquem
1466 466 1661 515 graduum
1688 478 1780 515 per-

455 523 615 572 ficietur
646 530 786 570 autem,
819 523 854 559 si
883 535 949 558 nec
982 523 1178 559 irascatur
1208 523 1288 559 sine
1321 535 1459 568 causa,·
1497 524 1598 571 quod
1628 524 1662 559 si
1686 536 1779 572 per-

458 581 617 628 fecerit,
651 581 771 616 multo
805 581 998 617 remocior
1019 581 1093 616 erit
1115 581 1161 616 ab
1185 581 1403 617 homicidio.
1445 581 1698 630 Quapropter
1720 582 1784 630 qui
1799 582 1814 613 5

468 639 577 674 docet
611 645 649 674 ut
681 651 753 674 non
787 639 1018 684 irascamur,
1051 650 1124 674 non
1157 639 1271 674 solvit
1304 639 1428 688 legem
1463 651 1507 674 ne
1547 639 1781 686 occidamus,

466 696 535 732 sed
561 696 697 745 pocius
729 697 872 745 implet,
913 703 952 732 ut
984 703 1019 732 et
1039 697 1150 745 foris
1183 697 1272 732 dum
1307 708 1379 732 non
1413 696 1633 743 occidimus,
1678 704 1713 732 et
1745 698 1781 733 in

467 754 584 789 corde
618 755 707 789 dum
741 767 813 790 non
846 755 1055 790 irascimur
1086 755 1344 790 innocenciam
1378 755 1652 791 custodiamus.
1698 756 1782 791 Hec

466 811 724 859 Augustinus

525 869 693 906 Videtur
725 869 846 906 istum
880 877 1064 905 sanctum
1099 870 1244 905 docere
1278 882 1321 905 ex
1354 869 1558 906 sentencia
1598 869 1781 918 magistri
1802 881 1839 902 10

468 927 613 976 optimi
659 929 767 976 quod
812 940 893 963 non
925 927 1055 963 solum
1101 928 1297 964 servanda
1342 937 1433 964 sunt
1479 927 1649 964 moralia
1693 940 1782 976 pre-

469 994 676 1034 ceptorum
722 985 819 1033 legis
863 985 1020 1030 veteris,
1069 998 1146 1033 que
1191 994 1283 1021 sunt
1327 985 1440 1034 quasi
1487 985 1655 1022 minima
1687 986 1782 1034 quia

468 1043 667 1091 principia
701 1042 930 1080 hominibus
958 1044 1009 1079 ad
1032 1043 1212 1090 virtutes,
1247 1044 1314 1080 sed
1339 1043 1465 1080 eciam
1491 1045 1681 1080 mandata
1705 1056 1782 1092 que

469 1102 650 1138 Christus
696 1101 851 1138 exhibet
885 1102 934 1137 ad
968 1101 1139 1137 moralia
1171 1101 1268 1149 legis
1291 1101 1432 1138 veteris
1462 1101 1779 1149 adimplendum,

469 1172 559 1196 cum
591 1172 672 1196 non
705 1160 835 1196 solum
871 1160 1061 1195 debemus
1095 1161 1144 1195 ab
1177 1158 1400 1196 homicidio
1433 1159 1633 1196 abstinere
1667 1161 1736 1196 sed
1759 1172 1781 1196 a
1802 1160 1838 1192 15

468 1217 643 1266 peccatis
678 1217 802 1254 animi
836 1229 912 1266 que
945 1225 1037 1253 sunt
1070 1216 1201 1263 irasci,
1237 1217 1441 1253 defamare
1489 1218 1549 1253 vel
1582 1217 1622 1254 in
1660 1230 1781 1265 opere

469 1275 665 1323 desidere,
706 1284 749 1312 ut
788 1276 924 1312 volens
958 1275 1155 1323 extirpare
1188 1275 1369 1312 zizannia
1402 1276 1464 1312 vel
1497 1276 1596 1312 alias
1636 1276 1780 1311 herbas

468 1334 631 1371 nocivas
678 1333 875 1370 fructibus
908 1346 990 1370 non
1034 1334 1164 1369 solum
1213 1333 1343 1370 evellit
1389 1341 1545 1380 partem
1591 1333 1778 1370 extimam

468 1393 536 1429 sed
570 1391 761 1437 radicem,
796 1391 853 1428 sic
886 1391 953 1440 qui
985 1392 1068 1428 vult
1100 1391 1274 1439 perfecte
1308 1391 1473 1428 evellere
1497 1400 1707 1439 peccatum
1732 1392 1780 1428 ab

469 1449 631 1486 homine
665 1451 781 1486 debet
813 1449 991 1498 incipere
1024 1463 1044 1485 a
1079 1458 1245 1497 peccato
1279 1449 1412 1486 anime
1445 1458 1487 1485 ut
1511 1449 1658 1496 radice,
1690 1462 1780 1486 cum
1798 1458 1839 1479 20

468 1521 539 1556 per
571 1520 611 1545 se
644 1516 785 1544 notum
819 1508 868 1544 sit
903 1507 1123 1544 moralibus
1164 1509 1272 1556 quod
1317 1520 1436 1543 omne
1480 1520 1582 1555 opus
1630 1508 1781 1544 malum

470 1565 733 1603 extrinsecum
777 1567 896 1602 habet
934 1565 1130 1613 originem
1166 1579 1188 1603 a
1221 1566 1328 1601 malo
1372 1565 1517 1601 anime.
1565 1566 1658 1601 Ideo
1702 1578 1783 1602 non

469 1633 560 1661 sunt
613 1624 801 1660 audiendi
855 1625 1039 1660 doctores
1084 1625 1349 1669 Hebreorum,
1404 1633 1445 1659 ut
1495 1632 1684 1660 narratur
1735 1625 1783 1660 de

467 1683 654 1730 Josepho,
700 1684 808 1731 quod
841 1683 971 1718 solum
1005 1690 1118 1718 actus
1152 1681 1360 1718 extrinseci
1392 1680 1530 1718 viciosi
1563 1691 1653 1718 sunt
1691 1694 1783 1729 pro-

469 1740 583 1777 hibiti
615 1749 658 1776 ut
690 1740 873 1776 occidere
894 1740 956 1776 vel
990 1739 1180 1785 mechari,
1214 1752 1295 1776 non
1328 1748 1439 1776 actus
1475 1738 1683 1776 intrinseci
1714 1737 1837 1787 qui25

469 1798 672 1847 originant
705 1798 800 1834 istos
834 1807 957 1836 actus.
993 1800 1093 1834 Nam
1120 1799 1199 1834 duo
1226 1799 1415 1834 mandata
1448 1798 1621 1834 secunde
1645 1797 1781 1834 tabule

468 1869 550 1893 non
582 1857 713 1893 solum
758 1856 972 1904 prohibent
1018 1856 1124 1892 mala
1171 1868 1293 1903 opera
1338 1857 1407 1892 sed
1457 1854 1581 1892 eciam
1630 1855 1780 1891 malum

468 1915 581 1961 velle,
617 1927 706 1951 cum
741 1913 781 1950 in
814 1927 1011 1951 consensu
1042 1913 1264 1950 volucionis
1299 1914 1524 1962 completur
1555 1921 1779 1961 peccatum,

469 1986 551 2009 non
583 1972 623 2008 in
655 1984 775 2020 opere
810 1972 1030 2009 extrinseco
1062 1971 1137 2008 nisi
1171 1972 1272 2008 forte
1304 1971 1461 2008 volucio
1494 1971 1613 2007 fuerit
1646 1983 1689 2008 ex
1711 1971 1781 2007 tali

470 2043 590 2078 opere
625 2030 855 2066 diuturnior
887 2039 1006 2078 atque
1040 2029 1181 2066 maior.
1216 2031 1308 2066 Ideo
1343 2029 1438 2065 dicit
1472 2028 1653 2065 Christus
1692 2040 1782 2065 vere
1799 2028 1841 2061 30

471 2098 507 2125 et
540 2088 786 2137 pertinenter
818 2088 857 2124 in
890 2090 965 2125 hoc
989 2099 1191 2124 sermone:
1226 2088 1312 2124 Nisi
1332 2087 1613 2123 lzahztndaverit
1636 2087 1782 2123 iusticia

470 2154 599 2183 vestra
633 2154 724 2190 etc.;
756 2146 846 2183 ideo
880 2146 1008 2183 scribe
1042 2155 1077 2182 et
1110 2145 1284 2194 pharisei
1326 2153 1583 2192 corruptores
1622 2145 1783 2181 fuerunt

470 2218 609 2241 sensus
642 2204 751 2252 legiS.
1128 2203 1134 2209 ”

529 2265 634 2298 Deus
670 2262 773 2298 enim
809 2261 876 2311 qui
921 2261 1108 2310 prohibet
1140 2274 1240 2309 opus
1287 2260 1551 2297 extrinsecum
1597 2259 1784 2307 prohibet

471 2321 626 2357 radices
671 2320 908 2356 intrinsecas
948 2321 997 2356 ad
1036 2332 1137 2368 opus
1176 2319 1275 2355 illud
1317 2318 1456 2355 illicite
1496 2316 1839 2356 inducendum-⁹³5

472 2380 563 2415 Ideo
597 2387 764 2426 propter
807 2378 913 2414 istud
946 2391 1027 2414 non
1073 2376 1253 2425 arguitur
1298 2377 1406 2425 quod
1454 2377 1513 2412 lex
1557 2375 1689 2423 gracie
1734 2375 1783 2411 sit

472 2436 673 2473 difficilior
706 2449 828 2485 quam
864 2437 1053 2472 mandata
1087 2434 1281 2482 decalogi,
1316 2435 1381 2470 sed
1430 2433 1568 2482 pocius
1614 2434 1779 2470 docetur

471 2496 579 2542 quod
632 2494 815 2530 Christus
861 2493 928 2542 qui
959 2492 1166 2530 facilitavit
1200 2494 1250 2529 ad
1296 2493 1581 2528 mandatorum
1617 2490 1780 2527 illorum

470 2551 773 2589 observanciarn
805 2552 932 2600 legem
966 2564 1111 2587 novam
1145 2550 1410 2587 facilitaverat
1443 2549 1635 2597 graciose.

541 2730 560 2748 1.
584 2722 621 2748 B:
644 2722 672 2761 iu
695 2729 794 2761 regno
814 2721 947 2760 celorum
968 2721 1062 2749 deest.
1135 2720 1209 2760 4’.5:
1232 2721 1276 2760 A:
1295 2719 1465 2755 perficerit.
1540 2726 1580 2752 10,
1600 2726 1632 2745 11.
1655 2718 1699 2745 A:
1720 2725 1784 2744 ma-

470 2757 794 2826 ῗςνὺι”ῗ·ίᾸι”;οέιιινέἔοόῐὲἑιὸῐέι
809 2756 886 2790 (Sic).
978 2756 1013 2783 15.
1036 2756 1073 2783 B:
1095 2755 1262 2782 homtczdto
1283 2762 1399 2782 cavere.
1491 2761 1538 2787 24.
1559 2754 1603 2780 A:
1624 2751 1785 2788 Josaplzo;

543 2863 596 2895 31.
623 2861 741 2893 Matth.
768 2863 808 2902 V,
839 2872 890 2893 20.
