2003 3322
162 226 236 261 118

169 1216 235 1243 The
257 1215 385 1243 modern
392 1225 405 1243 s

153 1259 201 1278 err
216 1251 246 1278 in
262 1251 428 1286 confusing

164 1286 213 1313 the
233 1286 419 1313 ceremonial

152 1320 187 1348 of
203 1320 253 1347 the
273 1321 331 1348 law
351 1321 426 1349 with

172 1355 210 1382 its
232 1356 408 1383 substance.

857 232 975 264 OPUS
1000 232 1336 263 EVANGELICUM
1492 221 1604 274 [CAR.
1618 230 1755 258 xxxin.

503 341 550 375 Et
584 347 692 386 patet
725 339 902 374 defectus
947 338 1107 386 argucie
1152 337 1423 386 sophistarum
1468 338 1536 387 qui
1583 348 1756 387 arguunt

445 398 554 445 quod
588 398 693 433 Deus
737 396 852 433 solvit
904 397 1006 433 hanc
1056 397 1198 444 legem,
1252 396 1345 445 quia
1394 397 1477 433 vult
1528 399 1636 445 quod
1681 411 1755 446 pro

444 464 625 502 tempore
680 456 773 490 dato
817 454 950 491 taliter
999 467 1079 490 non
1136 463 1325 493 servetur.
1380 456 1481 491 Nam
1531 455 1563 491 si
1608 455 1756 492 faceret

445 514 553 561 quod
587 521 812 549 servaretur
844 525 917 560 pro
962 521 1144 560 tempore
1184 514 1291 560 quod
1324 515 1430 549 Deus
1474 525 1556 549 non
1601 522 1756 550 eterna-

443 571 533 606 liter
566 570 764 616 diffinivit,
799 579 894 607 tunc
942 570 1069 618 legem
1115 571 1306 615 solveret,·
1349 572 1457 618 quod
1501 584 1581 607 non
1626 580 1756 620 potest

445 628 698 676 contingere;
741 637 778 664 et
821 640 982 665 necesse
1027 637 1085 664 est
1129 629 1360 676 loquentem
1415 629 1538 665 libere
1591 629 1629 666 in
1682 629 1757 666 ista

445 686 613 722 materia
646 688 745 723 bene
779 699 1021 734 cognoscere
1065 686 1142 723 ista
1181 687 1273 733 duo,
1318 687 1450 735 primo
1485 689 1593 735 quod
1637 700 1756 724 omne

445 745 553 792 quod
586 744 738 781 eveniet
772 746 819 780 de
852 745 1087 782 necessitate
1120 745 1274 782 eveniet
1318 754 1355 781 et
1399 747 1575 782 secundo
1626 754 1757 782 exten-

445 804 576 838 dendo
609 812 768 851 tempus
801 804 849 839 de
882 803 1056 851 presenti
1089 802 1145 840 sic
1179 804 1287 851 quod
1321 815 1440 839 omne
1464 805 1571 852 quod
1601 803 1674 840 fuit
1696 805 1757 841 vel

445 860 518 896 erit
552 869 609 898 est
641 874 714 909 pro
748 870 930 909 tempore
963 874 1048 908 suo,
1082 874 1164 898 non
1198 870 1254 898 est
1277 862 1387 898 color
1409 861 1449 897 in
1472 861 1546 898 ista
1570 862 1754 910 argucia:

444 920 549 955 Deus
582 919 678 955 facit
711 921 817 968 quod
851 920 928 956 hoc
952 932 1052 968 opus
1075 919 1173 967 legis
1197 928 1322 956 cesset
1345 932 1418 967 pro
1443 921 1536 956 dato
1560 929 1755 968 ternpore,

443 976 565 1024 igitur
597 976 712 1014 solvit
750 979 853 1014 hanc
900 979 1041 1026 legem.
1090 980 1167 1014 Lex
1212 977 1317 1013 enim
1364 977 1435 1013 Dei
1480 979 1530 1014 ad
1574 987 1755 1014 nostrum

448 1035 698 1083 propositum
734 1045 791 1071 est
822 1036 968 1072 veritas
993 1035 1223 1072 eternaliter
1246 1035 1432 1072 ordinata
1465 1037 1515 1072 ad
1538 1038 1755 1084 regendum

445 1093 652 1129 ecclesiam
689 1094 951 1130 conformiter
993 1093 1189 1131 voluntati
1223 1093 1367 1139 divine,
1414 1095 1522 1142 quod
1570 1107 1652 1131 non
1700 1103 1757 1131 est

444 1151 633 1198 possibile
667 1151 874 1188 Christum
907 1152 1060 1189 solvere
1095 1153 1163 1188 sed
1196 1151 1377 1200 implere.

501 1211 549 1244 Et
582 1222 625 1245 ex
657 1209 742 1246 istis
776 1210 900 1247 tercio
935 1210 1135 1258 colligitur
1168 1211 1276 1258 quod
1312 1209 1495 1246 moderni
1528 1209 1654 1246 nostri
1699 1223 1757 1247 se-

444 1268 619 1303 cundum
654 1269 875 1304 humanum
911 1268 1123 1305 arbitrium
1157 1276 1359 1304 servantes
1389 1277 1573 1315 tempora
1606 1277 1642 1304 et
1666 1281 1757 1305 suas

443 1324 683 1362 cerimonias
718 1326 958 1363 dimittendo
991 1327 1088 1374 legis
1121 1325 1410 1362 substancialia
1443 1339 1519 1374 que
1552 1335 1643 1362 sunt
1669 1339 1757 1375 pre-

443 1392 558 1430 cepta
592 1384 773 1432 decalogi
807 1394 898 1420 sunt
931 1385 1248 1432 prevaricatores
1284 1384 1462 1420 mandati
1495 1384 1630 1431 divini⁷
1666 1397 1756 1421 cum

442 1454 523 1477 non
556 1441 649 1478 licet
682 1451 838 1479 mutare
874 1443 1039 1480 moralia
1073 1455 1195 1491 supra
1228 1441 1374 1479 limites
1398 1455 1497 1491 quos
1522 1444 1627 1479 Deus
1651 1442 1757 1479 ordi-

442 1499 561 1536 navit.
608 1502 656 1536 Et
701 1501 792 1537 hinc
826 1513 917 1537 cum
953 1501 1133 1537 Christus
1180 1500 1384 1536 mandavit
1432 1500 1581 1537 clerum
1625 1500 1757 1537 vivere

443 1558 757 1605 exproprietarie
791 1568 827 1595 et
861 1559 998 1595 docuit
1037 1559 1135 1595 illud
1170 1567 1252 1595 tam
1286 1558 1491 1606 signanter
1536 1558 1575 1594 in
1620 1571 1755 1607 opere,

442 1628 524 1651 non
563 1615 655 1652 licet
695 1616 848 1653 clericis
888 1617 1034 1653 nostris
1079 1617 1135 1653 sic
1178 1616 1410 1653 seculariter
1454 1616 1674 1663 dominari;
1720 1626 1757 1653 et

443 1673 499 1709 sic
533 1674 704 1711 breviter
737 1675 912 1723 religiosi
946 1675 1072 1712 nostri
1107 1677 1154 1711 de
1188 1674 1304 1711 sectis
1338 1683 1513 1722 quatuor
1536 1687 1558 1710 a
1583 1675 1757 1711 maximo

442 1744 568 1779 usque
601 1734 651 1768 ad
684 1732 896 1769 minimum
942 1733 1127 1769 videntur
1175 1745 1258 1769 esse
1303 1732 1618 1780 prevaricatores
1660 1733 1758 1781 legis

443 1790 606 1826 Domini
639 1799 720 1827 tam
756 1803 826 1839 per
859 1791 1210 1828 continuacionem
1257 1790 1408 1827 servilis
1455 1791 1587 1838 operis
1636 1804 1756 1840 quam

443 1860 695 1887 consensum.
731 1851 779 1885 Et
810 1848 865 1885 sic
896 1849 927 1885 si
950 1849 1100 1885 heresis
1124 1849 1172 1885 sit
1202 1850 1349 1897 dogma
1372 1849 1528 1899 falsum,
1562 1849 1758 1898 scripture

443 1918 554 1942 sacre
588 1907 851 1954 contrarium,
876 1907 1135 1955 pertinaciter
1161 1907 1426 1953 defensatum,
1460 1907 1618 1944 videtur
1649 1909 1758 1956 quod

442 1963 562 2000 nimis
601 1965 757 2012 spissim
799 1965 839 2001 in
873 1965 1070 2002 militante
1116 1965 1284 2002 ecclesia
1316 1974 1407 2001 sunt
1441 1965 1605 2002 heretici
1638 1966 1755 2002 semi-

442 2022 537 2060 nati.
572 2022 683 2059 Licet
716 2033 848 2060 autem
884 2037 963 2060 non
1009 2025 1205 2060 audemus
1255 2036 1390 2060 coram
1437 2023 1540 2060 datis
1587 2024 1756 2072 satrapis

441 2079 558 2117 istam
593 2081 839 2118 sentenciam
874 2082 1095 2130 publicare,
1131 2081 1331 2118 credimus
1365 2091 1500 2118 tamen
1533 2083 1642 2130 quod
1675 2082 1757 2119 dies

442 2138 607 2175 veniunt
640 2138 680 2175 in
710 2140 854 2187 quibus
887 2140 962 2187 ipsi
996 2153 1077 2176 non
1110 2142 1317 2177 audebunt
1350 2148 1506 2188 partem
1541 2153 1656 2176 suam
1691 2142 1757 2176 de-

443 2196 618 2243 fendere,
655 2210 745 2233 curn
780 2197 856 2234 nisi
889 2198 1092 2234 fructuose
1127 2198 1345 2246 peniteant,
1392 2210 1554 2234 necesse
1599 2206 1655 2234 est
1691 2211 1756 2235 eos

444 2266 487 2289 ex
522 2254 656 2291 divino
691 2255 842 2292 iudicio
876 2264 1073 2305 perpetuo
1106 2256 1146 2292 in
1180 2256 1341 2293 tartaris
1390 2255 1566 2292 delitere.
1612 2256 1755 2293 Videat

444 2324 538 2359 ergo
573 2313 699 2349 fidelis
732 2313 763 2349 si
787 2313 949 2351 sciverit
973 2327 1050 2362 que
1074 2323 1131 2351 est
1155 2314 1364 2351 ordinacio
1388 2314 1520 2351 divina
1544 2315 1593 2350 ad
1617 2326 1754 2362 regen-

443 2371 538 2405 dum
576 2371 813 2407 militantem
848 2372 1071 2417 ecclesiam,
1121 2381 1158 2409 et
1190 2372 1221 2408 si
1256 2372 1437 2409 Christus
1469 2385 1648 2420 unquam
1683 2372 1756 2408 im-

442 2428 592 2475 pedivit
631 2429 937 2466 ordinacionem
978 2430 1087 2467 illam
1121 2430 1255 2467 venire
1288 2444 1360 2478 pro
1399 2443 1471 2467 suo
1505 2439 1687 2478 tempore
1719 2439 1756 2467 et

444 2485 556 2522 finire
611 2495 647 2522 et
692 2496 787 2524 tunc
834 2488 927 2524 facit
976 2488 1222 2525 evidenciam
1268 2490 1375 2537 quod
1422 2488 1605 2525 Christus
1649 2489 1755 2525 venit

442 2544 569 2591 legem
604 2545 777 2589 solvere;
810 2547 879 2582 sed
911 2545 1159 2595 impossibile
1193 2555 1250 2583 est
1283 2548 1392 2595 quod
1432 2546 1551 2583 faciat
1597 2546 1754 2583 eviden-

443 2601 545 2638 ciam
579 2604 629 2639 ad
663 2612 926 2652 assumptum.

511 2827 536 2863 3,
549 2838 578 2863 4.
593 2829 621 2856 A
632 2828 791 2865 :facerent
802 2830 856 2857 sed
869 2833 1060 2858 servaretur.
1136 2832 1176 2859 16.
1190 2832 1260 2859 Ain
1275 2840 1370 2868 marg.
1383 2842 1388 2860 :
1401 2841 1433 2866 3.
1508 2840 1545 2859 21.
1562 2833 1604 2860 A:
1617 2831 1756 2861 Christus

442 2862 534 2889 deust.
609 2871 652 2898 27.
674 2865 701 2891 A
724 2865 750 2891 iu
775 2873 886 2899 marg:
911 2866 991 2900 Quid
1011 2870 1055 2894 esc
1071 2867 1199 2893 heresis.

1773 574 1789 606 5

1776 874 1814 895 10

1777 1155 1813 1187 15

1774 1455 1815 1476 20

1775 1736 1814 1768 25

1775 2028 1790 2039 o

1775 2038 1816 2060 :³0

1773 2318 1812 2352 35

1769 2619 1814 2650 40
