2003 3322
198 247 274 282 322
892 252 1010 283 opus
1036 251 1371 283 EVANGELICUM
1572 239 1679 293 [CAP.
1701 248 1794 275 xxn.

222 368 322 395 Time
344 367 439 405 sain-ts
541 359 709 395 Videtur
732 358 828 394 istos
853 366 1011 394 sanctos
1041 360 1180 394 ambos
1210 358 1416 394 intendere
1440 358 1548 405 quod
1572 359 1792 394 secundum

193 406 710 472 ‘⁸'²¹{}¹}4,¹¹0⁵C{¹i{}¹f¹⁵tdoctrinam
755 416 902 452 Christi
949 416 1143 463 ypocrisis
1190 425 1246 452 est
1290 415 1517 463 specialiter
1562 416 1710 450 nedum
1756 415 1796 451 in

484 475 568 511 istis
613 475 739 511 tribus
784 473 986 521 operibus,
1040 473 1191 510 scilicet
1237 473 1470 518 elemosina,
1524 472 1714 509 oracione
1759 482 1795 509 et

483 533 647 579 ieiunio,
700 534 768 568 sed
813 532 854 567 in
899 531 1207 579 quibuscunque
1259 530 1347 567 aliis
1391 532 1654 579 precavenda.
1706 533 1797 567 Non

483 600 619 627 tamen
652 589 838 638 prohibet
868 589 1051 626 Christus
1083 589 1241 637 publice
1275 589 1404 625 facere
1437 590 1542 625 bona
1575 601 1698 636 opera
1729 589 1829 625 sed5

483 650 523 684 in
570 647 841 684 intencionem
886 647 1090 683 iniustam.
1145 649 1312 694 Propter
1362 648 1440 682 duo
1493 654 1626 682 autem
1680 648 1797 683 debet

486 706 612 742 fidelis
652 706 782 742 facere
824 706 930 741 bona
969 704 1167 753 patencia‚
1210 704 1362 741 scilicet
1393 713 1435 740 ut
1467 704 1636 741 ecclesia
1670 716 1797 740 exem-

483 764 648 812 plariter
694 763 900 799 edificetur
941 771 977 799 et
1010 764 1115 799 Deus
1154 762 1194 798 in
1234 775 1304 798 sua
1343 761 1494 798 fabrica
1538 762 1796 810 glorificetur.

484 825 531 858 Et
564 823 613 858 ad
652 821 773 857 istum
815 833 975 857 sensum
1017 821 1194 868 loquitur
1228 819 1407 856 Christus
1440 819 1607 856 Matthei
1638 821 1684 867 V,
1725 822 1794 857 16:

484 881 546 916 Sic
579 880 702 916 luceat
733 879 803 915 lux
835 886 964 914 vestra
997 891 1129 914 coram
1163 878 1389 924 hominibus,
1423 885 1463 913 ut
1494 878 1647 914 videant
1678 889 1855 927 operam

484 945 612 974 vestra
657 938 754 973 hona
793 945 829 973 et
865 937 1088 987 glorificent
1121 944 1276 985 putrem
1323 943 1490 971 vestrum
1530 936 1593 984 qui
1633 936 1668 971 in
1708 937 1798 972 celis

485 1003 551 1032 est.
598 997 683 1031 Due
728 1003 859 1031 autem
914 1003 1006 1030 sunt
1057 993 1304 1030 intenciones
1349 992 1483 1041 inique
1530 1005 1605 1041 que
1648 993 1797 1030 viciant

487 1052 810 1102 pubiicacionem
850 1052 980 1100 operis
1022 1051 1116 1088 boni
1157 1053 1204 1088 de
1237 1063 1393 1099 genere,
1428 1050 1578 1088 scilieet
1610 1060 1653 1087 ut
1686 1064 1798 1087 mun-

214 1117 271 1145 We
294 1123 447 1157 mustvnot
486 1113 590 1148 dana
640 1111 748 1147 fama
810 1110 1044 1158 adquiratur
1097 1118 1133 1146 et
1184 1118 1227 1145 ut
1279 1108 1511 1157 temporalis
1569 1109 1797 1146 substancia

213 1153 455 1222 indiiigeiiifbut
486 1170 700 1215 habeatur3
725 1177 761 1204 et
784 1167 839 1204 sic
861 1167 1055 1216 ypocrisis
1080 1177 1116 1204 et
1139 1166 1338 1215 cupiditas
1363 1179 1453 1203 cum
1477 1167 1610 1203 multis
1626 1167 1798 1215 peccatis
1819 1168 1853 1199 15

207 1231 264 1284 ffi'ess
280 1223 461 1292 ffigssffvlss'gt
487 1227 574 1264 aliis
618 1227 725 1262 intus
769 1235 913 1274 repunt
958 1234 994 1261 et
1032 1225 1072 1261 in
1109 1225 1314 1262 vescencia
1354 1224 1550 1261 esibilium
1589 1233 1680 1261 sunt
1719 1227 1798 1261 duo

261 1292 284 1318 it
304 1292 406 1319 nceds.
486 1285 588 1321 vicia
637 1283 867 1321 extremalia
912 1284 1175 1331 precavenda,
1235 1282 1385 1319 scilicet
1437 1295 1599 1330 pascere
1653 1295 1799 1331 corpus

486 1342 661 1379 hominis
710 1341 828 1378 nimis
874 1354 993 1389 parce
1046 1350 1083 1377 et
1133 1353 1296 1389 pascere
1348 1340 1572 1376 iumentum
1626 1341 1799 1376 hominis

485 1400 604 1437 nimis
649 1401 769 1436 laute.
814 1399 991 1436 Medium
1038 1407 1172 1435 autem
1215 1398 1438 1435 virtuosum
1490 1399 1573 1435 vult
1617 1398 1797 1435 Christus

486 1458 690 1503 inducere,
731 1467 773 1494 ut
812 1457 963 1494 sciiicet
1004 1470 1096 1494 caro
1137 1470 1218 1493 non
1256 1456 1419 1492 insultet
1451 1465 1591 1493 contra
1623 1456 1798 1493 animam
1816 1465 1857 1486 20

486 1529 558 1553 nec
592 1528 736 1564 corpus
771 1515 930 1552 deficiat
965 1516 1014 1552 ad
1048 1527 1213 1563 operam
1249 1514 1542 1551 sustinendam.
1572 1510 1577 1566 Ῑ
1839 1511 1919 1557 389'1

973 1650 1111 1692 CAP.
1145 1650 1312 1691 XXII.

544 1746 733 1795 Sequitur
765 1746 806 1782 in
838 1754 944 1782 textu
978 1745 1191 1794 evangelii:
1227 1746 1357 1782 Nolite
1389 1745 1660 1797 thesaurizare
1695 1746 1800 1781 vobis

486 1806 688 1841 thesauros
726 1805 762 1840 in
801 1811 923 1851 terra,
962 1804 1026 1840 uhi
1062 1816 1185 1854 erugo
1227 1811 1261 1840 et
1299 1804 1398 1839 tinea
1433 1803 1640 1839 demolitur
1672 1810 1705 1838 et
1738 1803 1802 1838 uhi

477 1863 597 1911 fures
642 1863 827 1911 effodiunt
870 1870 904 1898 et
937 1863 1144 1909 furantur.
1199 1861 1476 1913 leesczurixgczte
1526 1868 1651 1897 autem
1697 1860 1855 1896 vobim-3

488 1921 692 1957 thesauros
725 1920 760 1955 in
794 1920 874 1955 celo
908 1920 970 1955 ubi
1001 1932 1118 1967 neque
1150 1932 1273 1970 erugo
1306 1931 1422 1967 neque
1460 1919 1558 1955 tinea
1593 1918 1802 1954 demolitur

487 1986 522 2014 et
567 1978 776 2027 ubifures
814 1990 886 2014 non
926 1978 1109 2026 effodiunt
1147 1990 1212 2013 nec
1241 1978 1450 2025 furantur.
1502 1976 1572 2013 Ubi
1610 1976 1707 2012 enim
1747 1983 1802 2012 est

240 2044 429 2079 Augustino:
489 2037 694 2073 thesaurus
716 2043 803 2071 tuus
825 2036 876 2072 ihi
896 2043 951 2071 est
976 2043 1009 2071 et
1039 2048 1107 2071 cor
1128 2043 1245 2071 tuum.
1281 2037 1409 2083 Super
1431 2047 1510 2082 quo
1533 2033 1799 2082 Augustinus:

226 2102 349 2129 Heaven
372 2102 440 2128 here
490 2095 631 2144 Igitur,
671 2093 812 2142 inquit,
853 2094 887 2129 si
918 2094 953 2129 in
986 2101 1093 2129 terra
1127 2094 1199 2129 erit
1231 2105 1312 2139 cor,
1351 2093 1390 2128 id
1427 2099 1494 2139 est,
1532 2093 1567 2128 si
1602 2104 1643 2128 eo
1683 2092 1801 2127 corde

246 2137 422 2205 szssssisnffle
490 2152 643 2200 quisque
686 2159 869 2200 operetur
911 2152 1057 2199 aliquid
1103 2158 1143 2186 ut
1186 2159 1383 2187 terrenum
1430 2151 1671 2186 commodum
1716 2149 1798 2184 adi-
1817 2150 1857 2180 3⁷0

245 2206 427 2233 firmament.
484 2210 676 2259 piscatur,
709 2210 897 2257 quomodo
932 2209 1005 2245 erit
1035 2209 1217 2245 mundum
1249 2209 1350 2257 quod
1377 2208 1412 2243 in
1442 2215 1549 2244 terra
1573 2207 1800 2243 volutatur?

489 2268 532 2302 Si
561 2275 687 2303 autem
721 2268 757 2303 in
791 2267 884 2313 celo,
918 2267 1102 2302 mundum
1136 2267 1220 2312 erit,
1253 2267 1339 2315 quia
1373 2266 1498 2302 omnia
1539 2266 1681 2301 munda
1713 2273 1800 2301 sunt

488 2338 705 2374 quecunque
736 2325 901 2361 celestia.
945 2325 1144 2361 Sordescit
1175 2324 1272 2360 euim
1305 2324 1462 2372 aliquid,
1503 2336 1586 2359 cum
1620 2323 1802 2371 inferiori

487 2384 667 2419 miscetur
706 2390 855 2430 nature,
895 2383 1067 2431 quamvis
1106 2383 1141 2417 in
1180 2395 1248 2418 suo
1286 2395 1431 2432 genere
1475 2394 1546 2417 non
1585 2381 1797 2426 sordescat,

487 2442 571 2490 quia
596 2442 713 2477 eciam
739 2442 895 2490 depuro
921 2448 1086 2491 argento
1108 2440 1339 2476 sordidatur
1360 2452 1497 2475 aurum
1521 2439 1554 2475 si
1575 2439 1800 2475 misceatur:
1816 2436 1855 2469 35

557 2652 576 2670 1.
598 2644 625 2670 A
645 2643 674 2670 in
698 2651 812 2678 marga
831 2642 1003 2670 Jolzannes.
1093 2651 1120 2676 7.
1141 2643 1185 2669 A:
1227 2642 1377 2669 aciencia.
1475 2649 1514 2669 21.
1535 2642 1579 2668 A:
1602 2641 1749 2680 Sequitur
1768 2641 1798 2679 in

486 2680 569 2704 textu
597 2678 771 2711 evangelii:
803 2677 907 2706 Nolite
928 2677 1145 2713 thesaurizare
1164 2677 1249 2704 vovis
1269 2677 1428 2703 thesauros
1456 2685 1485 2703 m
1507 2679 1592 2703 terra
1621 2676 1700 2709 (v1dc
1726 2676 1796 2703 inlr.

486 2721 553 2747 cup.
572 2712 653 2739 xxss
674 2713 703 2739 in
727 2712 837 2746 initio).
911 2712 954 2738 28.
970 2712 1041 2739 Ain
1059 2720 1172 2745 marga
1188 2711 1391 2741 Augustinus.
1466 2710 1512 2738 30.
1527 2712 1569 2738 A:
1586 2711 1616 2738 in
1631 2713 1796 2737 terrenum.

487 2747 531 2781 30,
554 2746 592 2774 31.
614 2749 658 2774 A:
680 2747 845 2782 adipiscat.
920 2746 961 2774 33.
983 2747 1025 2773 A:
1048 2747 1172 2773 celestia
1192 2741 1270 2773 smil.

559 2819 610 2849 23.
643 2818 761 2850 Manli.
796 2819 850 2858 VI,
890 2829 939 2861 Η),
974 2828 1026 2858 20,
1060 2828 1112 2849 21.
1257 2821 1310 2849 28.
1349 2818 1399 2849 De
1441 2828 1602 2849 sermono
1645 2819 1797 2856 Donum,

490 2865 508 2895 l.
536 2875 564 2896 c.
591 2876 620 2905 p.
649 2873 724 2906 217.
