2003 3322
198 231 277 267 442

903 231 1020 262 OPUS
1046 231 1382 263 EVANGELICUM
1591 221 1697 274 [CAP-
1719 231 1795 259 LIII>

487 337 631 372 malum
679 338 926 387 propositum
977 350 1049 374 non
1095 346 1276 383 excusat,·
1333 339 1477 375 malum
1531 347 1660 376 autem
1701 352 1796 389 pro-

479 395 649 444 positum
702 396 840 431 honum
886 408 981 445 opus
1025 396 1291 446 condempnat.
1345 397 1388 432 Si
1425 397 1568 433 videris
1606 397 1796 447 infidelem

485 452 666 489 humilem
728 461 793 489 aut
854 461 1108 499 mansuetum,
1182 454 1277 490 scito
1340 455 1425 503 quia
1489 455 1672 491 subdolus
1745 463 1799 491 est

485 510 520 546 in
573 511 703 547 corde.
777 512 838 548 De
898 512 1038 548 talibus
1099 512 1195 548 enim
1249 512 1340 548 dicit
1386 513 1605 561 propheta:
1656 513 1802 549 Molliti

484 576 571 604 sunt
609 581 808 605 sermones
848 569 927 605 eius
957 582 1076 619 super
1107 570 1231 606 oleum
1264 577 1299 606 et
1330 570 1403 619 ipsi
1443 578 1531 606 sunt
1567 571 1704 608 iacula.
1759 571 1832 606 Si5

486 626 630 663 videris
652 639 735 663 eunz
759 628 856 664 bona
880 640 999 677 opera
1020 628 1246 676 facientem,
1284 627 1288 677 Ι
1317 628 1489 678 intellige
1519 628 1606 677 quia
1633 636 1801 677 propter
1845 633 1927 671 401c

487 684 660 721 homines
695 685 814 733 facit.
867 685 929 721 De
980 686 1057 721 illis
1100 686 1197 722 enim
1252 687 1342 722 dicit
1391 686 1603 722 Dominus:
1660 686 1798 722 Omnia

478 742 649 791 faciunt,
684 751 725 779 ut
756 744 802 779 ab
836 744 1051 780 hominihus
1085 744 1300 780 videantur.
1346 744 1452 780 Sicut
1483 757 1580 794 ergo
1612 745 1799 780 honorum

487 800 682 837 hominum
736 802 862 837 omnia
915 802 1034 838 eciam
1080 803 1185 838 mala
1218 803 1313 838 bona
1346 809 1447 849 sunt,
1499 803 1554 838 sic
1605 802 1798 838 malorum

488 858 682 895 hominum
716 860 844 895 omnia
877 860 996 896 eciam
1030 860 1126 896 bona
1160 861 1264 896 mala
1296 867 1395 896 sunt.
1452 860 1495 896 Si
1524 872 1622 910 ergo
1656 860 1800 896 videris
1820 873 1858 894 ιο

486 916 650 965 aliquem
684 918 810 953 Deum
843 918 879 953 in
914 918 1077 954 veritate
1109 931 1181 954 non
1214 919 1398 955 colentem
1432 918 1542 966 quasi
1571 918 1722 964 bonum,
1756 930 1801 954 ne

487 974 626 1011 credas
673 976 793 1011 oculis
837 976 911 1011 tuis
955 983 989 1011 et
1023 977 1129 1012 dicas
1173 976 1281 1012 illum
1315 977 1410 1012 hone
1441 976 1526 1022 vite,
1578 976 1647 1012 sed
1685 977 1801 1012 crede

486 1033 613 1083 magis
645 1033 729 1070 Deo
763 1046 875 1082 quam
909 1034 977 1069 tibi
1007 1035 1071 1082 qui
1101 1034 1221 1070 dixit:
1261 1035 1347 1070 Non
1382 1041 1510 1083 potest
1541 1035 1663 1070 arbor
1694 1034 1799 1070 mala

476 1090 621 1138 jacere
665 1091 848 1139 fructum
892 1092 1042 1127 bonum.
1106 1092 1149 1127 Si
1193 1099 1319 1128 autem
1360 1092 1455 1128 dicis
1498 1092 1606 1128 illum
1660 1093 1798 1128 honum

485 1150 710 1185 mendacem
740 1150 878 1198 fecisti
913 1149 1122 1186 Christum.
1171 1151 1226 1185 Tu
1258 1150 1354 1186 enim
1401 1150 1507 1186 vides
1542 1162 1613 1199 que
1642 1157 1731 1186 sunt
1762 1150 1798 1186 in
1819 1151 1855 1184 15

476 1207 599 1255 facie,
632 1207 740 1243 Deus
772 1215 897 1244 autem
930 1220 1000 1256 que
1031 1216 1119 1244 sunt
1150 1209 1185 1243 in
1210 1209 1339 1244 corde.
1383 1208 1488 1243 Sicut
1521 1208 1679 1244 enimin
1712 1215 1797 1244 orto

485 1265 603 1301 multe
633 1273 721 1301 sunt
753 1266 916 1302 arbores
942 1266 1126 1314 fructum
1171 1266 1339 1302 inutilem
1362 1266 1569 1314 facientes,
1622 1266 1658 1301 in
1690 1266 1799 1302 silvis

484 1330 611 1359 autem
645 1336 718 1359 non
756 1324 949 1359 invenitur
987 1324 1125 1360 bonum
1150 1324 1319 1372 faciens,
1352 1325 1422 1360 sed
1443 1331 1510 1359 aut
1541 1336 1615 1360 non
1639 1324 1798 1372 faciunt

483 1388 549 1416 aut
590 1381 796 1430 insipidum
827 1382 986 1430 faciunt
1030 1390 1065 1418 et
1107 1383 1312 1418 acerbum:
1362 1382 1485 1418 sicin
1525 1382 1683 1418 ecclesia
1726 1394 1799 1431 que

484 1446 591 1475 ortus
623 1447 678 1475 est
705 1439 864 1487 Christi,
889 1440 1095 1476 Salomone
1117 1440 1282 1476 dicente:
1320 1440 1441 1476 Ortus
1463 1441 1677 1486 conclusus,
1700 1440 1799 1488 fons
1815 1457 1856 1478 20

482 1497 659 1547 signatus
709 1510 827 1534 soror
869 1511 974 1542 mea‚·
1017 1498 1230 1547 paradisus
1274 1510 1358 1534 cum
1391 1499 1535 1546 fructu
1574 1510 1797 1547 pomorum,

485 1555 597 1590 multi
627 1563 714 1591 sunt
755 1556 860 1593 mali.
916 1557 957 1592 In
999 1557 1168 1592 ecclesiis
1210 1563 1336 1592 autem
1382 1557 1559 1592 heresum
1604 1567 1674 1604 que
1710 1564 1798 1592 sunt

484 1613 579 1649 silve
611 1614 760 1650 deserte
792 1626 900 1651 nemo
934 1622 989 1651 est
1012 1615 1143 1661 bonus⁷
1189 1615 1276 1664 quia
1310 1614 1380 1650 etsi
1409 1614 1547 1662 aliquis
1579 1621 1634 1650 est
1665 1614 1795 1661 bonus,

481 1678 650 1720 propter
682 1672 854 1708 homines
886 1680 942 1708 est
973 1673 1093 1708 bonus
1125 1679 1158 1708 et
1192 1685 1264 1708 non
1292 1679 1461 1722 propter
1492 1673 1632 1711 Deum.

541 1728 628 1765 Hoc
659 1730 869 1766 secundum
892 1730 1016 1780 fidem
1052 1730 1147 1766 dixi.
1188 1731 1271 1774 Que
1301 1738 1389 1766 sunt
1419 1737 1546 1766 autem
1581 1731 1791 1766 secundum
1813 1737 1852 1769 25

485 1787 711 1823 racionem?
768 1788 889 1823 Audi:
952 1789 1175 1836 Quicunque
1218 1788 1365 1837 aliquid
1396 1788 1503 1836 facit
1547 1787 1694 1836 aliquid
1739 1795 1795 1824 est

479 1852 648 1894 propter
686 1847 787 1894 quod
807 1846 913 1895 facit
945 1854 980 1882 et
1023 1858 1132 1882 nemo
1154 1847 1261 1895 facit
1304 1846 1451 1895 aliquid
1489 1853 1657 1895 propter
1688 1846 1793 1882 nihil.

491 1903 741 1953 Quipugnat‚
770 1912 940 1953 propter
965 1905 1132 1953 predam
1156 1912 1222 1939 aut
1248 1911 1415 1953 propter
1435 1904 1608 1954 gloriam
1636 1903 1796 1940 victorie

479 1968 644 2011 pugnat.
699 1962 775 2005 Qui
806 1963 979 2012 navigat,
1007 1970 1176 2011 propter
1218 1962 1480 1998 necessitatem
1525 1969 1591 1997 aut
1628 1969 1796 2011 propter

485 2019 634 2055 lucrum
669 2019 841 2069 navigat.
878 2020 985 2056 Sicut
1016 2020 1133 2056 nichil
1158 2027 1287 2069 potest
1317 2020 1397 2056 sine
1429 2019 1561 2055 radice
1592 2020 1709 2066 nasci,
1740 2020 1794 2055 sic
1812 2027 1854 2059 30

484 2077 601 2112 nichil
641 2084 769 2126 potest
788 2078 888 2127 fieri
922 2078 1001 2114 sine
1033 2091 1160 2114 causa.
1215 2078 1277 2113 Sic
1321 2078 1385 2126 qui
1421 2078 1556 2114 bonum
1580 2078 1685 2126 facit
1729 2084 1794 2113 aut

478 2141 647 2184 propter
698 2136 992 2172 retribucz'onem
1038 2136 1154 2186 regni
1196 2136 1344 2172 celestis
1376 2135 1480 2183 facit
1523 2143 1589 2170 aut
1628 2143 1794 2184 propter

484 2193 663 2228 iudicium
693 2205 803 2241 pene.
838 2195 1048 2244 Interrogo
1081 2206 1178 2244 ergo
1211 2201 1266 2230 te:
1304 2193 1477 2243 Infldelis
1503 2200 1672 2242 propter
1701 2193 1794 2242 quid

475 2251 583 2298 facit
611 2251 782 2286 bonum?
813 2252 983 2301 Propter
1005 2252 1185 2287 iudicium
1214 2264 1312 2301 pene
1334 2252 1439 2289 dicis.
1475 2251 1551 2287 Sed
1582 2263 1654 2287 non
1687 2251 1793 2287 timet

484 2309 622 2344 Deum.
663 2309 867 2353 Quomodo
896 2317 1022 2345 autem
1056 2310 1188 2346 timeat
1210 2310 1336 2345 Deum
1370 2321 1415 2345 ne
1448 2316 1580 2358 peccet
1611 2309 1647 2344 in
1676 2321 1794 2358 opere
1811 2316 1851 2349 35

484 2367 548 2414 qui
585 2379 657 2402 non
706 2367 811 2402 timet
855 2380 900 2403 ne
939 2375 1071 2417 peccet
1114 2369 1149 2403 in
1170 2368 1269 2416 fide,
1322 2380 1406 2403 cum
1452 2367 1500 2403 sit
1538 2367 1649 2416 peius
1692 2367 1793 2402 male

483 2425 646 2460 credere
677 2437 790 2473 quam
825 2426 925 2461 nzale
957 2438 1088 2476 agere.
1143 2426 1314 2475 Propter
1347 2425 1643 2461 retribucionem
1685 2425 1791 2468 dicis,

482 2483 551 2518 sed
580 2482 616 2518 si
644 2490 777 2531 sperat
809 2484 845 2519 in
878 2484 1002 2519 Deum
1043 2484 1107 2532 qui
1137 2496 1208 2519 non
1242 2491 1354 2520 curat
1386 2490 1515 2518 utrum
1557 2482 1794 2518 mendaciter

550 2674 577 2701 8.
598 2674 647 2701 Α
641 2683 669 2701 ιη
688 2682 800 2709 malgst
826 2674 905 2702 Nola
918 2675 1019 2715 quod-
1026 2675 1175 2702 bonorum
1195 2674 1351 2701 hommum
1370 2674 1474 2701 omnia
1495 2674 1590 2701 eciam
1610 2674 1691 2700 mala
1712 2673 1791 2700 bona

481 2711 560 2740 sunt,
589 2709 634 2736 sic
654 2710 806 2736 malorum
838 2717 941 2736 omnia
972 2710 1067 2736 eciam
1097 2710 1175 2736 bona
1202 2709 1284 2735 mala
1313 2711 1393 2736 sunt.
1484 2709 1528 2735 26.
1551 2709 1594 2735 A:
1627 2710 1674 2735 est
1698 2708 1789 2734 deest.

486 2751 527 2777 3⁴-
550 2743 571 2769 Ι)
585 2744 717 2778 :fac-tet.
794 2743 838 2770 156.
861 2745 888 2771 A
904 2744 932 2771 in
957 2752 1053 2778 marg.
1065 2754 1070 2758 ·
1094 2743 1175 2771 ΝΟΜ
1197 2744 1278 2778 quod
1294 2745 1382 2778 peiux·
1397 2747 1442 2770 est
1460 2743 1538 2769 male
1557 2743 1685 2769 credere
1699 2750 1791 2777 quam

482 2779 588 2804 male
582 2787 625 2813 lg„
629 2787 681 2805 ere
701 2782 729 2805 et
748 2779 854 2805 mellus
875 2780 951 2805 bene
971 2779 1097 2805 credetc
1116 2786 1206 2813 quam
1227 2778 1300 2805 hene
1319 2786 1428 2814 agcre.

549 2859 581 2888 4.
610 2849 736 2880 Psalm.
766 2850 850 2887 LIV,
881 2859 932 2880 22.
1033 2860 1085 2880 20.
1115 2850 1221 2880 Cand.
1251 2850 1305 2889 IV,
1338 2859 1385 2889 12,
1419 2850 1468 2881 ιδ’.
