2003 3322
201 197 289 225 CAP.
310 187 436 243 xxiv]
714 201 853 233 PRtMA
882 201 1006 234 PARS.
1749 190 1793 227 8¹

201 306 239 342 in
279 308 386 351 celis,
431 308 621 357 sapientes
665 320 734 356 qne
771 320 925 343 sursum
964 316 1050 343 sunt
1088 316 1121 344 et
1166 321 1237 344 non
1283 320 1352 356 que
1398 319 1515 355 snper

201 372 346 400 terram
393 368 450 409 (ut
491 366 607 401 docet
638 365 868 412 Apostolus,
902 365 1001 401 Phil.
1037 367 1116 412 III).
1171 368 1270 402 Sunt
1304 365 1428 401 eciam
1467 366 1513 399 de

203 422 368 458 minimo
416 422 627 470 temporali
672 423 848 459 contenti
888 425 1107 459 secundum
1155 423 1366 460 consilium
1407 424 1513 470 Apo-

200 480 290 515 stoli
324 482 349 516 I.
383 481 487 516 Tim.
507 482 569 527 VI,
605 481 646 517 8:
680 481 875 517 Habentes
907 482 1087 517 alimenta
1122 489 1155 517 et
1177 482 1311 530 quibus
1333 488 1515 530 tegantur

168 537 271 573 §hiis
303 539 468 574 contenti
497 538 628 574 simus.
675 538 846 574 Fundati
895 538 1019 575 eciam
1062 539 1102 574 in
1145 539 1302 575 Christo
1343 550 1419 586 que
1458 546 1515 573 est

199 595 263 630 lux
295 608 387 632 vera
418 609 499 632 non
532 605 733 633 cessarent
756 610 778 633 a
802 596 882 632 suis
906 597 1217 644 operacionibus
1240 595 1513 644 spiritualibus

200 666 272 700 pro
305 653 463 690 turbine
496 654 731 702 improperii
754 655 814 691 vel
836 667 932 691 voce
955 655 1259 702 quomodolibet
1289 654 1513 694 infestante,

200 711 294 758 quia
326 713 546 748 secundum
564 712 886 749 Lincolniensem
921 725 1040 760 quam
1077 722 1378 749 monstruosum
1414 720 1515 747 esset

200 778 350 805 astrum
387 770 535 806 moveri
569 772 619 806 ad
653 779 806 806 motum
840 770 1010 806 turbinis
1038 770 1276 815 sublunaris,
1311 769 1365 805 ita
1400 782 1513 805 mon-

148 835 400 863 10struosum
447 836 505 864 est
549 827 588 864 in
632 828 800 864 ecclesia
854 828 1049 864 militante
1101 829 1299 876 prelatum
1360 826 1512 863 turbari

200 893 308 921 extra
346 885 548 922 tramitem
594 885 767 922 racionis
813 899 886 934 pro
933 895 1045 922 motu
1077 885 1320 934 vertiginoso
1365 884 1514 921 subditi

199 941 380 990 inquieti.
433 944 524 979 Ideo
572 944 754 980 Salvator
798 943 970 980 excludit
1018 945 1240 980 Johannem
1293 944 1423 979 a'atunz
1478 943 1513 977 in

200 1000 320 1036 lucem
354 1002 546 1050 gencium,
579 1001 695 1037 Ysaie
735 1003 867 1047 XLIX,
903 1003 940 1046 6,
986 1003 1032 1038 ab
1077 1002 1268 1038 arnna'ine
1312 1008 1512 1037 ventorum

200 1058 412 1107 impulsibus
442 1060 605 1110 agitata,
646 1059 813 1095 Matthei
845 1060 907 1105 XI,
944 1072 979 1106 7.
1034 1062 1081 1095 Et
1114 1059 1257 1096 ultimo
1290 1058 1514 1107 spirituales

148 1112 182 1144 ¹5
201 1115 462 1152 diffundendo
495 1117 741 1165 sapienciam
774 1117 903 1165 ipsam
927 1130 1008 1153 non
1033 1117 1232 1164 minuunt,
1267 1130 1356 1153 cum
1383 1116 1514 1152 distri-

201 1174 295 1210 buta
327 1174 494 1222 suscipit
525 1174 818 1211 incrementum
843 1184 880 1210 et
904 1188 1043 1211 avaros
1062 1184 1270 1224 tamquam
1299 1174 1515 1222 dedignata

200 1231 330 1267 reddit
362 1232 617 1280 posteriores,
658 1232 752 1280 quia
792 1233 898 1268 clara
940 1242 996 1269 est
1035 1241 1069 1269 et
1102 1245 1173 1282 qne
1205 1246 1278 1269 non
1312 1232 1515 1268 marcescit

199 1290 402 1338 sapiencia,
436 1292 528 1338 Sap.
556 1292 618 1336 VI,
648 1291 706 1328 13.
743 1293 791 1326 Et
823 1290 878 1326 sic
912 1291 998 1327 licet
1029 1291 1060 1326 is
1092 1291 1285 1339 quiforis
1317 1298 1372 1327 est
1405 1291 1515 1326 homo

200 1355 331 1383 noster
362 1356 654 1397 corrumpatur,
687 1356 812 1384 tamen
845 1348 877 1384 is
909 1349 973 1396 qui
1002 1349 1103 1385 intus
1136 1356 1190 1385 est
1225 1355 1437 1385 renovatur
1470 1348 1516 1383 de

145 1411 186 1432 20
202 1405 261 1440 die
292 1405 328 1440 in
361 1406 473 1451 diem,
507 1407 549 1442 II.
585 1407 675 1442 Cor.
709 1408 770 1450 IV,
812 1407 872 1442 16.

257 1464 334 1499 Ista
367 1472 501 1499 autem
535 1464 769 1512 quintuplex
802 1463 900 1499 lucis
924 1464 1150 1512 proprietas
1184 1465 1383 1512 complete
1418 1462 1514 1499 dicit
1546 1476 1680 1514 Lessons
1700 1480 1731 1502 to
1754 1476 1788 1502 be

201 1520 361 1556 cuilibet
395 1521 610 1557 christiano
644 1522 848 1569 quomodo
880 1521 982 1558 vivet
1024 1523 1158 1569 quoad
1193 1524 1334 1569 Deum,
1379 1522 1512 1570 quoad
1529 1511 1625 1538 learnt
1645 1512 1725 1537 from
1746 1511 1795 1537 ΗΝ

1578 1554 1610 1572 ro
1637 1545 1727 1572 erties
1748 1546 1782 1572 of

81 1584 161 1617 362⁴
200 1590 240 1614 se
272 1578 418 1626 ipsum,
447 1576 452 1631 1
482 1581 614 1627 quoad
647 1579 870 1627 proximum
896 1589 932 1615 et
956 1582 1090 1628 quoad
1124 1581 1332 1625 mundum,
1368 1592 1513 1628 quous-
1555 1554 1596 1641 ΡΤ
1615 1554 1744 1641 pl{ght-b
1786 1615 1803 1641 1>

201 1648 277 1684 que
300 1637 430 1685 fuerit
463 1638 652 1686 deposicio
685 1638 797 1673 lznius
830 1638 1079 1673 tabernaculi.
1115 1639 1241 1674 Debet
1265 1637 1371 1674 enirn
1396 1622 1803 1687 inniti¹'u211ub'1l1·1sst⁶”

144 1688 184 1720 25
201 1706 389 1742 supremo
427 1694 585 1743 corpori
626 1695 784 1731 Christo
823 1696 931 1743 quod
970 1704 1027 1731 est
1066 1704 1252 1732 neutrum
1295 1695 1334 1732 in
1382 1707 1512 1743 perso·
1528 1684 1805 1745 xxvliibi1liigeisoil1e

200 1764 343 1788 narum
376 1752 629 1800 accepeione,
671 1762 708 1789 et
745 1762 840 1789 tunc
878 1766 959 1789 non
999 1762 1055 1789 est
1089 1753 1373 1801 compossibile
1406 1754 1514 1801 quod
1609 1761 1727 1780 source.

201 1809 379 1846 turbines
417 1810 707 1858 temptancium
748 1811 996 1847 confundant
1040 1820 1284 1859 persecutos,
1331 1811 1362 1847 si
1403 1823 1514 1847 more

201 1867 300 1903 lucis
334 1868 542 1904 reflectant
566 1881 655 1904 cum
680 1869 892 1916 splendore
917 1869 1084 1917 exempli
1110 1878 1147 1905 et
1171 1870 1314 1905 ardore
1338 1868 1515 1905 caritatis

203 1937 364 1961 causam
414 1938 551 1962 eorum
598 1926 638 1962 in
685 1939 800 1962 suum
854 1926 1109 1975 principium,
1165 1927 1259 1975 quia
1311 1926 1515 1963 conclusio

145 1978 187 2009 30
201 1983 382 2030 Apostoli
421 1992 478 2019 est
517 1985 566 2020 ad
591 1986 703 2022 Rom.
727 1986 863 2031 VIIIVO,
897 1985 962 2031 28,
997 1986 1105 2033 quod
1140 1985 1356 2021 timentibus
1389 1985 1515 2020 Deum

203 2041 328 2076 onznia
361 2049 621 2091 cooperantur
653 2042 688 2077 in
721 2042 871 2078 bonum.
925 2042 1020 2085 Quis
1064 2055 1160 2092 ergo
1208 2055 1275 2078 nos
1321 2042 1516 2091 separabit

203 2111 224 2134 a
257 2098 418 2134 caritate
444 2097 592 2135 Christi
622 2096 706 2151 (qui
736 2107 791 2136 est
822 2100 893 2136 lux
924 2101 1165 2136 mundiJoh.
1189 2102 1285 2145 VIII,
1313 2098 1427 2152 12.)?
1458 2100 1516 2135 An

197 2157 433 2204 persecucio,
466 2169 513 2192 an
534 2157 700 2205 fames?
722 2166 758 2193 et
780 2157 836 2194 sic
860 2158 907 2193 de
931 2157 1071 2194 ceteris
1094 2170 1171 2205 que
1203 2167 1389 2194 numerat
1410 2158 1517 2205 Apo-

203 2213 340 2260 stolus,
374 2214 441 2250 ubi
474 2227 606 2262 supra.
640 2216 755 2251 Unde
777 2216 864 2251 Joh.
888 2216 990 2251 XVII
1010 2214 1216 2251 scribitur:
1252 2216 1335 2251 Hec
1368 2216 1518 2251 locutus

146 2263 186 2297 35
202 2283 285 2307 sum
320 2272 437 2318 vobis,
471 2279 511 2307 ut
542 2272 578 2307 in
611 2285 670 2308 me
687 2285 823 2321 pacem
847 2273 1031 2320 habeatis,
1065 2273 1100 2308 in
1125 2273 1267 2309 mundo
1285 2285 1516 2322 pressuram

204 2328 396 2365 habebitis.
442 2330 605 2366 RecoIat
649 2342 742 2378 ergo
786 2330 916 2366 viator
955 2332 1002 2367 de
1042 2331 1115 2367 hac
1153 2339 1296 2367 natura
1336 2330 1435 2367 lucis
1481 2339 1517 2366 et

205 2395 344 2423 contra
396 2388 667 2435 quodcunque
719 2387 905 2424 resistens
953 2396 1062 2424 recto
1114 2387 1285 2425 incessui
1338 2388 1518 2424 reflectat

204 2445 389 2480 ardorem
427 2457 563 2481 versus
604 2457 721 2481 suum
767 2445 1024 2494 principium.
1079 2445 1143 2482 Sic
1189 2445 1293 2482 enirn
1333 2446 1518 2482 carbones

276 2646 312 2680 15,
335 2647 376 2673 16.
397 2647 439 2673 A:
462 2649 561 2674 tamen
583 2647 755 2675 distributa.
829 2656 868 2675 21.
890 2649 933 2675 A:
955 2649 1014 2676 Iste
1032 2652 1143 2676 aulem.

278 2762 306 2784 2.
335 2753 412 2784 Col.
446 2754 500 2793 ΙΙΙ,
534 2763 564 2784 2.
709 2754 737 2786 5.
764 2755 962 2794 Sermones,
996 2755 1017 2786 Ι.
1044 2766 1072 2786 c.
1106 2766 1137 2797 p.
1168 2754 1243 2787 381.
1387 2765 1439 2786 21.
1473 2756 1517 2786 ib.

209 2808 263 2839 24.
290 2799 329 2829 ῙΙ.
358 2799 446 2830 Petri
475 2800 497 2839 Ι,
531 2810 579 2840 14.
702 2801 754 2841 34.
780 2801 885 2832 Recte
910 2801 988 2832 Joh.
1014 2801 1101 2841 XVI,
1131 2802 1183 2834 33.
