2003 3322
214 215 303 243 CAP.
325 202 407 259 xv]
720 214 860 247 PRIMA
887 213 1011 247 PARS.

213 335 356 371 cunque
387 335 501 359 causa
535 322 736 368 contendit,
778 322 982 370 perspicue
1021 322 1236 357 ostenditur
1274 323 1374 370 quod
1411 321 1518 356 illum

214 381 353 431 diligit.
417 381 619 429 Quomodo
664 392 760 429 ergo
805 380 987 414 mundum
1040 380 1155 429 diligi
1191 392 1265 428 per
1307 380 1519 414 „Iohannem

214 439 381 487 Spiritus
414 438 546 473 Sancti
588 450 784 473 sermones
823 437 1066 483 interdicunt,
1107 437 1239 485 quibus
1277 437 1348 472 ait:
1392 437 1521 472 Nolite

214 496 380 546 diligere
411 496 592 531 mundum
627 507 742 543 neque
774 507 815 530 ea
848 507 918 543 que
949 495 984 530 in
1024 495 1165 530 mundo
1197 495 1314 530 sunt?
1346 495 1422 530 Sed
1461 507 1519 529 re-

180 554 440 602 §quirendum
474 561 528 589 est
559 553 592 588 si
623 553 658 587 in
692 553 834 588 mundo
866 553 1012 600 aliquid
1033 552 1081 588 sit
1104 553 1204 601 quod
1226 552 1354 587 amari
1376 552 1520 597 debeat,

213 619 247 647 et
279 612 369 660 quid
400 611 447 647 sit
479 611 543 646 ille
575 611 739 646 mundus
762 622 869 659 quem
905 610 1019 660 dilig-i
1049 610 1176 645 divina
1210 610 1356 658 eloquia
1381 617 1520 645 vetant.

219 670 341 705 Terra
382 681 466 705 cum
507 668 746 704 nascentibus
779 680 829 704 ex
861 680 904 703 ea
937 675 971 703 et
1003 668 1168 704 metallis
1200 675 1235 704 et
1267 667 1523 703 animantibus

211 735 246 763 et
273 727 538 775 pulcritudine
576 726 732 762 vestium
774 733 808 761 et
846 726 1163 762 oblectacionibus
1201 726 1371 762 ciborum
1412 733 1446 761 et
1478 725 1521 760 iis

212 797 282 833 que
313 785 364 820 ad
394 785 462 820 hec
492 784 687 833 pertinent
720 796 792 819 non
827 784 941 833 diligi
956 784 1189 833 precipitur,
1220 784 1289 819 sed
1313 783 1521 832 proximus

160 850 373 891 xopropter
406 854 514 891 quem
548 842 616 877 hec
648 842 774 877 omnia
803 842 918 889 facta
949 849 1036 877 sunt
1067 842 1196 877 amari
1232 842 1392 877 iubetur.
1439 841 1523 876 Hec

213 901 309 936 enim
364 900 489 936 omnia
537 900 714 949 predicta
760 900 861 935 velut
904 912 975 935 non
1021 912 1202 935 mansura
1247 900 1298 934 ad
1347 899 1521 935 celestem

207 959 379 1007 patriam
396 958 576 994 comitari
597 965 794 1006 nequeunt,
813 957 992 1006 proximi
1006 970 1096 994 vero
1112 958 1214 993 velut
1228 957 1404 992 mansuri
1417 957 1524 1006 regis

212 1017 418 1052 coheredes
473 1015 696 1064 semetipsos
746 1015 903 1051 licenter
954 1015 1111 1051 invicem
1166 1015 1344 1065 diligunt.
1411 1014 1525 1058 Quod

213 1086 309 1124 ergo
341 1086 493 1123 semper
525 1074 560 1109 in
595 1074 736 1109 mundo
770 1085 841 1108 non
875 1080 1002 1109 manet
1034 1081 1068 1109 et
1101 1085 1184 1108 cum
1209 1073 1350 1108 mundo
1370 1072 1524 1121 pariter

159 1135 195 1167 15
213 1132 370 1182 deficiet,
418 1139 452 1167 et
483 1132 562 1180 ipse
594 1131 757 1166 mundus
790 1143 861 1166 non
894 1131 1023 1166 amari
1048 1131 1278 1180 precipitur,
1315 1130 1524 1179 proximus

212 1197 336 1225 autem
370 1190 433 1238 qui
462 1197 517 1225 est
544 1201 642 1238 pars
682 1189 795 1239 regni
833 1189 980 1225 celestis
1020 1189 1055 1225 in
1095 1196 1202 1225 terra
1241 1196 1276 1225 et
1316 1189 1416 1224 inter
1448 1188 1538 1223 ima·

211 1248 407 1293 elementa,
435 1259 519 1282 cum
544 1259 709 1297 regnum
734 1247 906 1282 celorum
930 1247 1195 1296 appetentibus
1215 1259 1287 1282 non
1311 1246 1525 1296 incongrue

213 1312 381 1352 amatur⁷
427 1306 516 1340 dum
556 1305 591 1340 in
630 1317 780 1340 summa
822 1304 887 1339 illa
924 1305 1056 1353 patria
1095 1305 1130 1340 in
1163 1312 1334 1340 eternum
1368 1304 1526 1339 coheres

214 1363 413 1399 habeatur.
449 1363 664 1411 Propterea
697 1363 861 1398 mundus
879 1374 1041 1411 presens
1064 1375 1135 1398 non
1160 1362 1273 1412 diligi
1296 1362 1525 1410 imperatur,

157 1432 198 1453 20
214 1433 258 1456 ne
292 1433 314 1456 a
344 1421 420 1456 Dei
459 1421 663 1456 dileccione
701 1420 846 1455 alienus
886 1420 1004 1455 seculi
1045 1420 1206 1456 dilector
1247 1420 1401 1468 quisque
1443 1419 1526 1469 effi-

215 1479 350 1514 ciatur.
403 1479 489 1514 Non
522 1490 619 1528 ergo
654 1478 761 1513 debet
793 1478 980 1522 contendi,
1025 1479 1126 1526 quod
1163 1490 1235 1514 non
1270 1477 1354 1513 licet
1386 1477 1524 1512 amari.

213 1537 341 1586 Igitur
378 1536 609 1572 christianus
641 1536 704 1584 qui
734 1535 895 1571 nominis
933 1535 1080 1571 Christi
1109 1535 1395 1571 similitudinem
1428 1542 1527 1571 tenet

214 1606 437 1642 morumque
479 1594 558 1630 eius
601 1593 887 1630 similitudinem
927 1593 1068 1629 habere
1113 1594 1232 1630 debet.
1284 1592 1526 1628 Christianus

213 1652 335 1701 igitur
372 1664 480 1688 nemo
519 1659 621 1688 recte
659 1651 799 1687 dicitur
836 1651 913 1688 nisi
949 1651 1013 1699 qui
1054 1651 1207 1687 Christo
1241 1651 1411 1686 moribus
1443 1662 1525 1686 coe-

158 1712 197 1743 25
214 1717 365 1758 quatur.
413 1710 474 1745 De
518 1709 672 1745 Christo
713 1721 803 1745 vero
838 1721 913 1758 per
947 1710 1179 1758 prophetam
1228 1709 1279 1744 ita
1323 1708 1526 1744 scribitur:

214 1767 315 1803 Ecce
335 1767 448 1817 filius
480 1779 586 1803 meus
608 1779 716 1815 quem
751 1767 864 1817 elegi,
898 1767 1040 1803 electus
1073 1779 1190 1813 meus,
1226 1766 1457 1815 complacuit
1489 1765 1524 1800 in

214 1825 280 1861 illo
312 1825 383 1861 sibi
413 1826 540 1860 anima
574 1837 668 1860 mea.
716 1825 863 1860 Ponam
897 1825 1075 1874 spiritum
1110 1837 1235 1860 meum
1269 1836 1387 1873 super
1426 1836 1522 1859 eum.

216 1883 303 1918 Non
348 1883 539 1918 contendit
583 1895 699 1931 neque
743 1883 925 1918 clamavit
965 1895 1082 1931 neque
1120 1882 1267 1918 audivit
1305 1881 1443 1930 aliquis
1488 1881 1523 1916 in

211 1941 342 1989 platea
382 1953 510 1976 vocem
550 1941 641 1979 eius.
684 1941 785 1976 Ecce
832 1940 1010 1976 Christus
1054 1952 1125 1976 non
1170 1940 1375 1985 contendit,
1420 1947 1454 1974 et
1485 1946 1524 1974 tu

159 2000 200 2031 30
214 1998 247 2034 si
278 2010 429 2033 morum
469 1999 615 2034 Christi
652 1998 937 2034 similitudinem
978 1998 1143 2034 retinere
1181 1998 1300 2046 cupis,
1347 2010 1390 2033 ne
1437 2009 1523 2032 con-

215 2057 362 2103 tendas⁷
403 2069 447 2092 ne
477 2057 657 2092 abusivus
696 2057 731 2091 in
765 2056 921 2092 ecclesia
960 2056 1192 2091 christianus
1230 2055 1386 2091 existas.
1439 2055 1526 2090 Suis

215 2114 311 2149 enim
344 2114 596 2150 sectatoribus
623 2114 800 2150 Christus
822 2114 1017 2163 precepit:
1050 2114 1179 2149 Nolite
1213 2113 1348 2148 vocari
1380 2113 1527 2157 Rabbi5

216 2184 311 2207 unus
343 2179 397 2207 est
429 2172 524 2207 enim
554 2172 742 2222 magister
765 2179 890 2207 vester
912 2172 975 2219 qui
1005 2179 1059 2207 est
1087 2171 1277 2207 Christus.
1302 2171 1354 2205 Et
1371 2177 1524 2219 patrem

216 2229 331 2265 nolite
364 2241 502 2265 vocare
534 2242 652 2278 super
682 2236 844 2275 terram,
885 2241 980 2265 unus
1017 2236 1072 2265 est
1111 2229 1208 2264 enim
1243 2236 1359 2277 pater
1401 2235 1526 2263 vester

160 2289 199 2321 35
216 2287 278 2335 qui
309 2287 343 2322 in
377 2287 466 2323 celis
498 2295 563 2323 est.
617 2287 756 2323 Omnes
795 2287 891 2322 enim
933 2299 998 2323 vos
1030 2286 1189 2335 fratres
1228 2286 1327 2322 estis.
1380 2285 1527 2334 Quibus

215 2345 266 2379 ad
311 2345 605 2393 supplicandum
659 2345 874 2393 imperavit,
929 2356 1012 2379 cum
1066 2344 1230 2380 diceret:
1283 2344 1345 2379 Sic
1397 2350 1522 2378 autem

217 2402 397 2438 orabitis:
430 2404 547 2439 Pater
580 2410 709 2438 noster
732 2403 797 2451 qui
823 2414 861 2437 es
894 2402 929 2437 in
964 2402 1066 2448 celis,
1100 2401 1360 2451 sanctificetur
1392 2412 1524 2436 nomen

284 2567 312 2591 4.
334 2558 445 2585 mundo
464 2559 558 2585 sunt?
578 2558 723 2592 Sequitur
742 2557 773 2584 in
794 2561 876 2584 ‘sextu
898 2557 1081 2592 Augustini:
1104 2556 1216 2583 Mundi
1229 2557 1309 2584 enim
1322 2564 1413 2583 amor
1426 2559 1455 2583 et
1469 2556 1529 2582 Dei

211 2594 336 2627 pariter
355 2593 385 2620 in
407 2600 466 2619 uno
491 2592 584 2619 corde
604 2593 784 2619 cohabitare
810 2600 870 2619 non
893 2595 1030 2627 possunt,
1060 2591 1314 2627 quemadmodum
1334 2591 1426 2617 iidem
1446 2591 1530 2617 oculi

216 2628 311 2654 celum
326 2628 450 2662 pariter
470 2630 500 2654 et
512 2630 630 2654 terram
644 2635 744 2661 nequa
769 2635 839 2653 uam
853 2627 1052 2661 conspiciunt.
1127 2634 1168 2658 14.
1183 2626 1218 2652 B:
1244 2626 1274 2653 in
1289 2626 1401 2652 mundo
1416 2627 1524 2652 manet.

218 2662 258 2688 16.
275 2662 313 2688 B:
334 2665 420 2689 terra
435 2662 519 2689 intro
534 2663 606 2688 ima.
686 2670 725 2688 17.
741 2635 777 2688 g:
794 2669 859 2688 cum
873 2661 966 2688 deest.
1039 2659 1082 2687 23.
1103 2661 1125 2686 B
1140 2660 1170 2686 in
1187 2668 1301 2694 marg:
1321 2659 1525 2687 Christianus.

216 2704 263 2731 29.
279 2697 317 2724 B:
340 2696 378 2723 Et
398 2704 475 2723 ecce.
548 2695 589 2722 32.
606 2697 650 2723 A:
673 2696 776 2723 Nolite
797 2696 900 2723 nolite.
972 2694 1016 2722 35.
1032 2695 1070 2722 B:
1092 2695 1130 2722 Et
1150 2703 1228 2721 enlm
1248 2703 1301 2722 vos
1311 2693 1446 2731 fratres.

288 2780 316 2811 3.
344 2780 367 2811 I.
391 2779 469 2811 Joh.
497 2780 534 2820 Π,
567 2779 616 2810 15.
719 2779 771 2810 26.
802 2780 842 2810 Is.
868 2779 972 2818 XLII,
1005 2789 1030 2809 1.
1134 2788 1187 2819 27.
1215 2777 1333 2808 Matth.
1359 2777 1443 2816 XIII,
1476 2777 1525 2808 18.

220 2826 272 2857 32.
299 2825 417 2857 Matth.
443 2826 562 2865 XXIII,
589 2825 620 2856 8.
717 2825 774 2857 36:
796 2825 914 2856 Matth.
941 2825 995 2863 VI,
1022 2834 1054 2866 ς).

1367 2891 1389 2920 4

1755 218 1806 254 49
