<?xml version="1.0" encoding="UTF-8"?>
<!DOCTYPE html PUBLIC "-//W3C//DTD XHTML 1.0 Transitional//EN"
    "http://www.w3.org/TR/xhtml1/DTD/xhtml1-transitional.dtd">
<html xmlns="http://www.w3.org/1999/xhtml" xml:lang="en" lang="en">
 <head>
  <title>
</title>
<meta http-equiv="Content-Type" content="text/html;charset=utf-8" />
  <meta name='ocr-system' content='tesseract 3.04.00' />
  <meta name='ocr-capabilities' content='ocr_page ocr_carea ocr_par ocr_line ocrx_word'/>
</head>
<body>
  <div class='ocr_page' id='page_1' title='image "./opusevangelicum12wycl/opusevangelicum12wycl_0303.png"; bbox 0 0 2003 3322; ppageno 0'>
   <div class='ocr_carea' id='block_1_1' title="bbox 97 694 178 729">
    <p class='ocr_par' dir='ltr' id='par_1_1' title="bbox 97 694 178 729">
     <span class='ocr_line' id='line_1_1' title="bbox 97 694 178 729; baseline 0 -1"><span class='ocrx_word' id='word_1_1' title='bbox 97 694 178 729; x_wconf 70' lang='lat'>385¹&gt;</span> 
     </span>
    </p>
   </div>
   <div class='ocr_carea' id='block_1_2' title="bbox 164 822 202 842">
    <p class='ocr_par' dir='ltr' id='par_1_2' title="bbox 164 822 202 842">
     <span class='ocr_line' id='line_1_2' title="bbox 164 822 202 842; baseline 0 0"><span class='ocrx_word' id='word_1_2' title='bbox 164 822 202 842; x_wconf 93' lang='lat' dir='ltr'>IO</span> 
     </span>
    </p>
   </div>
   <div class='ocr_carea' id='block_1_3' title="bbox 164 1100 198 1131">
    <p class='ocr_par' dir='ltr' id='par_1_3' title="bbox 164 1100 198 1131">
     <span class='ocr_line' id='line_1_3' title="bbox 164 1100 198 1131; baseline 0 0"><span class='ocrx_word' id='word_1_3' title='bbox 164 1100 198 1131; x_wconf 74' lang='lat'>15</span> 
     </span>
    </p>
   </div>
   <div class='ocr_carea' id='block_1_4' title="bbox 160 1400 201 1420">
    <p class='ocr_par' dir='ltr' id='par_1_4' title="bbox 160 1400 201 1420">
     <span class='ocr_line' id='line_1_4' title="bbox 160 1400 201 1420; baseline 0 0"><span class='ocrx_word' id='word_1_4' title='bbox 160 1400 201 1420; x_wconf 84' lang='lat'>20</span> 
     </span>
    </p>
   </div>
   <div class='ocr_carea' id='block_1_5' title="bbox 216 171 1053 225">
    <p class='ocr_par' dir='ltr' id='par_1_5' title="bbox 216 171 1053 225">
     <span class='ocr_line' id='line_1_5' title="bbox 216 171 1053 225; baseline 0.006 -17"><span class='ocrx_word' id='word_1_5' title='bbox 216 180 305 208; x_wconf 81' lang='lat' dir='ltr'>CAP.</span> <span class='ocrx_word' id='word_1_6' title='bbox 326 171 423 225; x_wconf 69' lang='lat' dir='ltr'>xiv]</span> <span class='ocrx_word' id='word_1_7' title='bbox 688 182 899 214; x_wconf 70' lang='lat' dir='ltr'>SECUNDA</span> <span class='ocrx_word' id='word_1_8' title='bbox 928 182 1053 214; x_wconf 80' lang='lat' dir='ltr'>PARS.</span> 
     </span>
    </p>
   </div>
   <div class='ocr_carea' id='block_1_6' title="bbox 216 286 1529 1666">
    <p class='ocr_par' dir='ltr' id='par_1_6' title="bbox 216 286 1529 1376">
     <span class='ocr_line' id='line_1_6' title="bbox 273 286 1523 334; baseline -0.002 -10"><span class='ocrx_word' id='word_1_9' title='bbox 273 288 439 324; x_wconf 87' lang='lat' dir='ltr'>Videtur</span> <span class='ocrx_word' id='word_1_10' title='bbox 471 287 590 324; x_wconf 85' lang='lat' dir='ltr'>istum</span> <span class='ocrx_word' id='word_1_11' title='bbox 625 296 807 323; x_wconf 90' lang='lat' dir='ltr'>sanctum</span> <span class='ocrx_word' id='word_1_12' title='bbox 843 287 1056 323; x_wconf 79' lang='lat' dir='ltr'>admittere</span> <span class='ocrx_word' id='word_1_13' title='bbox 1089 297 1169 323; x_wconf 89' lang='lat' dir='ltr'>tam</span> <span class='ocrx_word' id='word_1_14' title='bbox 1197 286 1523 334; x_wconf 78' lang='lat' dir='ltr'>predicacionem</span> 
     </span>
     <span class='ocr_line' id='line_1_7' title="bbox 216 344 1525 394; baseline -0.001 -13"><span class='ocrx_word' id='word_1_15' title='bbox 216 346 424 382; x_wconf 83' lang='lat' dir='ltr'>formalem</span> <span class='ocrx_word' id='word_1_16' title='bbox 460 358 580 394; x_wconf 90' lang='lat' dir='ltr'>quam</span> <span class='ocrx_word' id='word_1_17' title='bbox 616 345 741 381; x_wconf 90' lang='lat' dir='ltr'>eciam</span> <span class='ocrx_word' id='word_1_18' title='bbox 777 347 993 390; x_wconf 80' lang='lat' dir='ltr'>causalem,</span> <span class='ocrx_word' id='word_1_19' title='bbox 1035 347 1129 381; x_wconf 90' lang='lat' dir='ltr'>dum</span> <span class='ocrx_word' id='word_1_20' title='bbox 1164 344 1260 381; x_wconf 87' lang='lat' dir='ltr'>dicit</span> <span class='ocrx_word' id='word_1_21' title='bbox 1293 345 1401 393; x_wconf 90' lang='lat' dir='ltr'>quod</span> <span class='ocrx_word' id='word_1_22' title='bbox 1435 357 1525 392; x_wconf 92' lang='lat' dir='ltr'>pec-</span> 
     </span>
     <span class='ocr_line' id='line_1_8' title="bbox 217 402 1525 448; baseline -0.002 -9"><span class='ocrx_word' id='word_1_23' title='bbox 217 412 305 439; x_wconf 90' lang='lat' dir='ltr'>cata</span> <span class='ocrx_word' id='word_1_24' title='bbox 352 412 444 439; x_wconf 89' lang='lat' dir='ltr'>sunt</span> <span class='ocrx_word' id='word_1_25' title='bbox 488 403 632 439; x_wconf 90' lang='lat' dir='ltr'>debita.</span> <span class='ocrx_word' id='word_1_26' title='bbox 688 403 879 448; x_wconf 85' lang='lat' dir='ltr'>Quamvis</span> <span class='ocrx_word' id='word_1_27' title='bbox 926 412 1057 439; x_wconf 87' lang='lat' dir='ltr'>autem</span> <span class='ocrx_word' id='word_1_28' title='bbox 1109 405 1214 439; x_wconf 91' lang='lat' dir='ltr'>Luce</span> <span class='ocrx_word' id='word_1_29' title='bbox 1246 404 1308 448; x_wconf 84' lang='lat' dir='ltr'>XI,</span> <span class='ocrx_word' id='word_1_30' title='bbox 1349 415 1374 448; x_wconf 84' lang='lat'>4</span> <span class='ocrx_word' id='word_1_31' title='bbox 1419 402 1525 438; x_wconf 87' lang='lat' dir='ltr'>dicat</span> 
     </span>
     <span class='ocr_line' id='line_1_9' title="bbox 217 460 1529 509; baseline -0.002 -12"><span class='ocrx_word' id='word_1_32' title='bbox 217 461 415 497; x_wconf 88' lang='lat' dir='ltr'>Christus:</span> <span class='ocrx_word' id='word_1_33' title='bbox 450 461 611 497; x_wconf 82' lang='lat' dir='ltr'>Dimitte</span> <span class='ocrx_word' id='word_1_34' title='bbox 642 461 747 497; x_wconf 80' lang='lat' dir='ltr'>nobis</span> <span class='ocrx_word' id='word_1_35' title='bbox 770 468 929 509; x_wconf 71' lang='lat' dir='ltr'>peccata</span> <span class='ocrx_word' id='word_1_36' title='bbox 960 468 1107 505; x_wconf 74' lang='lat' dir='ltr'>nostru,</span> <span class='ocrx_word' id='word_1_37' title='bbox 1138 461 1173 496; x_wconf 79' lang='lat' dir='ltr'>si</span> <span class='ocrx_word' id='word_1_38' title='bbox 1203 460 1353 508; x_wconf 78' lang='lat' dir='ltr'>quidem</span> <span class='ocrx_word' id='word_1_39' title='bbox 1389 467 1423 496; x_wconf 86' lang='lat' dir='ltr'>et</span> <span class='ocrx_word' id='word_1_40' title='bbox 1455 460 1529 509; x_wconf 80' lang='lat' dir='ltr'>ipsi</span> 
     </span>
     <span class='ocr_line' id='line_1_10' title="bbox 217 518 1526 566; baseline -0.001 -12"><span class='ocrx_word' id='word_1_41' title='bbox 217 519 442 554; x_wconf 79' lang='lat' dir='ltr'><em>dimittimus</em></span> <span class='ocrx_word' id='word_1_42' title='bbox 481 520 585 555; x_wconf 82' lang='lat' dir='ltr'>omni</span> <span class='ocrx_word' id='word_1_43' title='bbox 616 519 766 554; x_wconf 82' lang='lat' dir='ltr'>debenti</span> <span class='ocrx_word' id='word_1_44' title='bbox 796 519 913 563; x_wconf 73' lang='lat' dir='ltr'>nobis,</span> <span class='ocrx_word' id='word_1_45' title='bbox 959 527 1095 555; x_wconf 87' lang='lat' dir='ltr'>tamen</span> <span class='ocrx_word' id='word_1_46' title='bbox 1134 518 1338 566; x_wconf 87' lang='lat' dir='ltr'>loquendo</span> <span class='ocrx_word' id='word_1_47' title='bbox 1377 518 1526 554; x_wconf 87' lang='lat' dir='ltr'>forma-</span> 
     </span>
     <span class='ocr_line' id='line_1_11' title="bbox 216 575 1527 625; baseline -0.002 -12"><span class='ocrx_word' id='word_1_48' title='bbox 216 576 305 613; x_wconf 85' lang='lat' dir='ltr'>liter</span> <span class='ocrx_word' id='word_1_49' title='bbox 337 586 502 625; x_wconf 88' lang='lat' dir='ltr'>peccata</span> <span class='ocrx_word' id='word_1_50' title='bbox 536 586 572 612; x_wconf 86' lang='lat' dir='ltr'>et</span> <span class='ocrx_word' id='word_1_51' title='bbox 604 576 735 612; x_wconf 90' lang='lat' dir='ltr'>debita</span> <span class='ocrx_word' id='word_1_52' title='bbox 768 576 1082 624; x_wconf 79' lang='lat' dir='ltr'>distinguuntur,</span> <span class='ocrx_word' id='word_1_53' title='bbox 1132 589 1223 612; x_wconf 91' lang='lat' dir='ltr'>cum</span> <span class='ocrx_word' id='word_1_54' title='bbox 1258 575 1437 612; x_wconf 89' lang='lat' dir='ltr'>debitum</span> <span class='ocrx_word' id='word_1_55' title='bbox 1471 575 1527 620; x_wconf 83' lang='lat' dir='ltr'>&lt;in</span> 
     </span>
     <span class='ocr_line' id='line_1_12' title="bbox 217 634 1526 683; baseline -0.001 -13"><span class='ocrx_word' id='word_1_56' title='bbox 217 643 411 683; x_wconf 88' lang='lat' dir='ltr'>quantum</span> <span class='ocrx_word' id='word_1_57' title='bbox 446 634 692 682; x_wconf 79' lang='lat' dir='ltr'>huiusmodi)</span> <span class='ocrx_word' id='word_1_58' title='bbox 726 634 775 670; x_wconf 88' lang='lat' dir='ltr'>sit</span> <span class='ocrx_word' id='word_1_59' title='bbox 807 634 938 682; x_wconf 91' lang='lat' dir='ltr'>ipsum</span> <span class='ocrx_word' id='word_1_60' title='bbox 972 635 1079 682; x_wconf 87' lang='lat' dir='ltr'>quod</span> <span class='ocrx_word' id='word_1_61' title='bbox 1113 635 1289 670; x_wconf 87' lang='lat' dir='ltr'>debetur.</span> <span class='ocrx_word' id='word_1_62' title='bbox 1325 635 1401 670; x_wconf 85' lang='lat' dir='ltr'>Sed</span> <span class='ocrx_word' id='word_1_63' title='bbox 1434 645 1526 681; x_wconf 92' lang='lat' dir='ltr'>pec-</span> 
     </span>
     <span class='ocr_line' id='line_1_13' title="bbox 217 690 1525 742; baseline -0.002 -14"><span class='ocrx_word' id='word_1_64' title='bbox 217 701 349 728; x_wconf 87' lang='lat' dir='ltr'>catum</span> <span class='ocrx_word' id='word_1_65' title='bbox 396 692 599 740; x_wconf 87' lang='lat' dir='ltr'>peccantis</span> <span class='ocrx_word' id='word_1_66' title='bbox 644 705 724 728; x_wconf 89' lang='lat' dir='ltr'>non</span> <span class='ocrx_word' id='word_1_67' title='bbox 752 690 756 742; x_wconf 73' lang='grc' dir='ltr'>Ι</span> <span class='ocrx_word' id='word_1_68' title='bbox 786 693 953 728; x_wconf 88' lang='lat' dir='ltr'>debetur</span> <span class='ocrx_word' id='word_1_69' title='bbox 999 694 1095 737; x_wconf 77' lang='lat' dir='ltr'>Deo,</span> <span class='ocrx_word' id='word_1_70' title='bbox 1146 691 1308 727; x_wconf 89' lang='lat' dir='ltr'>diabolo</span> <span class='ocrx_word' id='word_1_71' title='bbox 1352 692 1413 727; x_wconf 86' lang='lat' dir='ltr'>vel</span> <span class='ocrx_word' id='word_1_72' title='bbox 1459 690 1525 727; x_wconf 88' lang='lat' dir='ltr'>alii</span> 
     </span>
     <span class='ocr_line' id='line_1_14' title="bbox 218 749 1526 797; baseline -0.002 -11"><span class='ocrx_word' id='word_1_73' title='bbox 218 759 410 796; x_wconf 82' lang='lat' dir='ltr'>creature,</span> <span class='ocrx_word' id='word_1_74' title='bbox 458 751 525 786; x_wconf 89' lang='lat' dir='ltr'>sed</span> <span class='ocrx_word' id='word_1_75' title='bbox 563 759 701 786; x_wconf 86' lang='lat' dir='ltr'>tamen</span> <span class='ocrx_word' id='word_1_76' title='bbox 740 762 783 785; x_wconf 86' lang='lat' dir='ltr'>ex</span> <span class='ocrx_word' id='word_1_77' title='bbox 822 749 956 786; x_wconf 84' lang='lat' dir='ltr'>divina</span> <span class='ocrx_word' id='word_1_78' title='bbox 995 749 1154 786; x_wconf 84' lang='lat' dir='ltr'>iusticia</span> <span class='ocrx_word' id='word_1_79' title='bbox 1187 749 1435 797; x_wconf 88' lang='lat' dir='ltr'>impossibile</span> <span class='ocrx_word' id='word_1_80' title='bbox 1469 757 1526 785; x_wconf 89' lang='lat' dir='ltr'>est</span> 
     </span>
     <span class='ocr_line' id='line_1_15' title="bbox 217 807 1526 857; baseline -0.001 -14"><span class='ocrx_word' id='word_1_81' title='bbox 217 820 463 856; x_wconf 80' lang='lat' dir='ltr'>quemquam</span> <span class='ocrx_word' id='word_1_82' title='bbox 498 820 666 856; x_wconf 85' lang='lat' dir='ltr'>peccare</span> <span class='ocrx_word' id='word_1_83' title='bbox 698 807 738 843; x_wconf 88' lang='lat' dir='ltr'>in</span> <span class='ocrx_word' id='word_1_84' title='bbox 771 808 985 857; x_wconf 89' lang='lat' dir='ltr'>reliquum,</span> <span class='ocrx_word' id='word_1_85' title='bbox 1032 807 1109 843; x_wconf 88' lang='lat' dir='ltr'>nisi</span> <span class='ocrx_word' id='word_1_86' title='bbox 1143 819 1190 843; x_wconf 89' lang='lat' dir='ltr'>eo</span> <span class='ocrx_word' id='word_1_87' title='bbox 1225 807 1311 855; x_wconf 86' lang='lat' dir='ltr'>ipso</span> <span class='ocrx_word' id='word_1_88' title='bbox 1345 807 1526 843; x_wconf 82' lang='lat' dir='ltr'>incurrat</span> 
     </span>
     <span class='ocr_line' id='line_1_16' title="bbox 217 865 1526 913; baseline -0.002 -11"><span class='ocrx_word' id='word_1_89' title='bbox 217 866 395 902; x_wconf 90' lang='lat' dir='ltr'>debitum</span> <span class='ocrx_word' id='word_1_90' title='bbox 435 866 496 902; x_wconf 86' lang='lat' dir='ltr'>Vel</span> <span class='ocrx_word' id='word_1_91' title='bbox 529 878 629 913; x_wconf 89' lang='lat' dir='ltr'>pene</span> <span class='ocrx_word' id='word_1_92' title='bbox 662 866 722 901; x_wconf 91' lang='lat' dir='ltr'>vel</span> <span class='ocrx_word' id='word_1_93' title='bbox 755 865 810 901; x_wconf 88' lang='lat' dir='ltr'>rei</span> <span class='ocrx_word' id='word_1_94' title='bbox 843 865 1007 902; x_wconf 85' lang='lat' dir='ltr'>alterius</span> <span class='ocrx_word' id='word_1_95' title='bbox 1041 865 1172 901; x_wconf 87' lang='lat' dir='ltr'>debite</span> <span class='ocrx_word' id='word_1_96' title='bbox 1205 865 1430 901; x_wconf 85' lang='lat' dir='ltr'>tribuende.</span> <span class='ocrx_word' id='word_1_97' title='bbox 1478 867 1526 900; x_wconf 88' lang='lat' dir='ltr'>Et</span> 
     </span>
     <span class='ocr_line' id='line_1_17' title="bbox 216 921 1525 971; baseline -0.001 -12"><span class='ocrx_word' id='word_1_98' title='bbox 216 924 272 960; x_wconf 91' lang='lat' dir='ltr'>sic</span> <span class='ocrx_word' id='word_1_99' title='bbox 310 936 429 960; x_wconf 90' lang='lat' dir='ltr'>omne</span> <span class='ocrx_word' id='word_1_100' title='bbox 467 932 678 971; x_wconf 88' lang='lat' dir='ltr'>peccatum</span> <span class='ocrx_word' id='word_1_101' title='bbox 721 924 932 960; x_wconf 84' lang='lat' dir='ltr'>causaliter</span> <span class='ocrx_word' id='word_1_102' title='bbox 966 932 1025 959; x_wconf 87' lang='lat' dir='ltr'>est</span> <span class='ocrx_word' id='word_1_103' title='bbox 1059 923 1259 968; x_wconf 82' lang='lat' dir='ltr'>debitum3</span> <span class='ocrx_word' id='word_1_104' title='bbox 1309 932 1346 959; x_wconf 88' lang='lat' dir='ltr'>et</span> <span class='ocrx_word' id='word_1_105' title='bbox 1379 922 1418 958; x_wconf 88' lang='lat' dir='ltr'>in</span> <span class='ocrx_word' id='word_1_106' title='bbox 1451 921 1525 958; x_wconf 89' lang='lat' dir='ltr'>ista</span> 
     </span>
     <span class='ocr_line' id='line_1_18' title="bbox 216 980 1527 1030; baseline -0.001 -13"><span class='ocrx_word' id='word_1_107' title='bbox 216 981 414 1030; x_wconf 88' lang='lat' dir='ltr'>peticione</span> <span class='ocrx_word' id='word_1_108' title='bbox 447 981 587 1029; x_wconf 89' lang='lat' dir='ltr'>quinta</span> <span class='ocrx_word' id='word_1_109' title='bbox 620 994 782 1017; x_wconf 90' lang='lat' dir='ltr'>oramus</span> <span class='ocrx_word' id='word_1_110' title='bbox 806 984 933 1017; x_wconf 90' lang='lat' dir='ltr'>Deum</span> <span class='ocrx_word' id='word_1_111' title='bbox 965 980 1301 1018; x_wconf 83' lang='lat' dir='ltr'>condicionaliter</span> <span class='ocrx_word' id='word_1_112' title='bbox 1324 980 1527 1016; x_wconf 86' lang='lat' dir='ltr'>dimittere</span> 
     </span>
     <span class='ocr_line' id='line_1_19' title="bbox 217 1038 1527 1087; baseline -0.002 -11"><span class='ocrx_word' id='word_1_113' title='bbox 217 1039 331 1076; x_wconf 90' lang='lat' dir='ltr'>nobis</span> <span class='ocrx_word' id='word_1_114' title='bbox 363 1039 497 1075; x_wconf 87' lang='lat' dir='ltr'>debita</span> <span class='ocrx_word' id='word_1_115' title='bbox 530 1048 667 1075; x_wconf 89' lang='lat' dir='ltr'>nostra</span> <span class='ocrx_word' id='word_1_116' title='bbox 691 1041 762 1075; x_wconf 87' lang='lat' dir='ltr'>sub</span> <span class='ocrx_word' id='word_1_117' title='bbox 787 1039 862 1075; x_wconf 82' lang='lat' dir='ltr'>ista</span> <span class='ocrx_word' id='word_1_118' title='bbox 887 1039 1125 1076; x_wconf 90' lang='lat' dir='ltr'>condicione</span> <span class='ocrx_word' id='word_1_119' title='bbox 1149 1040 1256 1087; x_wconf 86' lang='lat' dir='ltr'>quod</span> <span class='ocrx_word' id='word_1_120' title='bbox 1282 1051 1354 1075; x_wconf 91' lang='lat' dir='ltr'>nos</span> <span class='ocrx_word' id='word_1_121' title='bbox 1380 1038 1527 1074; x_wconf 87' lang='lat' dir='ltr'>nostris</span> 
     </span>
     <span class='ocr_line' id='line_1_20' title="bbox 217 1096 1527 1145; baseline -0.001 -12"><span class='ocrx_word' id='word_1_122' title='bbox 217 1097 466 1133; x_wconf 82' lang='lat' dir='ltr'>debitoribus</span> <span class='ocrx_word' id='word_1_123' title='bbox 518 1110 588 1133; x_wconf 85' lang='lat' dir='ltr'>sua</span> <span class='ocrx_word' id='word_1_124' title='bbox 633 1097 766 1133; x_wconf 86' lang='lat' dir='ltr'>debita</span> <span class='ocrx_word' id='word_1_125' title='bbox 810 1097 1074 1134; x_wconf 87' lang='lat' dir='ltr'>dimittamus.</span> <span class='ocrx_word' id='word_1_126' title='bbox 1128 1099 1177 1133; x_wconf 86' lang='lat' dir='ltr'>Et</span> <span class='ocrx_word' id='word_1_127' title='bbox 1223 1109 1313 1133; x_wconf 89' lang='lat' dir='ltr'>cum</span> <span class='ocrx_word' id='word_1_128' title='bbox 1359 1096 1527 1145; x_wconf 89' lang='lat' dir='ltr'>quilibet</span> 
     </span>
     <span class='ocr_line' id='line_1_21' title="bbox 217 1154 1527 1203; baseline -0.002 -12"><span class='ocrx_word' id='word_1_129' title='bbox 217 1164 405 1203; x_wconf 88' lang='lat' dir='ltr'>peccator</span> <span class='ocrx_word' id='word_1_130' title='bbox 443 1164 585 1203; x_wconf 89' lang='lat' dir='ltr'>peccat</span> <span class='ocrx_word' id='word_1_131' title='bbox 623 1155 663 1191; x_wconf 87' lang='lat' dir='ltr'>in</span> <span class='ocrx_word' id='word_1_132' title='bbox 703 1155 923 1203; x_wconf 88' lang='lat' dir='ltr'>quemlibet</span> <span class='ocrx_word' id='word_1_133' title='bbox 965 1164 1001 1192; x_wconf 89' lang='lat' dir='ltr'>et</span> <span class='ocrx_word' id='word_1_134' title='bbox 1040 1154 1267 1203; x_wconf 85' lang='lat' dir='ltr'>specialiter</span> <span class='ocrx_word' id='word_1_135' title='bbox 1305 1154 1447 1203; x_wconf 89' lang='lat' dir='ltr'>prelati</span> <span class='ocrx_word' id='word_1_136' title='bbox 1488 1154 1527 1189; x_wconf 88' lang='lat' dir='ltr'>in</span> 
     </span>
     <span class='ocr_line' id='line_1_22' title="bbox 216 1212 1524 1260; baseline -0.001 -12"><span class='ocrx_word' id='word_1_137' title='bbox 216 1213 409 1259; x_wconf 82' lang='lat' dir='ltr'>subditos,</span> <span class='ocrx_word' id='word_1_138' title='bbox 461 1213 617 1249; x_wconf 84' lang='lat' dir='ltr'>videtur</span> <span class='ocrx_word' id='word_1_139' title='bbox 670 1225 713 1248; x_wconf 76' lang='lat' dir='ltr'>ex</span> <span class='ocrx_word' id='word_1_140' title='bbox 765 1212 970 1249; x_wconf 84' lang='lat' dir='ltr'>sentencia</span> <span class='ocrx_word' id='word_1_141' title='bbox 1022 1213 1097 1249; x_wconf 86' lang='lat' dir='ltr'>ista</span> <span class='ocrx_word' id='word_1_142' title='bbox 1141 1212 1354 1260; x_wconf 84' lang='lat' dir='ltr'>Augustini</span> <span class='ocrx_word' id='word_1_143' title='bbox 1404 1225 1524 1260; x_wconf 87' lang='lat' dir='ltr'>quam</span> 
     </span>
     <span class='ocr_line' id='line_1_23' title="bbox 217 1270 1526 1319; baseline -0.002 -12"><span class='ocrx_word' id='word_1_144' title='bbox 217 1271 322 1307; x_wconf 89' lang='lat' dir='ltr'>elicit</span> <span class='ocrx_word' id='word_1_145' title='bbox 362 1272 409 1306; x_wconf 88' lang='lat' dir='ltr'>de</span> <span class='ocrx_word' id='word_1_146' title='bbox 450 1270 526 1306; x_wconf 81' lang='lat' dir='ltr'>fide</span> <span class='ocrx_word' id='word_1_147' title='bbox 565 1270 762 1318; x_wconf 85' lang='lat' dir='ltr'>scripture</span> <span class='ocrx_word' id='word_1_148' title='bbox 801 1272 908 1319; x_wconf 86' lang='lat' dir='ltr'>quod</span> <span class='ocrx_word' id='word_1_149' title='bbox 948 1270 1115 1319; x_wconf 89' lang='lat' dir='ltr'>quilibet</span> <span class='ocrx_word' id='word_1_150' title='bbox 1153 1271 1284 1307; x_wconf 88' lang='lat' dir='ltr'>viator</span> <span class='ocrx_word' id='word_1_151' title='bbox 1323 1270 1526 1306; x_wconf 87' lang='lat' dir='ltr'>dimittere</span> 
     </span>
     <span class='ocr_line' id='line_1_24' title="bbox 217 1328 1383 1376; baseline 0 -12"><span class='ocrx_word' id='word_1_152' title='bbox 217 1330 333 1364; x_wconf 88' lang='lat' dir='ltr'>debet</span> <span class='ocrx_word' id='word_1_153' title='bbox 367 1328 529 1364; x_wconf 91' lang='lat' dir='ltr'>cuilibet</span> <span class='ocrx_word' id='word_1_154' title='bbox 562 1337 598 1364; x_wconf 85' lang='lat' dir='ltr'>et</span> <span class='ocrx_word' id='word_1_155' title='bbox 631 1328 860 1376; x_wconf 76' lang='lat' dir='ltr'>specialiter</span> <span class='ocrx_word' id='word_1_156' title='bbox 893 1328 1075 1364; x_wconf 89' lang='lat' dir='ltr'>subditus</span> <span class='ocrx_word' id='word_1_157' title='bbox 1109 1342 1180 1364; x_wconf 92' lang='lat' dir='ltr'>suo</span> <span class='ocrx_word' id='word_1_158' title='bbox 1214 1329 1383 1376; x_wconf 85' lang='lat' dir='ltr'>prelato.</span> 
     </span>
    </p>

    <p class='ocr_par' dir='ltr' id='par_1_7' title="bbox 216 1385 1527 1666">
     <span class='ocr_line' id='line_1_25' title="bbox 276 1385 1527 1434; baseline -0.001 -12"><span class='ocrx_word' id='word_1_159' title='bbox 276 1388 322 1422; x_wconf 80' lang='lat' dir='ltr'>Et</span> <span class='ocrx_word' id='word_1_160' title='bbox 356 1399 397 1422; x_wconf 81' lang='lat' dir='ltr'>ex</span> <span class='ocrx_word' id='word_1_161' title='bbox 431 1386 505 1422; x_wconf 89' lang='lat' dir='ltr'>isto</span> <span class='ocrx_word' id='word_1_162' title='bbox 537 1386 694 1422; x_wconf 79' lang='lat' dir='ltr'>videtur</span> <span class='ocrx_word' id='word_1_163' title='bbox 727 1388 832 1434; x_wconf 90' lang='lat' dir='ltr'>quod</span> <span class='ocrx_word' id='word_1_164' title='bbox 868 1387 972 1434; x_wconf 80' lang='lat' dir='ltr'>leges</span> <span class='ocrx_word' id='word_1_165' title='bbox 1006 1386 1317 1423; x_wconf 86' lang='lat' dir='ltr'>contencionum</span> <span class='ocrx_word' id='word_1_166' title='bbox 1354 1399 1426 1433; x_wconf 86' lang='lat' dir='ltr'>pro</span> <span class='ocrx_word' id='word_1_167' title='bbox 1449 1385 1527 1421; x_wconf 79' lang='lat' dir='ltr'>exi-</span> 
     </span>
     <span class='ocr_line' id='line_1_26' title="bbox 217 1443 1525 1492; baseline 0 -13"><span class='ocrx_word' id='word_1_168' title='bbox 217 1444 353 1492; x_wconf 77' lang='lat' dir='ltr'>gendis</span> <span class='ocrx_word' id='word_1_169' title='bbox 387 1443 572 1480; x_wconf 82' lang='lat' dir='ltr'>humanis</span> <span class='ocrx_word' id='word_1_170' title='bbox 606 1443 748 1480; x_wconf 86' lang='lat' dir='ltr'>debitis</span> <span class='ocrx_word' id='word_1_171' title='bbox 781 1453 872 1480; x_wconf 91' lang='lat' dir='ltr'>sunt</span> <span class='ocrx_word' id='word_1_172' title='bbox 906 1445 1107 1492; x_wconf 82' lang='lat' dir='ltr'>superflue</span> <span class='ocrx_word' id='word_1_173' title='bbox 1141 1454 1179 1481; x_wconf 92' lang='lat' dir='ltr'>et</span> <span class='ocrx_word' id='word_1_174' title='bbox 1212 1444 1365 1490; x_wconf 80' lang='lat' dir='ltr'>nocive,</span> <span class='ocrx_word' id='word_1_175' title='bbox 1400 1444 1525 1479; x_wconf 86' lang='lat' dir='ltr'>immo</span> 
     </span>
     <span class='ocr_line' id='line_1_27' title="bbox 217 1502 1524 1550; baseline 0 -13"><span class='ocrx_word' id='word_1_176' title='bbox 217 1503 324 1550; x_wconf 91' lang='lat' dir='ltr'>quod</span> <span class='ocrx_word' id='word_1_177' title='bbox 378 1511 468 1538; x_wconf 88' lang='lat' dir='ltr'>sunt</span> <span class='ocrx_word' id='word_1_178' title='bbox 521 1502 724 1549; x_wconf 81' lang='lat' dir='ltr'>evangelio</span> <span class='ocrx_word' id='word_1_179' title='bbox 778 1502 840 1538; x_wconf 87' lang='lat' dir='ltr'>isti</span> <span class='ocrx_word' id='word_1_180' title='bbox 895 1502 1108 1548; x_wconf 81' lang='lat' dir='ltr'>contrarie,</span> <span class='ocrx_word' id='word_1_181' title='bbox 1162 1502 1256 1550; x_wconf 87' lang='lat' dir='ltr'>quia</span> <span class='ocrx_word' id='word_1_182' title='bbox 1304 1503 1524 1538; x_wconf 83' lang='lat' dir='ltr'>secundum</span> 
     </span>
     <span class='ocr_line' id='line_1_28' title="bbox 216 1559 1527 1607; baseline 0 -12"><span class='ocrx_word' id='word_1_183' title='bbox 216 1559 482 1607; x_wconf 80' lang='lat' dir='ltr'>Augustinum</span> <span class='ocrx_word' id='word_1_184' title='bbox 513 1573 592 1596; x_wconf 87' lang='lat' dir='ltr'>non</span> <span class='ocrx_word' id='word_1_185' title='bbox 616 1561 806 1596; x_wconf 85' lang='lat' dir='ltr'>debemus</span> <span class='ocrx_word' id='word_1_186' title='bbox 839 1562 1058 1596; x_wconf 85' lang='lat' dir='ltr'>secundum</span> <span class='ocrx_word' id='word_1_187' title='bbox 1093 1561 1264 1596; x_wconf 80' lang='lat' dir='ltr'>formam</span> <span class='ocrx_word' id='word_1_188' title='bbox 1299 1559 1415 1596; x_wconf 86' lang='lat' dir='ltr'>istam</span> <span class='ocrx_word' id='word_1_189' title='bbox 1440 1559 1527 1607; x_wconf 81' lang='lat' dir='ltr'>ipsa</span> 
     </span>
     <span class='ocr_line' id='line_1_29' title="bbox 217 1618 1526 1666; baseline -0.001 -13"><span class='ocrx_word' id='word_1_190' title='bbox 217 1627 414 1665; x_wconf 79' lang='lat' dir='ltr'>repetere3</span> <span class='ocrx_word' id='word_1_191' title='bbox 454 1618 513 1653; x_wconf 82' lang='lat' dir='ltr'>lex</span> <span class='ocrx_word' id='word_1_192' title='bbox 546 1630 639 1665; x_wconf 78' lang='lat' dir='ltr'>ergo</span> <span class='ocrx_word' id='word_1_193' title='bbox 673 1630 749 1666; x_wconf 89' lang='lat' dir='ltr'>que</span> <span class='ocrx_word' id='word_1_194' title='bbox 783 1619 899 1653; x_wconf 88' lang='lat' dir='ltr'>docet</span> <span class='ocrx_word' id='word_1_195' title='bbox 932 1618 1017 1666; x_wconf 85' lang='lat' dir='ltr'>ipsa</span> <span class='ocrx_word' id='word_1_196' title='bbox 1051 1627 1243 1665; x_wconf 83' lang='lat' dir='ltr'>repetere,</span> <span class='ocrx_word' id='word_1_197' title='bbox 1284 1619 1400 1654; x_wconf 84' lang='lat' dir='ltr'>docet</span> <span class='ocrx_word' id='word_1_198' title='bbox 1433 1630 1526 1654; x_wconf 87' lang='lat' dir='ltr'>con-</span> 
     </span>
    </p>
   </div>
   <div class='ocr_carea' id='block_1_7' title="bbox 184 1675 1526 1724">
    <p class='ocr_par' dir='ltr' id='par_1_8' title="bbox 184 1675 1526 1724">
     <span class='ocr_line' id='line_1_30' title="bbox 184 1675 1526 1724; baseline 0.001 -14"><span class='ocrx_word' id='word_1_199' title='bbox 184 1675 337 1711; x_wconf 70' lang='lat' dir='ltr'>Ztrarie</span> <span class='ocrx_word' id='word_1_200' title='bbox 371 1675 446 1723; x_wconf 77' lang='lat' dir='ltr'>legi</span> <span class='ocrx_word' id='word_1_201' title='bbox 471 1675 631 1711; x_wconf 85' lang='lat' dir='ltr'>Christi.</span> <span class='ocrx_word' id='word_1_202' title='bbox 667 1677 743 1712; x_wconf 85' lang='lat' dir='ltr'>Sed</span> <span class='ocrx_word' id='word_1_203' title='bbox 776 1688 853 1724; x_wconf 87' lang='lat' dir='ltr'>que</span> <span class='ocrx_word' id='word_1_204' title='bbox 886 1676 945 1711; x_wconf 83' lang='lat' dir='ltr'>lex</span> <span class='ocrx_word' id='word_1_205' title='bbox 980 1685 1037 1711; x_wconf 86' lang='lat' dir='ltr'>est</span> <span class='ocrx_word' id='word_1_206' title='bbox 1066 1676 1139 1711; x_wconf 84' lang='lat' dir='ltr'>sibi</span> <span class='ocrx_word' id='word_1_207' title='bbox 1164 1676 1366 1712; x_wconf 85' lang='lat' dir='ltr'>contraria</span> <span class='ocrx_word' id='word_1_208' title='bbox 1390 1676 1421 1711; x_wconf 86' lang='lat' dir='ltr'>si</span> <span class='ocrx_word' id='word_1_209' title='bbox 1445 1688 1526 1711; x_wconf 90' lang='lat' dir='ltr'>non</span> 
     </span>
    </p>
   </div>
   <div class='ocr_carea' id='block_1_8' title="bbox 214 1733 1527 2245">
    <p class='ocr_par' dir='ltr' id='par_1_9' title="bbox 214 1733 1527 2245">
     <span class='ocr_line' id='line_1_31' title="bbox 218 1733 1525 1781; baseline 0 -13"><span class='ocrx_word' id='word_1_210' title='bbox 218 1733 317 1769; x_wconf 77' lang='lat' dir='ltr'>ista?</span> <span class='ocrx_word' id='word_1_211' title='bbox 351 1735 398 1769; x_wconf 80' lang='lat' dir='ltr'>Et</span> <span class='ocrx_word' id='word_1_212' title='bbox 431 1733 493 1769; x_wconf 82' lang='lat' dir='ltr'>bic</span> <span class='ocrx_word' id='word_1_213' title='bbox 526 1742 639 1781; x_wconf 88' lang='lat' dir='ltr'>potes</span> <span class='ocrx_word' id='word_1_214' title='bbox 672 1733 807 1770; x_wconf 85' lang='lat' dir='ltr'>videre</span> <span class='ocrx_word' id='word_1_215' title='bbox 831 1734 1030 1769; x_wconf 87' lang='lat' dir='ltr'>defectum</span> <span class='ocrx_word' id='word_1_216' title='bbox 1055 1733 1290 1770; x_wconf 83' lang='lat' dir='ltr'>tradicionis</span> <span class='ocrx_word' id='word_1_217' title='bbox 1315 1733 1525 1770; x_wconf 85' lang='lat' dir='ltr'>hominum</span> 
     </span>
     <span class='ocr_line' id='line_1_32' title="bbox 217 1790 1525 1839; baseline 0.001 -13"><span class='ocrx_word' id='word_1_218' title='bbox 217 1790 256 1826; x_wconf 88' lang='lat' dir='ltr'>in</span> <span class='ocrx_word' id='word_1_219' title='bbox 296 1792 370 1827; x_wconf 82' lang='lat' dir='ltr'>hac</span> <span class='ocrx_word' id='word_1_220' title='bbox 409 1800 520 1839; x_wconf 80' lang='lat' dir='ltr'>parte</span> <span class='ocrx_word' id='word_1_221' title='bbox 560 1792 667 1839; x_wconf 89' lang='lat' dir='ltr'>quod</span> <span class='ocrx_word' id='word_1_222' title='bbox 708 1791 941 1828; x_wconf 85' lang='lat' dir='ltr'>seculariter</span> <span class='ocrx_word' id='word_1_223' title='bbox 978 1800 1154 1828; x_wconf 86' lang='lat' dir='ltr'>tractant</span> <span class='ocrx_word' id='word_1_224' title='bbox 1194 1793 1241 1828; x_wconf 85' lang='lat' dir='ltr'>de</span> <span class='ocrx_word' id='word_1_225' title='bbox 1282 1791 1426 1828; x_wconf 86' lang='lat' dir='ltr'>debitis</span> <span class='ocrx_word' id='word_1_226' title='bbox 1459 1803 1525 1839; x_wconf 88' lang='lat' dir='ltr'>pe-</span> 
     </span>
     <span class='ocr_line' id='line_1_33' title="bbox 216 1849 1525 1897; baseline 0 -13"><span class='ocrx_word' id='word_1_227' title='bbox 216 1849 331 1884; x_wconf 89' lang='lat' dir='ltr'>cunie</span> <span class='ocrx_word' id='word_1_228' title='bbox 363 1850 429 1884; x_wconf 86' lang='lat' dir='ltr'>sed</span> <span class='ocrx_word' id='word_1_229' title='bbox 464 1850 512 1885; x_wconf 93' lang='lat' dir='ltr'>de</span> <span class='ocrx_word' id='word_1_230' title='bbox 542 1849 629 1885; x_wconf 85' lang='lat' dir='ltr'>aliis</span> <span class='ocrx_word' id='word_1_231' title='bbox 654 1849 797 1885; x_wconf 87' lang='lat' dir='ltr'>debitis</span> <span class='ocrx_word' id='word_1_232' title='bbox 822 1851 1039 1885; x_wconf 88' lang='lat' dir='ltr'>secundum</span> <span class='ocrx_word' id='word_1_233' title='bbox 1066 1851 1192 1897; x_wconf 78' lang='lat' dir='ltr'>legem</span> <span class='ocrx_word' id='word_1_234' title='bbox 1220 1849 1381 1885; x_wconf 85' lang='lat' dir='ltr'>Domini</span> <span class='ocrx_word' id='word_1_235' title='bbox 1405 1849 1525 1885; x_wconf 89' lang='lat' dir='ltr'>nimis</span> 
     </span>
     <span class='ocr_line' id='line_1_34' title="bbox 216 1906 1527 1956; baseline 0 -14"><span class='ocrx_word' id='word_1_236' title='bbox 216 1915 361 1942; x_wconf 88' lang='lat' dir='ltr'>tacent.</span> <span class='ocrx_word' id='word_1_237' title='bbox 409 1908 580 1952; x_wconf 85' lang='lat' dir='ltr'>Quando</span> <span class='ocrx_word' id='word_1_238' title='bbox 626 1907 731 1943; x_wconf 89' lang='lat' dir='ltr'>enim</span> <span class='ocrx_word' id='word_1_239' title='bbox 771 1908 830 1943; x_wconf 83' lang='lat' dir='ltr'>lex</span> <span class='ocrx_word' id='word_1_240' title='bbox 870 1907 1031 1943; x_wconf 88' lang='lat' dir='ltr'>Domini</span> <span class='ocrx_word' id='word_1_241' title='bbox 1074 1908 1170 1944; x_wconf 90' lang='lat' dir='ltr'>dicit</span> <span class='ocrx_word' id='word_1_242' title='bbox 1210 1909 1319 1956; x_wconf 91' lang='lat' dir='ltr'>quod</span> <span class='ocrx_word' id='word_1_243' title='bbox 1360 1906 1527 1955; x_wconf 89' lang='lat' dir='ltr'>quilibet</span> 
     </span>
     <span class='ocr_line' id='line_1_35' title="bbox 215 1964 1524 2013; baseline 0 -13"><span class='ocrx_word' id='word_1_244' title='bbox 215 1964 344 2001; x_wconf 85' lang='lat' dir='ltr'>viator</span> <span class='ocrx_word' id='word_1_245' title='bbox 371 1965 486 2001; x_wconf 87' lang='lat' dir='ltr'>debet</span> <span class='ocrx_word' id='word_1_246' title='bbox 516 1964 651 2001; x_wconf 83' lang='lat' dir='ltr'>iuvare</span> <span class='ocrx_word' id='word_1_247' title='bbox 675 1965 907 2013; x_wconf 60' lang='lat' dir='ltr'>quemlibet.</span> <span class='ocrx_word' id='word_1_248' title='bbox 942 1966 1068 2001; x_wconf 90' lang='lat' dir='ltr'>eciam</span> <span class='ocrx_word' id='word_1_249' title='bbox 1104 1965 1268 2013; x_wconf 78' lang='lat' dir='ltr'>diligere</span> <span class='ocrx_word' id='word_1_250' title='bbox 1301 1964 1524 2010; x_wconf 82' lang='lat' dir='ltr'>inimicum,</span> 
     </span>
     <span class='ocr_line' id='line_1_36' title="bbox 216 2023 1526 2071; baseline 0 -13"><span class='ocrx_word' id='word_1_251' title='bbox 216 2031 573 2071; x_wconf 86' lang='lat' dir='ltr'>quantumcunque</span> <span class='ocrx_word' id='word_1_252' title='bbox 606 2023 695 2071; x_wconf 89' lang='lat' dir='ltr'>quis</span> <span class='ocrx_word' id='word_1_253' title='bbox 728 2023 826 2059; x_wconf 89' lang='lat' dir='ltr'>illud</span> <span class='ocrx_word' id='word_1_254' title='bbox 860 2023 1053 2069; x_wconf 79' lang='lat' dir='ltr'>omiserit,</span> <span class='ocrx_word' id='word_1_255' title='bbox 1088 2037 1169 2059; x_wconf 88' lang='lat' dir='ltr'>non</span> <span class='ocrx_word' id='word_1_256' title='bbox 1203 2032 1385 2060; x_wconf 84' lang='lat' dir='ltr'>censetur</span> <span class='ocrx_word' id='word_1_257' title='bbox 1418 2023 1526 2059; x_wconf 90' lang='lat' dir='ltr'>debi-</span> 
     </span>
     <span class='ocr_line' id='line_1_37' title="bbox 215 2080 1525 2129; baseline 0.001 -13"><span class='ocrx_word' id='word_1_258' title='bbox 215 2089 299 2116; x_wconf 91' lang='lat' dir='ltr'>tum</span> <span class='ocrx_word' id='word_1_259' title='bbox 332 2082 399 2116; x_wconf 88' lang='lat' dir='ltr'>sed</span> <span class='ocrx_word' id='word_1_260' title='bbox 433 2080 586 2117; x_wconf 89' lang='lat' dir='ltr'>iusticie</span> <span class='ocrx_word' id='word_1_261' title='bbox 617 2082 974 2129; x_wconf 79' lang='lat' dir='ltr'>complementum.</span> <span class='ocrx_word' id='word_1_262' title='bbox 1009 2083 1057 2117; x_wconf 88' lang='lat' dir='ltr'>Et</span> <span class='ocrx_word' id='word_1_263' title='bbox 1087 2094 1176 2118; x_wconf 91' lang='lat' dir='ltr'>cum</span> <span class='ocrx_word' id='word_1_264' title='bbox 1210 2094 1251 2118; x_wconf 83' lang='lat' dir='ltr'>ex</span> <span class='ocrx_word' id='word_1_265' title='bbox 1277 2081 1354 2117; x_wconf 83' lang='lat' dir='ltr'>fide</span> <span class='ocrx_word' id='word_1_266' title='bbox 1377 2094 1525 2129; x_wconf 83' lang='lat' dir='ltr'>cogno-</span> 
     </span>
     <span class='ocr_line' id='line_1_38' title="bbox 214 2138 1524 2187; baseline 0 -13"><span class='ocrx_word' id='word_1_267' title='bbox 214 2138 362 2174; x_wconf 88' lang='lat' dir='ltr'>scimus</span> <span class='ocrx_word' id='word_1_268' title='bbox 401 2140 508 2186; x_wconf 88' lang='lat' dir='ltr'>quod</span> <span class='ocrx_word' id='word_1_269' title='bbox 547 2138 730 2187; x_wconf 88' lang='lat' dir='ltr'>superior</span> <span class='ocrx_word' id='word_1_270' title='bbox 769 2139 947 2186; x_wconf 86' lang='lat' dir='ltr'>prelatus</span> <span class='ocrx_word' id='word_1_271' title='bbox 988 2148 1030 2175; x_wconf 91' lang='lat' dir='ltr'>ut</span> <span class='ocrx_word' id='word_1_272' title='bbox 1071 2152 1175 2187; x_wconf 84' lang='lat' dir='ltr'>papa</span> <span class='ocrx_word' id='word_1_273' title='bbox 1213 2140 1272 2175; x_wconf 91' lang='lat' dir='ltr'>vel</span> <span class='ocrx_word' id='word_1_274' title='bbox 1314 2139 1524 2187; x_wconf 89' lang='lat' dir='ltr'>episcopus</span> 
     </span>
     <span class='ocr_line' id='line_1_39' title="bbox 215 2196 1525 2245; baseline 0.001 -14"><span class='ocrx_word' id='word_1_275' title='bbox 215 2196 403 2232; x_wconf 88' lang='lat' dir='ltr'>omittens</span> <span class='ocrx_word' id='word_1_276' title='bbox 442 2196 540 2232; x_wconf 89' lang='lat' dir='ltr'>illud</span> <span class='ocrx_word' id='word_1_277' title='bbox 578 2197 707 2232; x_wconf 88' lang='lat' dir='ltr'>facere</span> <span class='ocrx_word' id='word_1_278' title='bbox 747 2209 818 2233; x_wconf 88' lang='lat' dir='ltr'>suo</span> <span class='ocrx_word' id='word_1_279' title='bbox 857 2197 1016 2233; x_wconf 90' lang='lat' dir='ltr'>subdito</span> <span class='ocrx_word' id='word_1_280' title='bbox 1055 2199 1163 2245; x_wconf 88' lang='lat' dir='ltr'>quod</span> <span class='ocrx_word' id='word_1_281' title='bbox 1203 2198 1319 2233; x_wconf 89' lang='lat' dir='ltr'>debet</span> <span class='ocrx_word' id='word_1_282' title='bbox 1359 2198 1406 2233; x_wconf 91' lang='lat' dir='ltr'>de</span> <span class='ocrx_word' id='word_1_283' title='bbox 1439 2197 1525 2244; x_wconf 78' lang='lat' dir='ltr'>lege</span> 
     </span>
    </p>
   </div>
   <div class='ocr_carea' id='block_1_9' title="bbox 159 2253 1526 2303">
    <p class='ocr_par' dir='ltr' id='par_1_10' title="bbox 159 2253 1526 2303">
     <span class='ocr_line' id='line_1_40' title="bbox 159 2253 1526 2303; baseline 0.001 -14"><span class='ocrx_word' id='word_1_284' title='bbox 159 2256 197 2289; x_wconf 75' lang='lat'>35</span> <span class='ocrx_word' id='word_1_285' title='bbox 216 2253 390 2299; x_wconf 88' lang='lat' dir='ltr'>Domini,</span> <span class='ocrx_word' id='word_1_286' title='bbox 431 2253 599 2290; x_wconf 88' lang='lat' dir='ltr'>incurrit</span> <span class='ocrx_word' id='word_1_287' title='bbox 633 2254 759 2302; x_wconf 82' lang='lat' dir='ltr'>magis</span> <span class='ocrx_word' id='word_1_288' title='bbox 793 2254 971 2291; x_wconf 87' lang='lat' dir='ltr'>debitum</span> <span class='ocrx_word' id='word_1_289' title='bbox 1008 2268 1127 2303; x_wconf 88' lang='lat' dir='ltr'>quam</span> <span class='ocrx_word' id='word_1_290' title='bbox 1163 2264 1220 2291; x_wconf 91' lang='lat' dir='ltr'>est</span> <span class='ocrx_word' id='word_1_291' title='bbox 1253 2255 1389 2303; x_wconf 82' lang='lat' dir='ltr'>aliqua</span> <span class='ocrx_word' id='word_1_292' title='bbox 1422 2267 1526 2303; x_wconf 87' lang='lat' dir='ltr'>pena</span> 
     </span>
    </p>
   </div>
   <div class='ocr_carea' id='block_1_10' title="bbox 155 2555 199 2586">
    <p class='ocr_par' dir='ltr' id='par_1_11' title="bbox 155 2555 199 2586">
     <span class='ocr_line' id='line_1_41' title="bbox 155 2555 199 2586; baseline 0 -10"><span class='ocrx_word' id='word_1_293' title='bbox 155 2555 199 2586; x_wconf 84' lang='lat'>40</span> 
     </span>
    </p>
   </div>
   <div class='ocr_carea' id='block_1_11' title="bbox 215 2311 1526 2593">
    <p class='ocr_par' dir='ltr' id='par_1_12' title="bbox 215 2311 1526 2593">
     <span class='ocr_line' id='line_1_42' title="bbox 215 2311 1523 2361; baseline 0.001 -14"><span class='ocrx_word' id='word_1_294' title='bbox 215 2311 446 2359; x_wconf 89' lang='lat' dir='ltr'>pecuniaria</span> <span class='ocrx_word' id='word_1_295' title='bbox 493 2311 745 2360; x_wconf 82' lang='lat' dir='ltr'>assignanda,</span> <span class='ocrx_word' id='word_1_296' title='bbox 792 2312 886 2361; x_wconf 84' lang='lat' dir='ltr'>quia</span> <span class='ocrx_word' id='word_1_297' title='bbox 927 2313 1105 2349; x_wconf 90' lang='lat' dir='ltr'>debitum</span> <span class='ocrx_word' id='word_1_298' title='bbox 1147 2321 1203 2349; x_wconf 90' lang='lat' dir='ltr'>est</span> <span class='ocrx_word' id='word_1_299' title='bbox 1245 2312 1386 2358; x_wconf 80' lang='lat' dir='ltr'>maius,</span> <span class='ocrx_word' id='word_1_300' title='bbox 1433 2326 1523 2349; x_wconf 90' lang='lat' dir='ltr'>cum</span> 
     </span>
     <span class='ocr_line' id='line_1_43' title="bbox 216 2369 1526 2418; baseline 0 -13"><span class='ocrx_word' id='word_1_301' title='bbox 216 2369 424 2417; x_wconf 87' lang='lat' dir='ltr'>spirituale</span> <span class='ocrx_word' id='word_1_302' title='bbox 469 2369 657 2406; x_wconf 84' lang='lat' dir='ltr'>iuvamen</span> <span class='ocrx_word' id='word_1_303' title='bbox 703 2370 752 2406; x_wconf 88' lang='lat' dir='ltr'>sit</span> <span class='ocrx_word' id='word_1_304' title='bbox 796 2370 1169 2418; x_wconf 86' lang='lat' dir='ltr'>preponderancius</span> <span class='ocrx_word' id='word_1_305' title='bbox 1208 2371 1380 2418; x_wconf 85' lang='lat' dir='ltr'>pecunia</span> <span class='ocrx_word' id='word_1_306' title='bbox 1419 2371 1526 2418; x_wconf 87' lang='lat' dir='ltr'>apud</span> 
     </span>
     <span class='ocr_line' id='line_1_44' title="bbox 216 2427 1526 2478; baseline 0.001 -16"><span class='ocrx_word' id='word_1_307' title='bbox 216 2429 343 2463; x_wconf 88' lang='lat' dir='ltr'>Deum</span> <span class='ocrx_word' id='word_1_308' title='bbox 369 2436 405 2463; x_wconf 90' lang='lat' dir='ltr'>et</span> <span class='ocrx_word' id='word_1_309' title='bbox 428 2427 630 2464; x_wconf 90' lang='lat' dir='ltr'>vinculum</span> <span class='ocrx_word' id='word_1_310' title='bbox 655 2436 712 2464; x_wconf 89' lang='lat' dir='ltr'>est</span> <span class='ocrx_word' id='word_1_311' title='bbox 735 2428 895 2478; x_wconf 67' lang='lat' dir='ltr'>foi-cius,</span> <span class='ocrx_word' id='word_1_312' title='bbox 926 2428 1019 2477; x_wconf 92' lang='lat' dir='ltr'>quia</span> <span class='ocrx_word' id='word_1_313' title='bbox 1049 2430 1269 2465; x_wconf 89' lang='lat' dir='ltr'>secundum</span> <span class='ocrx_word' id='word_1_314' title='bbox 1301 2429 1429 2476; x_wconf 82' lang='lat' dir='ltr'>legem</span> <span class='ocrx_word' id='word_1_315' title='bbox 1454 2428 1526 2464; x_wconf 88' lang='lat' dir='ltr'>Dei</span> 
     </span>
     <span class='ocr_line' id='line_1_45' title="bbox 215 2484 1526 2534; baseline 0.001 -14"><span class='ocrx_word' id='word_1_316' title='bbox 215 2484 470 2521; x_wconf 87' lang='lat' dir='ltr'>insolubilem</span> <span class='ocrx_word' id='word_1_317' title='bbox 493 2494 552 2522; x_wconf 86' lang='lat' dir='ltr'>est</span> <span class='ocrx_word' id='word_1_318' title='bbox 575 2485 761 2534; x_wconf 82' lang='lat' dir='ltr'>ligatum:</span> <span class='ocrx_word' id='word_1_319' title='bbox 796 2486 885 2522; x_wconf 89' lang='lat' dir='ltr'>ideo</span> <span class='ocrx_word' id='word_1_320' title='bbox 920 2499 1010 2522; x_wconf 89' lang='lat' dir='ltr'>cum</span> <span class='ocrx_word' id='word_1_321' title='bbox 1035 2486 1197 2534; x_wconf 87' lang='lat' dir='ltr'>quidam</span> <span class='ocrx_word' id='word_1_322' title='bbox 1224 2486 1392 2522; x_wconf 85' lang='lat' dir='ltr'>subiecti</span> <span class='ocrx_word' id='word_1_323' title='bbox 1418 2499 1526 2534; x_wconf 91' lang='lat' dir='ltr'>pres-</span> 
     </span>
     <span class='ocr_line' id='line_1_46' title="bbox 215 2543 1526 2593; baseline 0.002 -15"><span class='ocrx_word' id='word_1_324' title='bbox 215 2543 339 2590; x_wconf 89' lang='lat' dir='ltr'>byteri</span> <span class='ocrx_word' id='word_1_325' title='bbox 355 2543 435 2579; x_wconf 87' lang='lat' dir='ltr'>suis</span> <span class='ocrx_word' id='word_1_326' title='bbox 452 2543 649 2592; x_wconf 89' lang='lat' dir='ltr'>episcopis</span> <span class='ocrx_word' id='word_1_327' title='bbox 670 2552 856 2580; x_wconf 87' lang='lat' dir='ltr'>tenentur</span> <span class='ocrx_word' id='word_1_328' title='bbox 878 2545 1001 2593; x_wconf 91' lang='lat' dir='ltr'>(quod</span> <span class='ocrx_word' id='word_1_329' title='bbox 1016 2557 1098 2581; x_wconf 89' lang='lat' dir='ltr'>non</span> <span class='ocrx_word' id='word_1_330' title='bbox 1117 2545 1278 2591; x_wconf 84' lang='lat' dir='ltr'>debent)</span> <span class='ocrx_word' id='word_1_331' title='bbox 1302 2545 1455 2581; x_wconf 87' lang='lat' dir='ltr'>solvere</span> <span class='ocrx_word' id='word_1_332' title='bbox 1472 2544 1526 2580; x_wconf 86' lang='lat' dir='ltr'>eis</span> 
     </span>
    </p>
   </div>
   <div class='ocr_carea' id='block_1_12' title="bbox 216 2733 1526 2837">
    <p class='ocr_par' dir='ltr' id='par_1_13' title="bbox 216 2733 1526 2837">
     <span class='ocr_line' id='line_1_47' title="bbox 285 2733 1526 2775; baseline -0.001 -14"><span class='ocrx_word' id='word_1_333' title='bbox 285 2742 305 2761; x_wconf 80' lang='lat' dir='ltr'>i.</span> <span class='ocrx_word' id='word_1_334' title='bbox 321 2735 348 2761; x_wconf 88' lang='lat' dir='ltr'><strong>A</strong></span> <span class='ocrx_word' id='word_1_335' title='bbox 364 2735 392 2761; x_wconf 83' lang='lat' dir='ltr'>in</span> <span class='ocrx_word' id='word_1_336' title='bbox 407 2742 502 2774; x_wconf 74' lang='lat' dir='ltr'>marg.</span> <span class='ocrx_word' id='word_1_337' title='bbox 515 2744 520 2760; x_wconf 88' lang='lat'>:</span> <span class='ocrx_word' id='word_1_338' title='bbox 538 2733 620 2761; x_wconf 80' lang='lat' dir='ltr'>Nola</span> <span class='ocrx_word' id='word_1_339' title='bbox 635 2736 716 2769; x_wconf 79' lang='lat' dir='ltr'>quod</span> <span class='ocrx_word' id='word_1_340' title='bbox 729 2738 772 2761; x_wconf 77' lang='lat' dir='ltr'>est</span> <span class='ocrx_word' id='word_1_341' title='bbox 787 2735 866 2774; x_wconf 69' lang='lat' dir='ltr'>dare</span> <span class='ocrx_word' id='word_1_342' title='bbox 873 2736 1126 2775; x_wconf 65' lang='lat' dir='ltr'>predicacionem</span> <span class='ocrx_word' id='word_1_343' title='bbox 1133 2735 1304 2771; x_wconf 72' lang='lat' dir='ltr'>formalem</span> <span class='ocrx_word' id='word_1_344' title='bbox 1320 2739 1348 2762; x_wconf 81' lang='lat' dir='ltr'>el</span> <span class='ocrx_word' id='word_1_345' title='bbox 1363 2736 1526 2762; x_wconf 72' lang='lat' dir='ltr'>causalem.</span> 
     </span>
     <span class='ocr_line' id='line_1_48' title="bbox 217 2769 1526 2805; baseline 0 -10"><span class='ocrx_word' id='word_1_346' title='bbox 217 2777 255 2802; x_wconf 89' lang='lat'>17.</span> <span class='ocrx_word' id='word_1_347' title='bbox 276 2770 319 2795; x_wconf 90' lang='lat' dir='ltr'>A:</span> <span class='ocrx_word' id='word_1_348' title='bbox 353 2769 554 2804; x_wconf 59' lang='lat' dir='ltr'>Augmtmue.</span> <span class='ocrx_word' id='word_1_349' title='bbox 658 2770 698 2796; x_wconf 74' lang='lat'>18.</span> <span class='ocrx_word' id='word_1_350' title='bbox 720 2771 763 2796; x_wconf 90' lang='lat' dir='ltr'>A:</span> <span class='ocrx_word' id='word_1_351' title='bbox 796 2771 897 2804; x_wconf 71' lang='lat' dir='ltr'>elzgzt.</span> <span class='ocrx_word' id='word_1_352' title='bbox 995 2769 1040 2797; x_wconf 71' lang='lat'>38.</span> <span class='ocrx_word' id='word_1_353' title='bbox 1063 2772 1105 2797; x_wconf 84' lang='lat' dir='ltr'>A:</span> <span class='ocrx_word' id='word_1_354' title='bbox 1140 2771 1291 2797; x_wconf 82' lang='lat' dir='ltr'>vinculum</span> <span class='ocrx_word' id='word_1_355' title='bbox 1312 2770 1526 2805; x_wconf 72' lang='lat' dir='ltr'>eiusjbrcius.</span> 
     </span>
     <span class='ocr_line' id='line_1_49' title="bbox 216 2802 1156 2837; baseline 0.002 -8"><span class='ocrx_word' id='word_1_356' title='bbox 216 2802 263 2837; x_wconf 76' lang='lat'>30.</span> <span class='ocrx_word' id='word_1_357' title='bbox 286 2804 323 2830; x_wconf 76' lang='lat' dir='ltr'>ss:</span> <span class='ocrx_word' id='word_1_358' title='bbox 344 2804 466 2831; x_wconf 77' lang='lat' dir='ltr'>subditi.</span> <span class='ocrx_word' id='word_1_359' title='bbox 539 2812 588 2837; x_wconf 73' lang='lat'>40.</span> <span class='ocrx_word' id='word_1_360' title='bbox 611 2804 727 2831; x_wconf 84' lang='lat' dir='ltr'>Codd.:</span> <span class='ocrx_word' id='word_1_361' title='bbox 749 2807 892 2831; x_wconf 80' lang='lat' dir='ltr'>tenentur</span> <span class='ocrx_word' id='word_1_362' title='bbox 913 2805 1005 2831; x_wconf 82' lang='lat' dir='ltr'>deest.</span> <span class='ocrx_word' id='word_1_363' title='bbox 1027 2805 1156 2831; x_wconf 83' lang='lat' dir='ltr'>Addidi.</span> 
     </span>
    </p>
   </div>
   <div class='ocr_carea' id='block_1_13' title="bbox 1611 174 1813 358">
    <p class='ocr_par' dir='ltr' id='par_1_14' title="bbox 1611 174 1813 358">
     <span class='ocr_line' id='line_1_50' title="bbox 1737 174 1813 220; baseline 0 -11"><span class='ocrx_word' id='word_1_364' title='bbox 1737 174 1813 220; x_wconf 83' lang='lat'>293</span> 
     </span>
     <span class='ocr_line' id='line_1_51' title="bbox 1617 296 1741 322; baseline 0 0"><span class='ocrx_word' id='word_1_365' title='bbox 1617 296 1695 322; x_wconf 78' lang='lat' dir='ltr'>Debt</span> <span class='ocrx_word' id='word_1_366' title='bbox 1716 296 1741 322; x_wconf 82' lang='lat' dir='ltr'>is</span> 
     </span>
     <span class='ocr_line' id='line_1_52' title="bbox 1611 331 1754 358; baseline 0 -1"><span class='ocrx_word' id='word_1_367' title='bbox 1611 331 1754 358; x_wconf 85' lang='lat' dir='ltr'>sormallv</span> 
     </span>
    </p>
   </div>
   <div class='ocr_carea' id='block_1_14' title="bbox 1565 362 1791 565">
    <p class='ocr_par' dir='ltr' id='par_1_15' title="bbox 1565 362 1791 565">
     <span class='ocr_line' id='line_1_53' title="bbox 1565 362 1791 392; baseline -0.004 0"><span class='ocrx_word' id='word_1_368' title='bbox 1565 365 1691 392; x_wconf 77' lang='lat' dir='ltr'>distinct</span> <span class='ocrx_word' id='word_1_369' title='bbox 1711 362 1791 392; x_wconf 77' lang='lat' dir='ltr'>fr&#39;om</span> 
     </span>
     <span class='ocr_line' id='line_1_54' title="bbox 1585 400 1771 427; baseline -0.011 0"><span class='ocrx_word' id='word_1_370' title='bbox 1585 400 1630 427; x_wconf 87' lang='lat' dir='ltr'>sin</span> <span class='ocrx_word' id='word_1_371' title='bbox 1653 401 1707 427; x_wconf 90' lang='lat' dir='ltr'>but</span> <span class='ocrx_word' id='word_1_372' title='bbox 1727 408 1771 426; x_wconf 81' lang='lat' dir='ltr'>we</span> 
     </span>
     <span class='ocr_line' id='line_1_55' title="bbox 1584 435 1764 462; baseline 0 -1"><span class='ocrx_word' id='word_1_373' title='bbox 1584 439 1697 462; x_wconf 84' lang='lat' dir='ltr'>cannot</span> <span class='ocrx_word' id='word_1_374' title='bbox 1718 435 1764 461; x_wconf 85' lang='lat' dir='ltr'>sin</span> 
     </span>
     <span class='ocr_line' id='line_1_56' title="bbox 1618 469 1749 496; baseline 0.015 -2"><span class='ocrx_word' id='word_1_375' title='bbox 1618 469 1749 496; x_wconf 80' lang='lat' dir='ltr'>without</span> 
     </span>
     <span class='ocr_line' id='line_1_57' title="bbox 1581 504 1777 538; baseline 0 -8"><span class='ocrx_word' id='word_1_376' title='bbox 1581 504 1741 538; x_wconf 82' lang='lat' dir='ltr'>incurring</span> <span class='ocrx_word' id='word_1_377' title='bbox 1762 512 1777 530; x_wconf 83' lang='lat' dir='ltr'>a</span> 
     </span>
     <span class='ocr_line' id='line_1_58' title="bbox 1641 539 1721 565; baseline 0 0"><span class='ocrx_word' id='word_1_378' title='bbox 1641 539 1721 565; x_wconf 86' lang='lat' dir='ltr'>debt.</span> 
     </span>
    </p>
   </div>
   <div class='ocr_carea' id='block_1_15' title="bbox 1541 1393 1808 1525">
    <p class='ocr_par' dir='ltr' id='par_1_16' title="bbox 1541 1393 1808 1497">
     <span class='ocr_line' id='line_1_59' title="bbox 1600 1393 1758 1420; baseline 0 0"><span class='ocrx_word' id='word_1_379' title='bbox 1600 1393 1689 1420; x_wconf 83' lang='lat' dir='ltr'>Laws</span> <span class='ocrx_word' id='word_1_380' title='bbox 1710 1393 1758 1420; x_wconf 76' lang='lat' dir='ltr'>for</span> 
     </span>
     <span class='ocr_line' id='line_1_60' title="bbox 1553 1428 1805 1463; baseline 0 -8"><span class='ocrx_word' id='word_1_381' title='bbox 1553 1428 1714 1463; x_wconf 75' lang='lat' dir='ltr'>enforcing</span> <span class='ocrx_word' id='word_1_382' title='bbox 1735 1428 1805 1455; x_wconf 82' lang='lat' dir='ltr'>debt</span> 
     </span>
     <span class='ocr_line' id='line_1_61' title="bbox 1541 1462 1808 1497; baseline 0.004 -8"><span class='ocrx_word' id='word_1_383' title='bbox 1541 1471 1590 1490; x_wconf 83' lang='lat' dir='ltr'>are</span> <span class='ocrx_word' id='word_1_384' title='bbox 1612 1462 1808 1497; x_wconf 77' lang='lat' dir='ltr'>superfluous</span> 
     </span>
    </p>

    <p class='ocr_par' dir='ltr' id='par_1_17' title="bbox 1567 1498 1792 1525">
     <span class='ocr_line' id='line_1_62' title="bbox 1567 1498 1792 1525; baseline -0.004 0"><span class='ocrx_word' id='word_1_385' title='bbox 1567 1498 1626 1525; x_wconf 84' lang='lat' dir='ltr'>and</span> <span class='ocrx_word' id='word_1_386' title='bbox 1648 1498 1792 1525; x_wconf 87' lang='lat' dir='ltr'>harmful.</span> 
     </span>
    </p>
   </div>
   <div class='ocr_carea' id='block_1_16' title="bbox 1540 2088 1816 2290">
    <p class='ocr_par' dir='ltr' id='par_1_18' title="bbox 1540 2088 1816 2290">
     <span class='ocr_line' id='line_1_63' title="bbox 1558 2088 1796 2116; baseline -0.004 0"><span class='ocrx_word' id='word_1_387' title='bbox 1558 2089 1611 2116; x_wconf 88' lang='lat' dir='ltr'>Yet</span> <span class='ocrx_word' id='word_1_388' title='bbox 1631 2089 1661 2116; x_wconf 85' lang='lat' dir='ltr'>in</span> <span class='ocrx_word' id='word_1_389' title='bbox 1683 2088 1796 2115; x_wconf 84' lang='lat' dir='ltr'>certain</span> 
     </span>
     <span class='ocr_line' id='line_1_64' title="bbox 1570 2128 1792 2159; baseline -0.009 -8"><span class='ocrx_word' id='word_1_390' title='bbox 1570 2132 1657 2151; x_wconf 81' lang='lat' dir='ltr'>cases</span> <span class='ocrx_word' id='word_1_391' title='bbox 1678 2132 1723 2150; x_wconf 84' lang='lat' dir='ltr'>we</span> <span class='ocrx_word' id='word_1_392' title='bbox 1744 2128 1792 2159; x_wconf 83' lang='lat' dir='ltr'>try</span> 
     </span>
     <span class='ocr_line' id='line_1_65' title="bbox 1594 2158 1767 2193; baseline -0.012 -7"><span class='ocrx_word' id='word_1_393' title='bbox 1594 2164 1623 2186; x_wconf 84' lang='lat' dir='ltr'>to</span> <span class='ocrx_word' id='word_1_394' title='bbox 1645 2158 1767 2193; x_wconf 80' lang='lat' dir='ltr'>compe!</span> 
     </span>
     <span class='ocr_line' id='line_1_66' title="bbox 1550 2193 1813 2221; baseline -0.011 0"><span class='ocrx_word' id='word_1_395' title='bbox 1550 2193 1743 2221; x_wconf 73' lang='lat' dir='ltr'>satisfaction</span> <span class='ocrx_word' id='word_1_396' title='bbox 1764 2193 1813 2219; x_wconf 87' lang='lat' dir='ltr'>for</span> 
     </span>
     <span class='ocr_line' id='line_1_67' title="bbox 1540 2227 1816 2264; baseline -0.007 -9"><span class='ocrx_word' id='word_1_397' title='bbox 1540 2230 1589 2256; x_wconf 74' lang='lat' dir='ltr'>the</span> <span class='ocrx_word' id='word_1_398' title='bbox 1609 2228 1692 2264; x_wconf 77' lang='lat' dir='ltr'>good</span> <span class='ocrx_word' id='word_1_399' title='bbox 1715 2227 1750 2254; x_wconf 85' lang='lat' dir='ltr'>of</span> <span class='ocrx_word' id='word_1_400' title='bbox 1767 2227 1816 2253; x_wconf 86' lang='lat' dir='ltr'>the</span> 
     </span>
     <span class='ocr_line' id='line_1_68' title="bbox 1620 2263 1738 2290; baseline -0.017 0"><span class='ocrx_word' id='word_1_401' title='bbox 1620 2263 1738 2290; x_wconf 85' lang='lat' dir='ltr'>debtor.</span> 
     </span>
    </p>
   </div>
  </div>
 </body>
</html>
