2003 3322
177 201 266 229 CAP.
287 192 369 245 XIL]
662 203 876 235 SECUNDA
904 203 1030 234 PARS.

177 309 307 356 ipsum
342 322 363 344 a
397 308 501 345 iusto
535 309 700 344 domino
735 309 784 344 sit
809 308 1008 357 punitum.
1044 311 1090 344 Et
1114 321 1274 344 necesse
1301 317 1357 344 est
1382 309 1490 356 quod

178 379 280 414 pena
320 365 386 402 illa
425 366 474 402 sit
509 368 626 412 bona,
667 379 756 402 cum
797 366 846 402 sit
884 366 988 402 iusta
1022 375 1059 402 et
1092 368 1141 402 ad
1175 366 1488 413 pulcritudinem

178 424 364 460 universi.
410 424 524 460 Talia
564 433 698 460 autem
739 432 830 459 sunt
868 425 1069 472 profunda
1110 424 1231 459 dubia
1274 424 1312 459 in
1346 423 1490 471 quibus

177 490 268 517 sunt
301 481 463 529 plurimi
497 481 678 527 involuti,
720 481 759 517 in
799 491 955 518 tantum
990 483 1099 530 quod
1131 481 1265 529 lingue
1299 481 1491 517 deficiunt

145 539 217 577 §in
250 539 501 587 expressione
534 540 702 587 peccati,
737 552 827 575 cum
860 540 970 575 illum
996 539 1218 576 formaliter
1240 539 1489 574 intellectum

178 609 258 633 non
312 598 431 633 habet
483 597 784 645 regularitatem
840 597 1052 645 reliquam,
1105 609 1178 633 nec
1230 596 1491 644 appropriate

179 654 414 701 exprimitur
458 655 622 691 nomine
670 664 864 701 creature,
910 656 979 691 sed
1023 668 1147 690 unum
1194 654 1342 690 scimus
1383 655 1490 702 quod

177 713 328 748 nullam
374 712 544 748 istarum
590 712 712 748 trium
757 712 1004 760 peticionum
1047 712 1194 749 scimus
1235 712 1312 748 nisi
1354 724 1491 759 super-

179 769 362 806 ficialiter
402 769 466 806 hic
507 770 740 818 exprimere,
787 772 855 807 sed
901 783 1107 818 speramus
1153 783 1242 806 cum
1290 769 1492 806 mediante

124 827 251 863 1olevi
289 827 438 864 noticia
472 828 535 864 hic
568 828 608 864 in
640 828 703 864 via
736 830 842 876 quod
875 828 1081 864 veniemus
1114 829 1164 864 ad
1196 827 1490 875 plenitudinem

59 888 139 931 3841’
178 885 288 933 regni
314 885 461 921 Christi
493 886 533 921 in
566 886 709 933 patria,
744 886 811 922 ubi
845 886 885 921 in
919 886 1058 922 trinita
1086 882 1090 939 Ι
1120 894 1157 922 te
1183 886 1288 922 clare
1311 885 1491 921 videmus

181 943 318 980 omnia
351 945 399 979 ab
433 943 596 980 homine
629 945 922 992 cognoscenda.

236 1001 409 1046 Quidam
435 1010 567 1037 autem
592 1003 786 1049 adaptant
809 1003 1029 1038 secundum
1055 1014 1215 1038 sensum
1239 1000 1489 1038 contrarium

178 1059 248 1095 has
295 1067 374 1095 tres
414 1059 636 1106 peticiones
676 1061 725 1095 ad
765 1059 842 1095 tria
881 1068 1047 1107 peccata
1086 1058 1249 1104 diaboli,
1294 1058 1350 1094 ita
1383 1059 1490 1106 quod

126 1120 161 1151 15
180 1116 307 1164 prima
352 1117 498 1164 peticio
532 1117 803 1168 Sanctificetur
841 1130 976 1153 nomen
1017 1125 1123 1153 tuum
1169 1130 1191 1153 a
1235 1129 1353 1153 sensu
1399 1129 1492 1153 con—

178 1174 301 1210 trario
347 1174 529 1211 includat
575 1175 818 1223 superbiam.
878 1177 1062 1212 Secunda
1107 1174 1255 1223 peticio
1300 1175 1492 1209 Adveniat

179 1245 343 1283 regnum
378 1240 482 1268 tumn
516 1234 566 1269 ad
598 1246 758 1269 sensum
793 1233 1043 1269 consimilem
1078 1234 1256 1269 declarat
1285 1232 1491 1268 invidiam.

180 1290 324 1326 Tereia
356 1290 502 1338 peticio
526 1291 616 1326 Fiat
650 1292 826 1327 voluntas
859 1299 923 1327 tua
958 1293 1008 1327 ad
1042 1303 1203 1327 sensum
1238 1289 1489 1326 consimilem

181 1347 354 1384 insinuet
387 1348 515 1396 ipsam
549 1348 664 1385 iram.
698 1351 747 1385 Et
778 1358 947 1396 possunt
970 1349 1154 1385 raciones
1178 1349 1344 1384 istarum
1370 1348 1490 1384 trium

122 1405 426 1453 zopeticionum
461 1415 497 1442 et
530 1406 699 1442 istorum
732 1406 854 1443 trium
883 1416 1141 1455 peccatorum
1166 1408 1216 1443 ad
1238 1405 1409 1442 invicem
1432 1405 1494 1442 vel

180 1465 229 1499 ad
269 1477 395 1499 unum
428 1477 589 1500 sensum
622 1465 683 1501 vel
716 1465 840 1501 alium
874 1465 1082 1513 applicari.
1128 1466 1204 1501 Sed
1244 1464 1338 1512 quia
1376 1463 1493 1500 facile

181 1530 281 1557 esset
320 1530 450 1558 totum
486 1535 629 1570 corpus
662 1522 859 1570 scripture
891 1524 1051 1559 trahere
1085 1524 1133 1559 ad
1168 1522 1376 1570 quodlibet
1408 1534 1493 1557 ver-

180 1581 273 1615 bum
320 1580 416 1627 eius,
461 1593 552 1616 cum
599 1592 730 1617 sermo
772 1580 920 1616 Christi
964 1581 1014 1616 sit
1058 1581 1169 1617 vivax
1208 1588 1244 1616 et
1284 1580 1493 1627 quodlibet

179 1639 341 1673 verbum
368 1637 450 1674 eius
474 1638 614 1674 alludit
647 1638 823 1683 cuilibet,
854 1638 990 1675 utilius
1013 1638 1172 1675 videtur
1195 1638 1332 1673 multis
1355 1650 1492 1685 super-

123 1696 161 1728 25
181 1694 364 1731 ficialiter
396 1708 555 1732 currere
589 1708 658 1743 per
698 1696 954 1744 scripturam,
994 1709 1043 1733 ne
1083 1695 1292 1732 curiositas
1326 1708 1401 1743 que
1435 1704 1493 1731 est

180 1753 366 1800 superbia
405 1766 448 1790 ex
481 1755 637 1790 cautela
669 1754 820 1791 diaboli
858 1754 965 1791 intus
1005 1763 1129 1803 repat.
1178 1755 1270 1790 Ideo
1311 1752 1493 1801 sequitur

180 1811 216 1846 in
251 1819 356 1847 textu
393 1812 609 1859 evangelii:

694 1924 833 1965 CAP.
866 1924 979 1965 XII.

238 2020 380 2054 Panem
435 2026 607 2055 nostrum
660 2020 1077 2068 supersubstancialem
1124 2021 1171 2055 da
1218 2021 1324 2056 nobis
1368 2021 1492 2056 hodie.

124 2079 255 2112 3olste
289 2076 509 2124 peticiones
543 2085 716 2124 quatuor
749 2087 959 2125 sequentes
992 2086 1151 2113 servant
1176 2078 1346 2113 formam
1372 2078 1491 2113 aliam

181 2147 301 2181 quam
346 2134 520 2182 priores3
565 2134 604 2169 in
650 2135 826 2182 qualibet
874 2144 1009 2170 tamen
1054 2147 1190 2171 earum
1232 2144 1411 2172 servatur
1451 2148 1493 2170 ex

182 2192 398 2228 concordia
435 2192 645 2239 vestigium
689 2193 879 2229 caritatis.
930 2193 1064 2228 Primo
1107 2205 1201 2241 ergo
1234 2193 1409 2241 petimus
1443 2195 1493 2229 ad

183 2251 376 2285 honorem
418 2250 490 2285 Dei
535 2251 584 2285 ab
631 2251 717 2298 ipso
761 2251 876 2286 nobis
921 2251 1147 2286 necessaria
1194 2251 1256 2287 hic
1301 2264 1373 2298 pro
1418 2251 1493 2287 via.

183 2309 368 2343 Secundo
392 2308 578 2355 petimus,
619 2321 706 2343 cum
733 2321 947 2345 noscamus
971 2311 1080 2355 quod
1103 2309 1333 2345 necessitati
1358 2321 1496 2345 sumus

126 2364 386 2401 35ineur1-ere
420 2366 599 2401 debitum
633 2366 852 2413 spirituale,
888 2368 994 2413 quod
1028 2366 1095 2401 ille
1119 2366 1159 2402 in
1182 2379 1299 2414 quem
1326 2366 1496 2402 incurrit

184 2436 303 2459 omne
355 2424 534 2459 debitum
589 2423 765 2460 dimittat
817 2424 932 2460 nobis
978 2424 1314 2460 condicionaliter
1358 2433 1495 2460 nostra

185 2481 331 2520 debita.
374 2481 519 2518 Tercio
566 2481 739 2529 petimus
782 2494 831 2517 ne
876 2482 916 2517 in
963 2494 1108 2529 penam
1154 2482 1309 2530 peccati
1349 2481 1495 2518 assueti

253 2639 277 2665 5.
293 2638 314 2665 Β
326 2647 331 2664 t
345 2646 409 2664 cum
425 2639 531 2673 iprum.
607 2639 633 2666 6.
651 2639 687 2665 B.-
703 2641 847 2665 naturam
858 2639 1014 2673 aliquam:
1028 2639 1053 2665 Α
1066 2649 1071 2665 z
1089 2639 1327 2674 regularitatem
1342 2639 1496 2674 regulam.

186 2672 223 2699 13.
246 2673 283 2699 B:
305 2673 348 2699 ad
366 2682 494 2700 sensum.
604 2681 648 2707 29v
672 2675 700 2700 A
720 2674 748 2699 in
772 2682 884 2708 marg:
909 2673 1030 2708 Quarta
1049 2675 1184 2708 petc·ci0,·
1216 2674 1257 2700 ib.
1284 2673 1306 2699 B
1328 2674 1356 2700 in
1380 2681 1495 2708 marg:

184 2707 268 2769 i(gip1¹3
280 2707 370 2769 -Xgpd
389 2707 494 2770 rgias?
509 2708 537 2734 in
555 2716 668 2742 marg:
691 2716 713 2735 1.
787 2707 833 2741 34.
856 2709 883 2734 A
897 2708 926 2734 in
944 2716 1056 2743 marg:
1080 2715 1106 2734 2.
1180 2707 1223 2742 37.
1239 2710 1267 2735 A
1282 2708 1311 2734 in
1329 2715 1424 2743 marg.
1438 2718 1442 2734 :
1455 2716 1498 2742 3,·

258 2824 310 2856 29.
337 2814 455 2845 Matth.
482 2815 538 2853 Vl,
570 2825 618 2845 11.
717 2815 769 2846 30.
798 2814 850 2845 Cf.
877 2816 1064 2846 Sermones
1090 2815 1146 2854 IV,
1173 2815 1253 2855 423.

1699 196 1775 232 283

1564 430 1729 466 Lauguage

1515 471 1627 492 cannot
1647 474 1773 501 express

1535 501 1619 527 what
1639 501 1686 527 sin
1709 502 1745 528 is.

1553 1008 1658 1035 There
1678 1017 1729 1036 are

1534 1044 1655 1070 endless
1678 1044 1766 1070 other

1508 1079 1669 1113 meanings
1691 1079 1774 1105 since

1516 1113 1648 1141 Clirist's
1668 1113 1774 1140 words

1586 1156 1656 1183 may
1678 1149 1712 1175 be

1518 1183 1640 1218 applied
1662 1183 1692 1210 in
1714 1190 1773 1218 any

1541 1226 1609 1253 way
1629 1218 1695 1244 that
1714 1218 1740 1244 is

1561 1252 1732 1288 profitable.

1526 2085 1593 2112 The
1614 2086 1672 2112 last
1695 2087 1766 2112 four

1523 2120 1669 2155 peritioris
1691 2120 1779 2147 differ

1534 2155 1562 2181 in
1585 2156 1665 2182 torm
1687 2154 1769 2182 from

1524 2190 1573 2216 the
1594 2190 1661 2217 first
1680 2190 1774 2216 three.
