2003 3322
221 206 312 233 CAP.
334 196 450 250 xxxa]
700 208 909 239 SECUNDA
937 208 1061 239 PARS.
1739 198 1813 234 335

220 315 255 350 in
289 315 368 350 celo
401 322 436 350 et
467 327 572 363 spem
606 315 657 349 ad
678 315 816 350 Deum.
851 314 922 350 Ille
954 314 1066 350 habet
1098 314 1249 350 oculum
1282 313 1408 349 anime
1438 314 1526 349 sinz-

215 373 369 421 plicem‚
403 373 442 407 id
474 379 541 419 est,
575 372 758 407 mundam
792 379 953 408 mentem
977 379 1011 407 et
1033 372 1275 421 spiritualem
1310 378 1344 406 et
1375 383 1529 420 semper

220 443 292 465 non
331 438 486 466 terrena
525 431 592 465 sed
630 430 781 465 celestia
820 430 1077 466 meditantem.
1137 430 1213 474 Qui
1247 436 1372 465 autem
1417 429 1530 464 habet

220 494 381 523 mentem
415 488 595 523 mundam
630 496 666 524 et
696 487 898 536 spirituale
936 488 1000 523 ille
1026 495 1153 537 potest
1190 499 1351 523 servare
1389 499 1530 536 corpus

188 549 327 582 §suum
362 546 529 581 lucidum
553 552 587 581 et
608 546 687 581 sine
704 553 876 593 peccato,
910 546 974 594 qui
1003 553 1129 582 autem
1160 558 1231 581 non
1253 545 1359 594 facit
1391 545 1529 581 elemo-

218 603 322 639 sinas
355 615 421 639 nec
454 604 565 639 habet
593 615 662 639 cor
684 604 718 638 in
743 604 824 639 celo
847 616 913 639 nec
935 616 1041 652 spem
1066 604 1102 639 in
1126 604 1253 638 Deum
1277 615 1344 639 nec
1367 610 1529 638 mentem

219 661 401 696 mundam
434 668 469 696 et
499 661 740 710 spiritualem
770 673 888 710 neque
903 669 1032 710 potest
1062 674 1203 710 corpus
1230 673 1340 697 suum
1369 672 1531 696 servare

217 719 298 755 sine
330 726 512 768 peccato;
553 719 640 767 quia
679 731 788 755 nemo
821 726 948 767 potest
986 720 1132 755 duobus
1172 719 1336 755 dominis
1366 718 1530 765 servire,

221 777 305 812 Deo
364 776 507 812 scilicet
551 784 586 812 et
630 789 859 826 mammone,
905 778 944 812 id
981 785 1047 823 est⁷
1093 777 1253 814 diviciis.
1307 776 1531 812 Affanzmone

168 848 204 869 10
219 834 316 870 enim
349 835 511 884 syriaca
544 835 677 884 lingua
711 835 846 870 divicie
877 836 1138 884 appellantur.
1184 835 1290 870 Sicut
1330 846 1427 884 ergo
1467 834 1532 883 qui

220 893 314 928 duos
348 892 522 928 dominos
555 893 669 928 habet
700 905 850 929 necesse
882 900 937 929 est
969 900 1009 929 ut
1041 906 1155 928 unum
1181 899 1282 928 amet
1304 900 1339 927 et
1362 892 1528 927 alterum

220 950 336 996 odiat,
370 962 484 985 unum
518 958 760 999 contempnat
792 958 827 986 et
858 951 975 986 alteri
1005 951 1168 997 obediat,
1201 951 1256 986 sic
1287 957 1323 986 et
1353 950 1418 998 qui
1449 950 1531 985 vult

220 1008 344 1043 Deum
378 1020 523 1051 amare,
557 1020 706 1044 necesse
737 1016 792 1044 est
824 1016 864 1044 ut
897 1008 1003 1044 odiat
1036 1009 1204 1044 divicias.
1258 1007 1355 1052 Quia
1402 1015 1528 1043 autem

220 1066 301 1101 vult
331 1078 466 1101 anmre
499 1066 670 1113 divicias,
704 1078 854 1102 necesse
892 1073 946 1102 est
978 1075 1018 1102 ut
1051 1067 1157 1102 odiat
1195 1067 1332 1101 Deum.
1379 1065 1431 1100 Et
1467 1065 1532 1114 qui

167 1127 201 1167 15
220 1124 300 1159 vult
323 1124 506 1159 mandata
531 1124 760 1171 Deifacere
783 1136 933 1160 necesse
957 1131 1011 1160 est
1034 1132 1072 1159 ut
1095 1130 1338 1173 contempnat
1360 1123 1530 1159 avaricie

219 1182 415 1217 mandata.
455 1181 532 1225 Qui
561 1182 659 1217 enim
693 1182 774 1217 vult
806 1182 988 1217 mandata
1022 1182 1193 1218 avaricie
1213 1183 1357 1230 facere
1379 1193 1530 1217 necesse

218 1247 273 1275 est
304 1246 343 1274 ut
376 1247 620 1288 contempnat
650 1239 728 1275 Dei
758 1240 953 1275 mandata.

281 1296 494 1332 Considera
518 1304 643 1332 autem
656 1312 665 1332 .·
688 1297 774 1333 Non
799 1298 918 1333 dixit:
941 1298 1062 1333 Nemo
1081 1304 1208 1346 potest
1238 1297 1379 1333 habere
1401 1298 1526 1333 Deum
1543 1302 1589 1341 To
1612 1302 1686 1329 have
1708 1303 1817 1329 wcalth

219 1362 254 1390 et
286 1354 456 1400 divicias,
488 1356 557 1390 sed
588 1367 696 1390 nemo
722 1363 850 1403 potest
871 1367 952 1391 esse
973 1355 1050 1390 Dei
1068 1367 1205 1391 servus
1227 1363 1262 1391 et
1285 1355 1526 1391 diviciarum.
1554 1346 1580 1364 ¹⁸
1602 1342 1809 1399 Πζῧρζῖἶῑῗῗΐνυ

163 1426 204 1447 20
219 1412 335 1447 Aliud
367 1420 423 1448 est
454 1413 550 1448 enim
584 1413 724 1448 habere
765 1413 924 1449 divicias
962 1421 997 1449 et
1035 1413 1142 1448 aliud
1179 1414 1330 1449 servire
1368 1413 1526 1449 diviciis.

219 1470 262 1505 Si
292 1470 407 1506 liabes
440 1471 598 1506 divicias
636 1477 670 1506 et
708 1471 843 1506 divicie
874 1472 939 1507 ille
970 1483 1042 1507 non
1066 1471 1223 1519 faciunt
1256 1479 1290 1507 te
1322 1471 1528 1520 superbum

219 1535 285 1563 aut
317 1528 523 1563 violentum
557 1529 625 1564 sed
655 1530 863 1564 secundum
897 1529 998 1577 quod
1017 1536 1128 1578 potes
1152 1530 1223 1564 das
1246 1529 1528 1578 impotentibus,

221 1585 396 1621 dominus
427 1598 466 1621 es
499 1586 727 1621 diviciarum
760 1593 914 1622 tuarum
956 1599 1028 1622 non
1060 1599 1218 1631 servus;
1261 1587 1346 1635 quia
1385 1599 1457 1622 non
1496 1594 1530 1622 te

219 1643 354 1679 divicie
374 1650 436 1679 tue
456 1650 592 1689 tenent,
625 1644 693 1679 sed
714 1651 752 1679 tu
777 1644 936 1680 divicias
957 1652 1054 1681 tuas.
1091 1645 1133 1680 Si
1152 1652 1278 1680 autem
1307 1645 1442 1680 divicie
1468 1652 1530 1680 tue

163 1702 253 1736 25te
265 1700 423 1748 faciunt
444 1702 651 1750 superbum
684 1709 749 1737 aut
781 1702 1000 1749 violentum,
1033 1710 1068 1738 et
1099 1703 1328 1738 constrictus
1356 1702 1528 1738 avaricia

219 1758 359 1794 nemini
389 1759 536 1807 aliquid
562 1767 732 1808 prestas,
766 1767 854 1795 tunc
885 1772 1021 1796 servus
1044 1772 1082 1796 es
1106 1760 1333 1796 diviciarum
1359 1768 1529 1806 tuarum,

219 1829 291 1851 non
326 1816 514 1862 dominus,
558 1817 645 1865 quia
680 1817 814 1853 divicie
847 1826 908 1854 tue
940 1826 974 1853 te
1006 1826 1141 1863 tenent,
1188 1830 1259 1854 non
1299 1826 1337 1853 tu
1371 1818 1531 1854 divicias

219 1881 314 1910 tuas.
366 1874 478 1910 Nunc
515 1875 590 1910 iam
632 1875 752 1922 docet⁷
799 1883 838 1910 ut
876 1888 920 1911 ne
958 1876 1075 1911 timor
1113 1876 1237 1925 inopie
1268 1876 1453 1924 impediat
1483 1877 1529 1912 ab

218 1931 433 1968 elemosinis
465 1933 711 1976 voluntatem,
746 1933 892 1969 dicens:
924 1934 1014 1969 Ideo
1048 1934 1131 1969 dico
1166 1934 1270 1970 vobis
1302 1946 1346 1970 ne
1377 1934 1534 1970 solliciti

162 1993 203 2024 30
217 1989 299 2025 sitis
331 1990 366 2024 in
399 1990 579 2026 cordibus
612 1991 751 2026 vestris
771 1990 863 2039 quid
895 1991 1144 2028 manducetis.
1178 1992 1280 2027 Nam
1311 1992 1529 2028 sollicitudo

219 2047 504 2096 desperacionis
520 2048 681 2097 estfilia,
698 2049 783 2096 quia
801 2049 1024 2097 desperacio
1039 2049 1334 2085 sollicitudinem
1350 2057 1526 2100 generat.

224 2105 327 2148 Quid
358 2112 413 2140 est
443 2106 545 2154 quod
577 2106 686 2142 dicit:
717 2106 807 2142 Ideo
842 2107 925 2142 dico
960 2107 1096 2142 vobis?
1143 2115 1183 2142 ut
1214 2107 1336 2155 quid?
1381 2115 1421 2142 ut
1453 2108 1527 2143 ele-

219 2163 387 2198 mosinas
408 2163 586 2211 faciatis,
632 2171 671 2198 ut
709 2164 1014 2216 tlzesauriqantes
1052 2164 1087 2199 in
1127 2165 1206 2200 celo
1239 2177 1307 2201 cor
1344 2166 1527 2201 mundum

218 2220 400 2267 habeatis,
433 2229 633 2269 sperantes
665 2221 700 2256 in
734 2222 882 2266 Deum;
912 2222 975 2269 qui
1004 2229 1131 2257 autem
1164 2230 1296 2271 sperat
1329 2223 1364 2258 in
1387 2224 1526 2266 Deum,
1567 2228 1625 2256 We
1647 2229 1720 2256 shall
1744 2234 1796 2267 not

163 2278 282 2316 35ille
312 2290 385 2313 non
419 2286 473 2314 est
504 2279 690 2314 sollicitus
734 2280 824 2327 quid
862 2280 1065 2315 manducet
1102 2288 1168 2316 aut
1211 2292 1282 2328 quo
1327 2282 1525 2325 vestiatur,
1552 2264 1587 2325 ‘ff
1602 2265 1811 2325 Ῑζζῗιῇἷξζῆῐῐζὶι

218 2336 393 2383 quoniam
440 2336 544 2371 nulla
589 2348 651 2372 res
693 2345 748 2372 est
783 2349 855 2386 que
882 2337 987 2385 facit
1025 2337 1195 2373 lzomines
1234 2339 1445 2387 desperare
1490 2339 1525 2374 in
1573 2333 1721 2394 Godaggxgi
1744 2333 1783 2360 do

217 2394 343 2441 aliqua
377 2394 609 2440 necessitate,
654 2394 726 2430 nisi
755 2394 827 2430 ista
860 2407 922 2431 res
954 2395 1039 2443 quia
1072 2408 1144 2431 non
1178 2396 1316 2432 habent
1352 2409 1456 2445 spem
1490 2397 1525 2432 in
1633 2387 1650 2402 ²⁹
1720 2389 1725 2394 ’

216 2451 355 2486 Deum.
390 2451 449 2486 Ne
471 2452 565 2487 milzi
586 2464 683 2501 ergo
708 2452 834 2488 dicas:
865 2453 1063 2502 Numquid
1090 2454 1175 2489 volo
1207 2465 1288 2490 esse
1310 2455 1528 2490 sollicitus?

217 2509 285 2544 sed
316 2509 397 2557 ipsa
431 2521 493 2545 res
524 2521 584 2545 me
616 2510 732 2560 cogit.
768 2510 966 2558 Numquid
999 2510 1083 2547 volo
1116 2523 1280 2560 sperare
1311 2512 1346 2547 in
1374 2512 1528 2548 Deum?

158 2589 203 2619 40
217 2567 286 2602 sed
317 2578 389 2602 non
418 2579 591 2615 possum,
630 2579 700 2603 cor
730 2567 827 2603 enim
862 2580 985 2604 meum
1019 2581 1090 2604 non
1130 2581 1189 2605 me
1227 2570 1345 2607 audit.
1393 2571 1529 2606 Nescis

235 2756 243 2760 ν
285 2729 329 2748 20.
362 2723 390 2749 A
422 2731 451 2749 m
480 2731 594 2758 murga
634 2723 724 2761 Nota.
760 2724 842 2760 Quid
878 2728 923 2751 est
958 2726 1077 2753 servire
1117 2727 1180 2753 Deo
1220 2729 1249 2753 et
1284 2727 1360 2762 quid
1395 2727 1525 2754 diviciis.

216 2761 256 2783 23.
279 2758 322 2783 A:
344 2765 404 2792 quo
426 2758 520 2785 deum.
605 2757 652 2785 30.
674 2760 717 2786 A:
739 2759 901 2786 lunnineni.

284 2828 339 2856 40.
368 2818 494 2848 l'salrn.
524 2819 670 2858 xxxvi,
703 2820 728 2849 3.
