2003 3322
192 237 264 272 130

220 704 324 731 Christ
344 703 428 730 takes

186 739 250 766 into
265 742 393 765 account
413 738 461 764 the

233 778 296 800 acts
317 774 352 800 of
368 773 418 799 the

277 808 373 835 mind.

238 2148 298 2176 We
318 2153 430 2175 cannot

233 2184 372 2210 estimaie
393 2184 442 2210 tlte

216 2219 334 2253 gravity
354 2218 388 2245 of
406 2218 462 2245 sin.

876 240 995 272 opus
1020 239 1355 271 EVANGELICUM
1515 227 1620 280 [CAP.
1641 236 1770 264 xxxv1

475 346 798 383 irracionabilem
835 356 871 382 et
905 354 1096 382 connotat
1131 346 1293 382 confuse
1338 346 1438 381 duos
1478 346 1624 393 gradus
1669 345 1782 391 alios,

476 413 674 441 consonat
707 403 798 440 huic
832 403 1034 441 sentencie
1068 403 1298 441 Salvatoris.

532 464 581 498 Et
625 463 745 510 plana
790 471 847 498 est
891 462 1000 498 racio
1046 474 1169 510 quare
1213 474 1284 498 nos
1325 460 1456 498 Latini
1495 459 1784 498 necessitamur

476 532 626 568 ponere
660 521 794 556 Racha
827 521 1033 556 Hebreum
1067 528 1104 555 et
1137 532 1218 555 non
1252 520 1493 556 descendere
1526 519 1577 555 ad
1609 517 1783 566 speciem

476 578 636 614 termini
672 577 844 624 derisivi‚
893 577 986 626 quia
1025 576 1064 613 in
1098 577 1261 614 diversis
1300 576 1445 624 linguis
1490 576 1549 626 (ut
1593 584 1702 624 patet
1745 575 1817 612 in&

475 636 659 683 Anglico)
705 636 804 672 tales
836 648 954 672 voces
999 635 1211 671 derisionis
1257 633 1532 683 multipliciter
1564 633 1783 670 variantur.

535 695 613 730 Sed
645 693 685 730 in
718 693 903 730 omnibus
936 693 1021 729 istis
1053 701 1212 741 oportet
1236 693 1393 729 fidelem
1417 702 1557 729 notare
1581 692 1786 741 quomodo

478 751 658 788 Christus
691 753 890 799 ponderat
922 760 1033 788 actus
1067 750 1199 787 anime
1245 759 1363 799 atque
1394 763 1510 787 voces
1555 759 1592 787 et
1635 749 1788 798 specia-

476 809 567 846 liter
615 818 727 846 actus
774 809 932 846 virtutis
976 808 1188 846 irascibilis
1232 818 1268 845 et
1309 820 1426 845 voces
1470 807 1785 853 irracionabiles‚

477 880 567 904 cum
601 880 622 904 a
668 869 751 904 Deo
796 876 964 915 propter
1008 866 1267 903 concordiam
1316 875 1354 903 et
1400 866 1626 903 amiciciam
1674 873 1846 902 erantto

477 927 579 964 date.
609 927 658 961 Et
690 925 746 962 sic
777 926 934 962 videtur
967 927 1095 961 Deum
1138 924 1179 961 in
1211 925 1296 973 lege
1343 924 1466 961 veteri
1499 932 1665 972 propter
1708 923 1787 960 tale

476 984 560 1020 leve
593 992 805 1032 peccatum
838 983 979 1031 punire
1012 983 1068 1019 sic
1100 982 1296 1028 homines,
1331 984 1401 1019 sed
1433 981 1473 1018 in
1506 983 1640 1019 dando
1673 982 1789 1018 deca-

477 1042 613 1089 logum
648 1041 941 1077 introductorie
974 1040 1165 1089 expressit
1199 1040 1368 1077 crimina
1407 1039 1612 1088 graviora;
1661 1048 1698 1076 et
1729 1038 1786 1075 vi-

478 1100 594 1135 detur
626 1100 734 1147 quod
768 1108 1000 1147 peccatores
1035 1098 1217 1135 moderni
1251 1107 1343 1134 sunt
1367 1110 1410 1134 ex
1433 1098 1617 1134 doctrina
1641 1096 1789 1134 Christi

478 1166 515 1193 et
560 1157 860 1205 exemplacione
905 1156 1135 1205 precedenti
1180 1156 1337 1203 gravius
1381 1155 1586 1204 puniendi.
1638 1157 1686 1191 Et
1735 1154 1847 1191 sic-15

480 1217 647 1251 credunt
697 1215 861 1263 quidam
909 1216 1017 1263 quod
1067 1222 1299 1263 peccatores
1344 1213 1384 1249 in
1431 1223 1613 1262 tempore
1658 1212 1790 1261 gracie

478 1272 792 1322 profundissime
825 1282 915 1309 sunt
948 1272 1090 1321 puniti.
1124 1272 1372 1320 Augustinus
1396 1280 1529 1308 autem
1554 1284 1635 1307 non
1671 1272 1791 1307 audet

478 1340 628 1367 temere
663 1331 836 1367 diffinire
868 1332 977 1379 quod
1009 1339 1220 1379 peccatum
1255 1330 1303 1366 sit
1336 1329 1492 1378 reliquo
1520 1329 1689 1377 gravius,
1723 1329 1792 1365 sed

480 1389 577 1426 dicit
609 1390 716 1437 quod
748 1389 809 1425 vel
840 1388 1009 1425 iehenne
1042 1397 1133 1425 sunt
1166 1389 1289 1424 multe
1320 1389 1381 1424 vel
1413 1389 1522 1435 quod
1566 1387 1607 1423 in
1651 1388 1790 1423 eadem

479 1447 649 1484 iehenna
702 1456 793 1483 sunt
846 1446 944 1483 varii
989 1448 1135 1495 gradus
1180 1458 1294 1494 pene.
1340 1444 1524 1482 Moderni
1569 1453 1701 1482 autem
1748 1456 1850 1481 ex2o

480 1505 693 1542 altitudine
725 1505 785 1541 sui
817 1513 943 1541 status
976 1506 1123 1541 audent
1155 1503 1328 1540 diffinire
1361 1505 1469 1552 quod
1501 1511 1709 1551 peccatum
1743 1502 1793 1539 sit

481 1563 639 1611 gravius
673 1571 709 1599 et
742 1564 849 1612 quod
883 1576 905 1599 a
934 1571 1100 1610 peccato
1134 1574 1376 1610 quocunque
1399 1570 1567 1609 possunt
1589 1561 1793 1598 absolvere

482 1635 503 1658 a
543 1634 646 1670 pena
691 1630 728 1657 et
780 1621 910 1668 culpa,
956 1629 1289 1669 quantascunque
1335 1619 1609 1667 indulgencias
1655 1631 1795 1656 conce-

482 1681 626 1716 dendo.
661 1681 709 1715 Et
741 1688 877 1715 tamen
909 1687 1000 1714 sunt
1033 1687 1189 1714 tanturn
1224 1677 1339 1714 inscii
1373 1678 1481 1725 quod
1504 1676 1690 1725 ignorant
1713 1686 1794 1713 tam

483 1737 655 1785 primam
689 1736 941 1785 questionem
975 1749 1096 1785 quam
1131 1737 1349 1772 secundam
1384 1736 1432 1771 de
1464 1744 1643 1782 peccato.
1690 1736 1797 1780 Quo·
1814 1737 1853 1769 25

484 1796 606 1831 modo
640 1807 732 1842 ergo
767 1803 1057 1842 cognoscerent
1091 1793 1269 1831 criminis
1300 1792 1520 1841 passioneS,
1555 1806 1645 1829 cum
1671 1793 1797 1828 multa

483 1862 574 1889 sunt
606 1861 773 1901 peccata
806 1852 940 1900 gravia
974 1865 1051 1901 que
1084 1852 1223 1889 dicunt
1251 1850 1255 1904 Ι
1284 1864 1366 1888 non
1400 1863 1482 1887 esse
1530 1859 1695 1899 peccata
1728 1851 1796 1886 sed
1844 1861 1925 1895 368¹²

485 1911 640 1961 merita,
681 1919 719 1947 et
751 1911 876 1946 multa
909 1919 1000 1946 sunt
1034 1909 1176 1946 merita
1222 1922 1298 1958 que
1333 1909 1472 1945 dicunt
1505 1921 1588 1945 esse
1631 1916 1798 1957 peccata

484 1968 618 2017 gravia
653 1968 1010 2017 condempnanda?
1043 1971 1091 2004 Et
1123 1968 1179 2004 sic
1213 1980 1324 2004 error
1347 1968 1394 2003 de
1425 1966 1620 2014 quiditate
1643 1965 1798 2014 peccati

486 2036 523 2063 et
568 2026 798 2074 passionum
852 2039 1015 2063 suarum
1069 2034 1126 2063 est
1178 2038 1298 2063 causa
1348 2023 1509 2061 maioris
1562 2024 1707 2061 erroris
1759 2023 1798 2059 in
1815 2026 1856 2059 30

487 2084 653 2121 ecclesia
688 2084 898 2121 militante.

547 2144 653 2179 Deus
698 2142 800 2179 enim
849 2151 886 2178 et
931 2141 1036 2178 beati
1085 2141 1230 2190 quibus
1284 2141 1367 2189 ipse
1412 2141 1586 2177 revelare
1629 2138 1800 2176 voluerit

490 2209 737 2248 cognoscunt
783 2199 938 2248 peccati
983 2199 1237 2248 gravedinem
1285 2208 1322 2235 et
1366 2211 1438 2235 nos
1482 2197 1634 2235 viantes
1687 2196 1800 2233 inscii

490 2260 683 2295 habemus
729 2258 903 2306 aliquam
947 2259 994 2293 de
1033 2266 1200 2305 peccato
1239 2256 1430 2294 noticiam
1472 2257 1540 2292 sed
1579 2255 1799 2292 confusam.

490 2315 768 2352 Necessarium
823 2328 916 2364 ergo
969 2325 1025 2352 est
1074 2315 1293 2352 viatoribus
1340 2315 1446 2362 quod
1497 2315 1701 2362 loquendo
1755 2314 1802 2348 de
1818 2314 1857 2349 35

490 2374 664 2422 peccatis
696 2382 857 2410 teneant
891 2386 931 2410 se
960 2373 1000 2409 in
1027 2372 1220 2409 limitibus
1253 2372 1559 2420 scripturarum.
1591 2370 1801 2408 Nescimus

491 2441 625 2468 autem
679 2432 709 2468 si
749 2431 965 2480 antiquitas
1010 2431 1217 2479 peccandi,
1271 2431 1427 2467 cautela
1481 2429 1630 2466 diaboli
1682 2438 1802 2477 atque

490 2489 637 2526 similia
670 2489 821 2526 faciunt
854 2491 961 2538 quod
996 2490 1135 2526 eadem
1170 2489 1210 2525 in
1234 2500 1377 2537 genere
1401 2487 1478 2524 sint
1502 2496 1664 2535 peccata
1696 2498 1801 2523 nunc

490 2547 623 2595 gravia
657 2547 738 2584 sive
772 2547 873 2584 levia
897 2559 973 2596 que
1001 2547 1207 2595 quondam
1232 2547 1395 2583 fuerunt
1426 2546 1540 2582 aliter
1563 2546 1800 2594 ponderata,

490 2606 551 2641 vel
583 2605 613 2641 si
647 2605 817 2642 facilitas
851 2605 1042 2642 evadendi
1082 2613 1248 2653 peccata
1280 2604 1320 2641 in
1352 2603 1483 2652 prima
1516 2612 1619 2640 etate
1664 2601 1860 2646 mundi40

491 2663 661 2699 levificat
694 2662 780 2711 ipsa
812 2664 872 2699 vel
905 2663 1130 2709 difficultat,
1163 2662 1254 2699 ideo
1287 2662 1326 2698 in
1370 2661 1516 2698 talibus
1568 2660 1607 2697 in
1658 2660 1802 2708 quibus

492 2733 628 2756 sumus
653 2720 829 2767 ambigui
854 2733 1052 2768 ponamus
1077 2722 1295 2768 prudenter
1319 2719 1543 2756 custodiam
1567 2717 1626 2755 ori
1650 2726 1800 2754 nostro.

562 2874 679 2900 27-29.
701 2867 743 2893 A:
766 2868 819 2892 sed
839 2866 949 2893 merila
971 2881 1000 2885 —
1020 2866 1134 2901 gravia
1156 2866 1249 2892 deest.
