2003 3322
181 235 258 270 350
888 238 1007 270 opus
1032 237 1367 269 EVANGELICUM
1546 225 1653 279 [CAP.
1674 234 1783 262 xxm.

191 356 333 391 butthey
355 359 436 382 must
469 345 595 382 curati
630 345 802 381 securati
838 346 885 380 de
919 344 1004 380 istis
1037 353 1244 392 tamquam
1281 343 1450 380 seculari
1484 342 1685 390 stipendio
1718 344 1784 379 de-

197 390 433 453 enfciigtedbzsa
469 403 605 439 ficiant
639 403 679 439 in
711 415 783 439 suo
818 402 923 439 fideli
965 402 1133 439 servicio
1174 411 1210 438 et
1252 410 1515 450 extorqueant
1553 409 1635 437 tam
1676 401 1786 437 obla-

276 461 357 488 debt.
470 461 605 497 ciones
639 473 760 509 quam
796 460 973 497 decimas
1006 469 1213 508 tamquam
1240 459 1419 496 debitum
1454 460 1646 495 seculare.
1682 461 1786 495 Deus

469 528 605 555 tamen
638 519 839 555 ordinavit
872 520 980 566 quod
1014 527 1231 566 utrumque
1266 517 1532 554 ministerium
1567 516 1616 552 sit
1648 517 1787 553 volun-

470 577 617 613 tarium
664 585 701 612 et
748 576 803 612 sic
849 577 937 624 plus
983 576 1236 612 meritorium
1288 584 1324 611 et
1375 587 1459 611 sese
1520 573 1821 622 respiciantur5

471 635 648 671 relative.
683 635 885 670 Debemus
919 646 1014 682 ergo
1038 634 1237 682 respicere
1261 635 1310 669 ad
1335 642 1518 669 nostrum
1544 631 1786 680 principium

471 701 508 728 et
541 704 679 728 cavere
718 704 766 728 ne
806 693 854 728 ab
896 691 983 740 ipso
1022 704 1092 739 per
1126 691 1292 727 nimiam
1334 690 1626 739 negligenciam
1668 689 1788 725 decli-

471 762 626 786 nemus.

209 970 432 1009 Chwqostqm:
532 957 803 994 Crisostomus
849 965 983 993 autem
1038 968 1159 1004 super
1202 956 1279 993 isto
1332 964 1439 992 textu
1484 954 1540 992 sic
1592 955 1851 1004 loquiturz1o

196 1005 439 1072 FoofOsisaffiven
474 1017 582 1052 Deus
626 1016 722 1051 enim
769 1016 837 1051 hec
874 1015 910 1050 in
951 1022 1092 1050 natura
1133 1015 1281 1050 creavit
1319 1014 1430 1062 quasi
1466 1021 1572 1049 terre
1610 1013 1791 1063 regulam

209 1075 442 1136 ricgalffessffissffis
474 1075 684 1109 mandans:
731 1074 929 1109 Producat
968 1073 1128 1108 herbam
1164 1072 1319 1121 pabuli:
1365 1072 1450 1108 ideo
1492 1072 1573 1107 vult
1611 1079 1677 1107 aut
1721 1084 1792 1107 non

201 1145 274 1179 only
296 1144 441 1182 byrtno'se
474 1132 555 1167 vult
598 1131 743 1168 scilicet
786 1138 894 1167 terra
940 1131 1046 1166 bonis
1090 1138 1125 1166 et
1169 1130 1281 1165 malis
1312 1130 1524 1180 germinat,
1569 1129 1795 1165 ministrare

193 1179 266 1205 who
287 1178 387 1205 desne
409 1182 439 1204 Π·
474 1190 576 1225 iussa
616 1197 670 1225 est
709 1201 781 1225 non
817 1188 1003 1224 iudicare.
1053 1189 1203 1224 Bonum
1237 1195 1364 1223 autem
1399 1195 1433 1223 et
1466 1187 1610 1223 malum
1650 1199 1723 1223 non
1756 1187 1792 1222 in

473 1255 614 1283 natura
659 1248 818 1293 creavit,
864 1247 932 1282 sed
970 1247 1005 1282 in
1044 1246 1208 1282 arbitrio
1249 1253 1381 1281 nostro
1422 1245 1566 1294 posuit,
1611 1252 1650 1280 ut
1691 1245 1850 1294 quod15

475 1306 651 1341 volumus
674 1306 805 1341 simus.
840 1304 931 1341 Ideo
961 1305 1068 1340 bonis
1086 1304 1221 1353 palma
1240 1304 1493 1353 proponitur,
1528 1303 1641 1338 malis
1667 1310 1792 1339 autem

469 1376 583 1412 pena,
634 1364 717 1406 tae
755 1370 811 1399 est
848 1362 1041 1411 sapiencia
1081 1364 1127 1397 de
1165 1374 1207 1397 eo
1244 1373 1326 1397 esse
1368 1361 1573 1397 sollicitum
1613 1361 1726 1409 quod,
1759 1368 1795 1396 et

474 1422 508 1457 si
539 1434 611 1457 non
634 1422 769 1469 fueris
799 1421 1001 1466 sollicitus,
1035 1420 1204 1457 habebis.
1237 1420 1289 1455 Et
1313 1421 1359 1455 de
1381 1420 1447 1455 illo
1471 1431 1544 1454 non
1575 1431 1657 1455 esse
1686 1418 1792 1454 solli-

477 1479 591 1514 citum
627 1480 674 1514 de
704 1491 777 1528 quo
809 1479 844 1515 si
874 1477 1065 1515 sollicitus
1098 1490 1170 1513 non
1193 1478 1327 1526 fueris
1345 1478 1503 1526 perdes.
1543 1477 1644 1512 Nam
1668 1488 1793 1512 escam

477 1538 548 1573 etsi
600 1537 790 1573 sollicitus
843 1549 915 1572 non
957 1536 1092 1584 fueris
1137 1536 1183 1571 de
1227 1535 1309 1580 illa,
1366 1535 1546 1570 invenies.
1599 1534 1792 1570 [usticiam
1811 1551 1854 1572 20

477 1603 603 1631 autem
638 1595 711 1631 nisi
739 1595 928 1631 sollicitus
951 1594 1096 1642 fueris,
1133 1606 1206 1629 non
1239 1593 1518 1642 apprehendes

213 1667 280 1694 The
302 1665 437 1693 Gentiles
538 1650 622 1689 Hec
654 1653 751 1689 enim
784 1653 910 1689 omnia
938 1660 1073 1702 gentes
1100 1658 1277 1700 querunt,
1311 1651 1399 1699 quia
1423 1651 1459 1686 in
1484 1651 1597 1686 rebus
1620 1649 1797 1685 humanis

198 1701 452 1771 ῃήζρὲξὲἓξζζςο
468 1711 678 1759 fortunam
725 1723 807 1747 esse
851 1711 1014 1746 credunt
1052 1722 1125 1746 non
1160 1709 1457 1758 providenciam
1498 1720 1615 1756 neque
1656 1707 1796 1743 iudicio

204 1773 276 1807 they
297 1772 373 1821 {³215ss
395 1774 446 1796 not
480 1769 556 1804 Dei
597 1769 695 1804 vitas
745 1781 837 1804 suas
886 1768 1107 1818 gubernari
1157 1767 1347 1812 estimant,
1399 1767 1468 1802 sed
1518 1766 1663 1802 incerto
1711 1765 1801 1800 duci

214 1808 295 1868 πιιῗὲῑι
307 1806 445 1867 sissdotgd.
478 1834 634 1869 eventu,·
655 1826 739 1862 ideo
763 1826 901 1862 merito
924 1826 1070 1871 timent,
1105 1825 1241 1860 merito
1258 1824 1416 1860 solliciti
1433 1831 1521 1860 sunt
1544 1831 1578 1860 et
1594 1824 1801 1872 desperant
1817 1828 1856 1860 25

479 1885 589 1933 quasi
609 1884 672 1932 qui
699 1885 884 1920 neminem
909 1884 1074 1919 habeant
1095 1883 1391 1933 gubernantem.
1430 1882 1508 1924 Qui
1527 1888 1653 1917 autem
1677 1881 1801 1916 credit

478 1955 518 1978 se
550 1942 689 1978 iudicio
725 1942 802 1977 Dei
828 1941 1048 1992 gubernari
1079 1954 1152 1977 non
1186 1941 1330 1976 incerto
1364 1940 1453 1975 duci
1486 1946 1633 1983 eventu,
1672 1951 1797 1974 escam

480 2000 631 2048 quidem
654 2012 765 2035 suam
790 2000 826 2035 in
851 2012 966 2035 manu
990 1999 1067 2035 Dei
1095 1998 1319 2034 committit:
1349 1998 1472 2034 sciens
1493 1997 1581 2046 quia
1611 1996 1798 2032 neminem

478 2058 560 2094 sine
598 2058 796 2094 voluntate
834 2065 868 2093 et
907 2057 1047 2093 iudicio
1086 2057 1164 2092 Dei
1191 2056 1327 2104 fames
1371 2063 1406 2091 et
1450 2055 1603 2091 nuditas
1647 2054 1797 2090 occidit.

486 2116 645 2166 Cogitat
676 2123 803 2151 autem
839 2116 886 2151 de
917 2116 1013 2151 bono
1047 2122 1081 2150 et
1113 2115 1217 2150 malo
1243 2114 1380 2160 sciens,
1413 2113 1498 2161 quia
1522 2112 1596 2148 nisi
1615 2111 1801 2148 sollicitus
1818 2118 1860 2149 30

472 2173 617 2222 fuerit,
662 2186 729 2209 nec
768 2174 912 2209 malum
937 2173 1075 2223 fugiet
1115 2172 1188 2207 nisi
1218 2172 1355 2207 bonum
1389 2170 1664 2220 apprehendet.
1711 2170 1801 2205 Ideo

482 2231 597 2267 dicit:
646 2231 809 2274 Querite
846 2231 1018 2280 primum
1069 2242 1233 2280 regnum
1279 2229 1356 2265 Dei
1398 2237 1434 2265 et
1476 2228 1663 2264 iusticiam
1709 2227 1799 2263 eius.

483 2290 664 2339 Regnum
689 2288 768 2325 Dei
800 2296 855 2324 est
878 2288 1086 2324 retribucio
1120 2289 1306 2324 bonorum
1341 2299 1500 2336 operum
1530 2293 1565 2321 et
1595 2285 1802 2321 malorum.

484 2347 638 2382 Iusticia
672 2354 798 2382 autem
833 2354 888 2382 est
920 2346 981 2382 via
1011 2346 1167 2395 pietatis
1194 2357 1269 2394 per
1291 2357 1404 2393 quam
1430 2345 1509 2380 itur
1540 2344 1591 2378 ad
1623 2355 1801 2393 regnum.

484 2405 527 2439 Si
553 2417 651 2454 ergo
683 2405 743 2440 die
771 2417 816 2440 ac
847 2411 956 2440 nocte
985 2404 1137 2453 cogitas
1168 2403 1291 2451 qualis
1319 2403 1395 2438 erit
1416 2401 1548 2452 gloria
1580 2407 1802 2436 sanctorum
1821 2405 1859 2437 35

485 2462 546 2497 vel
575 2462 701 2511 qualis
734 2463 807 2498 erit
839 2462 1017 2498 interitus
1056 2461 1261 2509 impiorum
1295 2467 1330 2496 et
1358 2467 1623 2509 peccatorum,
1657 2469 1805 2493 necesse

485 2527 540 2555 est
574 2527 613 2555 ut
646 2527 711 2555 aut
740 2527 909 2569 propter
938 2520 1115 2555 timorem
1136 2531 1233 2567 pene
1266 2519 1426 2553 territus
1456 2517 1617 2553 recedas
1648 2529 1669 2551 a
1703 2515 1805 2550 malo

556 2685 598 2704 ιο.
620 2679 647 2705 Α
668 2678 697 2704 in
720 2685 807 2712 marg
828 2687 834 2704 ε
858 2677 1075 2704 Crisostomus.
1168 2684 1204 2703 12.
1230 2676 1267 2703 13:
1286 2675 1472 2711 producant.
1566 2672 1604 2700 13.
1626 2673 1669 2699 A:
1691 2672 1807 2699 scilicet

487 2714 573 2739 Ierra
595 2713 687 2739 deest.
799 2713 833 2740 15.
856 2714 899 2739 A:
921 2716 954 2739 ut
973 2712 1002 2738 in
1023 2719 1094 2746 quo.
1211 2718 1255 2742 eo,
1277 2719 1303 2737 ἐι
1337 2712 1382 2737 Α;
1404 2709 1442 2736 cie
1463 2709 1516 2735 illa
1536 2706 1689 2743 —fueris
1710 2706 1804 2733 deest.

488 2746 529 2773 73.
552 2748 595 2774 A:
609 2746 747 2782 fortuna
863 2755 907 2780 27.
929 2748 975 2773 A:
997 2754 1059 2773 non
1080 2746 1225 2773 inmerito
1246 2746 1325 2772 duci,
1429 2743 1475 2771 36.
1498 2744 1537 2770 ss:
1559 2748 1589 2769 ec
1603 2744 1805 2776 peccatorum

488 2782 581 2808 deest.
656 2782 699 2816 37.
721 2784 764 2808 A:
782 2790 864 2816 pene
884 2782 977 2808 deest.

563 2863 612 2885 10.
640 2854 706 2895 Op.
734 2854 830 2895 Imp.‚
858 2854 878 2884 1.
907 2864 935 2885 c.
963 2864 995 2895 p.
1023 2851 1101 2895 8¹0·
1204 2862 1253 2883 12.
1282 2852 1367 2883 Gen.
1396 2851 1418 2890 Ι,
1451 2861 1500 2881 11.
