2003 3322
212 211 300 238 CAP.
321 201 375 255 x]
685 212 897 243 SECUNDA
925 212 1051 244 PARS.
1732 214 1810 252 277

270 318 541 354 Crisostomus
585 327 719 354 autem
765 318 943 365 quuitur
986 320 1034 353 de
1074 330 1197 365 regno
1238 318 1434 364 striccius,
1481 327 1522 354 ut

211 385 326 412 sonat
358 375 571 423 utrobique
600 375 640 410 in
664 375 824 422 iustam,
854 375 1183 418 voluntariarum&
1205 375 1344 412 utilem
1370 376 1523 412 subiec-

212 433 388 481 cionem3
423 442 459 469 et
488 433 544 469 sic
576 445 658 469 non
691 442 747 469 est
781 433 1101 469 communicacio
1131 433 1278 469 Christi
1311 435 1361 470 ad
1384 434 1522 478 Belial,

211 493 279 527 sed
332 504 499 539 regnum
552 503 668 527 suum
715 490 971 538 restringitur
1016 493 1066 527 ad
1110 491 1408 539 predestinatos
1454 491 1522 539 qui

179 548 325 597 §quasi
358 557 537 585 tenentes
570 547 684 584 liberi
718 558 809 584 sunt
834 548 873 584 in
896 548 1057 596 gaudio,
1092 548 1366 585 ordinacionis
1390 548 1523 585 divine

211 620 302 643 cum
327 606 500 643 Domino
535 605 766 652 unicordes3
801 615 838 642 et
871 606 926 642 sic
960 606 999 642 in
1030 606 1238 654 proposito
1263 606 1523 643 conformiter

211 666 260 700 ud
295 665 399 700 hunc
433 665 566 700 locum
600 663 799 711 scripture
833 664 1072 700 concordius
1097 674 1154 700 est
1176 665 1439 713 loquendum.
1475 667 1523 700 Et

209 722 264 758 sic
288 731 520 770 supponunt
543 721 706 770 quidam
736 723 844 770 quod
861 722 1043 758 Christus
1065 722 1270 770 restringit
1292 723 1379 759 Joh.
1403 724 1523 758 XVIII

210 779 385 827 capitulo
424 781 585 828 quando
625 779 740 816 dicit:
780 780 823 815 Si
860 781 906 816 de
942 781 1013 816 hoc
1052 781 1193 816 mundo
1227 788 1326 816 esset
1359 793 1522 830 regnum

156 850 348 883 romeam,
394 837 562 874 ministri
599 838 674 874 mei
704 838 948 874 decertarent
981 838 1118 887 utique,
1161 846 1200 874 ut
1233 850 1306 874 non
1340 838 1524 874 traderer

206 896 360 940 Judeis;
398 908 494 932 nunc
533 907 624 931 vero
665 908 829 945 regnum
864 908 987 931 meum
1022 908 1094 932 non
1134 903 1189 933 est
1221 896 1292 932 hic.
1339 895 1523 932 Christus

207 966 301 989 vero
325 955 430 989 Deus
464 952 573 1001 pacis
607 961 645 989 et
678 953 909 990 dileccionis
942 966 1023 990 non
1046 954 1129 990 vult
1154 955 1204 990 ad
1230 955 1337 990 hunc
1361 966 1521 990 sensum

210 1012 356 1048 habere
380 1011 618 1059 regnicolas,
644 1011 719 1047 nisi
741 1011 888 1047 fuerint
910 1011 1145 1058 unicordes;
1180 1021 1216 1048 et
1240 1011 1295 1048 sic
1316 1011 1523 1059 restringit

211 1068 273 1105 hic
317 1081 487 1117 regnum
533 1068 793 1117 pertinenter,
841 1082 931 1105 cum
980 1071 1097 1106 docet
1141 1082 1278 1106 orare:
1332 1070 1524 1105 Adveniat

157 1132 191 1165 15
210 1139 373 1177 regnum
407 1135 524 1162 tuum.
560 1129 601 1162 In
634 1126 813 1163 sensibus
836 1139 930 1163 vero
955 1126 1157 1176 equivocis
1181 1140 1262 1164 non
1285 1137 1343 1164 est
1367 1136 1522 1164 contra-

209 1185 337 1221 diccio
370 1186 438 1221 sed
471 1193 631 1232 oportet
663 1197 823 1221 sensum
856 1185 1034 1221 funditus
1067 1186 1324 1233 perscrutari.

267 1243 456 1291 Sequitur
494 1242 535 1278 in
574 1251 680 1278 textu
720 1243 931 1290 evangelii:
975 1244 1066 1279 Fiat
1106 1245 1282 1280 voluntas
1321 1251 1385 1279 tua
1423 1243 1522 1279 sicut
1545 1250 1642 1277 Third
1667 1251 1804 1286 petition.

208 1301 243 1336 in
277 1301 357 1336 celo
390 1308 424 1336 et
457 1301 492 1336 in
534 1307 656 1346 terra,
700 1300 768 1336 ubi
807 1301 931 1337 tercia
970 1301 1119 1349 peticio
1159 1286 1802 1349 correspondenterItsff‘³1{‚¹{³³figstf¹⁵

208 1359 257 1394 ad
291 1358 485 1406 Spiritum
521 1359 713 1394 Sanctum
748 1358 981 1406 porrigitur,
1022 1372 1110 1395 cum
1147 1359 1318 1407 Spiritus
1352 1361 1520 1396 Sanctus
1553 1352 1796 1418 wespriarivt'niat

152 1432 193 1453 20
209 1416 257 1452 sit
290 1429 416 1463 amor,
449 1416 634 1452 voluntas
667 1416 747 1452 sive
781 1416 997 1453 conneccio
1031 1417 1154 1465 patris
1188 1418 1237 1454 ad
1272 1418 1412 1453 filium.
1536 1433 1581 1452 we
1602 1399 1672 1461 miiy
1691 1398 1728 1453 iae
1746 1426 1804 1453 like

268 1476 381 1510 Unde
411 1474 658 1521 Augustinus
699 1486 819 1522 super
858 1474 933 1511 isto
966 1484 1074 1511 textu
1108 1475 1162 1511 sic
1195 1475 1394 1524 quuitur:
1430 1476 1521 1511 Post
1536 1461 1600 1522 tfflft
1618 1461 1809 1523 ῗὲἕθνιὲῃῗηοῖ

208 1532 330 1579 illam,
363 1531 506 1580 inquit,
535 1532 763 1581 peticionem
803 1544 875 1580 qua
910 1533 1091 1569 dicimus:
1130 1534 1320 1569 Adveniat
1354 1546 1519 1584 regnum
1554 1529 1731 1592 131(ῒὲιῇεὲῖῇ
1749 1530 1788 1592 {es

208 1597 327 1635 tumn,
360 1590 553 1638 sequitur:
596 1590 686 1625 Fiat
726 1591 903 1626 voluntas
948 1598 1027 1637 tua,
1071 1591 1167 1627 sicut
1212 1591 1248 1627 in
1293 1592 1373 1627 celo
1412 1599 1446 1627 et
1484 1591 1521 1626 in
1793 1586 1799 1592 ”

208 1655 329 1692 terra,
376 1648 415 1683 id
452 1654 519 1694 est,
558 1648 656 1684 sicut
688 1656 744 1684 est
776 1648 810 1683 in
844 1649 995 1699 angelis
1026 1649 1091 1698 qni
1126 1657 1213 1685 sunt
1251 1650 1286 1684 in
1326 1650 1417 1685 celis
1456 1662 1521 1685 νο-

153 1710 192 1742 25
209 1706 335 1741 luntas
357 1713 435 1750 tua,
466 1713 506 1741 ut
534 1705 751 1742 omnimode
778 1706 847 1741 tibi
871 1707 1084 1742 adhereant
1112 1714 1220 1756 teque
1243 1707 1522 1756 perfruantur,

209 1764 313 1799 nullo
348 1775 487 1799 errore
518 1764 764 1799 obnubilante
795 1776 928 1800 eorum
953 1765 1201 1813 sapienciam,
1236 1765 1340 1800 nulla
1365 1765 1521 1801 miseria

209 1821 437 1870 impediente
468 1821 740 1858 beatitudinem
774 1822 947 1869 illorum,
981 1823 1032 1857 ita
1054 1822 1132 1873 fiat
1164 1823 1200 1858 in
1233 1823 1378 1859 sanctis
1400 1823 1521 1871 quiin

208 1886 316 1915 terra
349 1886 436 1915 sunt
469 1886 502 1915 et
537 1880 583 1915 de
614 1887 737 1925 terra,
771 1887 896 1916 tamen
928 1892 1045 1929 super
1077 1888 1224 1917 terram
1254 1894 1330 1930 per
1361 1893 1522 1917 conver-

207 1937 398 1973 sacionem
439 1944 474 1972 et
499 1937 623 1987 fidem
664 1938 765 1985 quod
804 1938 856 1973 ad
896 1950 1037 1987 corpus
1071 1939 1241 1987 pertinet
1277 1939 1388 1987 sacti
1422 1946 1523 1984 sunt,

153 2000 194 2031 30
209 2003 244 2030 et
275 1995 449 2043 quamvis
481 1995 517 2030 in
551 1996 725 2031 celestem
757 1996 1034 2032 habitacionem
1061 2005 1094 2032 et
1118 1997 1427 2033 iminutacionein
1450 2009 1524 2046 per

209 2053 285 2088 Dei
315 2053 440 2089 nostri
470 2053 773 2099 miseracionem,
808 2062 934 2090 tamen
967 2055 1014 2090 de
1046 2062 1153 2090 terra
1187 2055 1410 2091 assmnendi
1436 2062 1523 2091 sunt

209 2118 244 2146 et
275 2111 310 2145 in
345 2111 436 2146 celis
473 2111 700 2147 collocandi.
736 2112 798 2147 Ad
834 2112 904 2147 hoc
946 2112 1064 2148 eciam
1104 2113 1259 2161 respicit
1300 2113 1367 2148 illa
1402 2125 1521 2163 ange-

210 2169 335 2204 lorum
376 2169 618 2217 predicacio:
660 2169 797 2205 Gloria
842 2170 877 2205 in
923 2170 1087 2206 excelsis
1126 2171 1210 2206 Deo
1255 2178 1290 2206 et
1333 2171 1368 2206 in
1413 2178 1522 2207 terra

206 2238 291 2274 pax
322 2226 534 2262 hominibus
573 2227 666 2262 bone
705 2227 925 2273 voluntatis,
969 2235 1008 2263 ut
1045 2240 1129 2263 cum
1159 2228 1394 2277 precesser.'t
1426 2229 1522 2264 bona

153 2289 192 2321 35
210 2283 385 2319 voluntas
429 2292 574 2331 nostra,
627 2296 696 2332 que
740 2293 937 2321 vocantem
981 2285 1165 2333 sequitur,
1212 2286 1444 2334 perficiatur
1487 2287 1522 2321 in

210 2341 315 2376 vobis
357 2342 533 2377 voluntas
577 2342 663 2387 Dei,
707 2342 804 2378 sicut
845 2350 900 2378 est
943 2343 979 2378 in
1030 2343 1180 2393 angelis
1224 2343 1438 2390 celestibus,
1484 2351 1523 2379 ut

209 2399 314 2434 nulla
366 2399 586 2435 adversitas
636 2400 862 2436 beatitudini
914 2408 1044 2437 nostre
1095 2401 1262 2447 resistat,
1314 2402 1417 2450 quod
1468 2408 1523 2437 est

209 2468 359 2492 summa
387 2468 485 2506 pax.

280 2625 307 2650 6.
328 2625 372 2651 A:
394 2624 561 2652 unicordes
581 2632 637 2659 pro
657 2625 873 2660 conformiter.
965 2633 1005 2658 17.
1027 2626 1054 2652 A
1075 2625 1105 2652 in
1127 2634 1243 2661 marg:
1270 2626 1379 2654 Tereia
1396 2627 1521 2662 peticio.

210 2665 249 2684 21.
270 2659 298 2685 A
317 2659 348 2698 in
370 2667 482 2693 marg:
510 2659 710 2696 Augustinus.
818 2660 864 2687 26.
886 2661 930 2686 Ae
962 2661 1174 2687 ohnubulante.
1284 2660 1329 2688 30.
1351 2663 1394 2689 A:
1426 2663 1523 2689 eciam

210 2700 357 2726 quamvis.

279 2775 311 2807 8.
335 2776 414 2808 Joh.
439 2777 557 2814 XVIII,
586 2777 639 2809 36.
744 2789 790 2818 17.
818 2778 936 2809 Matth.
963 2779 1019 2816 VI,
1052 2789 1099 2810 10.
1205 2789 1257 2809 21.
1284 2780 1335 2810 De
1361 2790 1523 2811 sermone

210 2822 350 2853 Domini
378 2823 412 2853 in
438 2830 567 2863 monte,
596 2824 616 2854 1.
645 2834 673 2854 c.
700 2834 732 2864 p.
761 2823 836 2855 208.
935 2826 988 2857 33.
1016 2825 1130 2856 Lucae
1157 2825 1194 2864 II,
1226 2836 1275 2865 [4.
