2003 3322
177 212 266 240 CAP.
286 202 428 258 xxvn]
691 216 831 247 PRIMA
858 215 984 248 PARS.
1728 210 1777 257 95

171 324 450 372 perdicionem,
474 323 651 372 quoniam
686 325 839 360 domum
864 322 941 358 Dei
965 322 1198 358 existimasti
1217 335 1302 359 cum
1326 324 1490 372 pecunia

170 381 387 430 possideri,-
429 393 501 417 non
539 389 593 418 est
632 381 699 417 tihi
725 393 824 430 pars
857 392 976 428 neque
1006 393 1094 416 sors
1125 381 1161 416 in
1193 392 1371 417 Sermone
1403 382 1486 418 isto.

180 437 258 475 Cor
290 439 387 474 enim
421 446 525 475 tuum
559 451 631 475 non
666 446 721 475 est
753 446 900 475 rectum
935 450 1067 474 coram
1102 439 1199 476 Deo.

233 498 289 532 Ex
319 496 393 533 ista
427 496 562 533 divina
594 496 760 533 historia
793 496 979 533 catholici
1012 505 1157 533 notant
1185 497 1323 543 multa,
1356 497 1489 545 primo
1512 505 1579 532 The
1599 505 1719 545 faithful
1740 505 1771 533 in

143 556 283 602 5qu0d
317 554 451 590 fideles
484 554 526 590 in
558 554 761 603 primitiva
795 554 960 591 ecclesia
992 567 1075 591 non
1114 556 1317 591 audebant
1357 555 1489 591 dicere
1510 540 1772 602 cfflsscffingi'ssffigt

175 613 284 660 quod
329 613 525 649 dederunt
557 612 751 661 Spiritum
792 614 986 649 Sanctum
1026 614 1094 649 sed
1132 614 1241 661 quod
1288 612 1489 650 ministra-
1504 610 1577 672 0¹ssle
1595 610 1781 672 thSJg'fflgt

174 678 314 707 verant
352 679 605 707 sacramenta
639 679 676 706 et
708 672 812 706 Deus
846 672 904 716 (ut
937 683 981 706 ex
1021 670 1163 707 effectu
1202 675 1488 719 cognoverant)
1538 653 1742 716 Hdiygspirit.

175 728 285 764 dedit
327 727 455 765 illum.
508 730 557 764 Et
600 728 706 765 istud
752 728 893 764 diffuse
941 728 1199 777 prosequitur
1242 729 1489 777 Augustinus

174 798 293 834 super
334 786 530 823 Johannis
569 786 727 823 Omelia
762 788 809 822 V.
863 788 980 823 Unde
1020 788 1172 835 Symon
1222 799 1361 835 magus
1406 800 1489 824 non

120 857 160 878 10
174 845 346 881 audebat
379 844 510 881 dicere
543 846 651 893 quod
693 846 805 881 daret
838 844 1033 892 Spiritum
1067 847 1260 881 Sanctum
1301 847 1369 882 sed
1409 845 1490 882 cui-

176 914 334 951 cunque
356 901 592 950 imposuerit
615 915 758 939 manus
783 902 955 950 accipiat
979 902 1173 951 Spiritum
1202 905 1417 949 Sanctum3
1452 912 1490 940 et

48 972 130 1015 3641)
172 961 260 997 Act.
290 961 323 996 V
354 962 454 997 bene
484 956 488 1013 Ι
516 960 663 1008 legitur
695 962 803 1009 quod
836 960 1007 1009 apostoli
1041 970 1258 998 oraverunt
1289 974 1362 1010 pro
1395 961 1490 1010 ipsis

174 1027 215 1054 ut
255 1017 483 1066 acciperent
528 1018 723 1066 Spiritum
766 1020 974 1064 Sanctum,
1023 1020 1092 1055 sed
1137 1021 1246 1068 quod
1291 1021 1490 1056 dederunt

173 1075 228 1112 eis
252 1075 445 1125 Spiritum
470 1078 677 1126 Sanctum,
711 1089 792 1113 non
822 1076 989 1113 memini
1022 1089 1085 1113 me
1116 1077 1270 1126 legisse.
1304 1080 1354 1114 Et
1383 1079 1490 1126 quod

120 1135 156 1168 15
175 1133 288 1170 multi
333 1135 519 1171 doctores
565 1143 704 1171 tenent
749 1136 858 1183 quod
910 1134 1089 1183 episcopi
1143 1137 1242 1172 dant
1295 1135 1489 1184 Spiritum

174 1193 383 1239 Sanctum,
434 1191 510 1228 nisi
553 1193 766 1229 fundatum
822 1192 942 1229 fuerit
988 1192 1029 1229 in
1082 1193 1295 1242 scriptura,
1349 1195 1489 1230 eadem

173 1249 362 1287 facilitate
395 1250 697 1299 contempnitur
729 1263 807 1299 qua
839 1251 1053 1299 profertur.
1102 1253 1151 1287 Et
1192 1253 1240 1288 de
1273 1251 1489 1289 evidenciis

174 1307 316 1356 quibus
340 1308 520 1356 arguitur
542 1310 650 1357 quod
673 1310 860 1345 sacerdos
883 1309 1051 1346 absolvit
1074 1318 1110 1346 et
1132 1309 1300 1346 remittit
1323 1318 1488 1358 peccata

174 1365 330 1402 dicetur
360 1366 406 1411 (si
440 1368 545 1403 Deus
578 1366 762 1411 voluerit)
795 1367 884 1403 loco
917 1380 1002 1406 suo,

116 1436 158 1458 20
232 1425 418 1460 Secundo
450 1424 606 1461 videtur
639 1436 683 1461 ex
715 1424 882 1462 historia
914 1425 989 1462 ista
1021 1426 1131 1474 quod
1165 1425 1305 1462 Simon
1348 1438 1486 1473 magus
1519 1432 1628 1471 Simon
1649 1433 1758 1469 Magus

173 1481 247 1518 fuit
286 1481 462 1518 melioris
501 1481 750 1519 condicionis
795 1496 915 1531 quam
960 1492 1052 1519 sunt
1097 1483 1240 1531 prelati
1284 1483 1484 1530 hodierni,
1518 1468 1767 1537 Ρῗὲῇυζῒθιὲἃῗζὴ

174 1539 267 1588 quia
292 1539 418 1576 voluit
439 1553 512 1588 pro
544 1540 646 1577 iusta
681 1550 845 1577 moneta
878 1541 1019 1578 emisse
1052 1543 1101 1578 ab
1135 1541 1327 1589 apostolis
1350 1541 1486 1578 huius·
1531 1538 1749 1600 Offrgffiiiites

175 1597 284 1634 modi
316 1606 573 1646 potestatem3
619 1599 688 1634 sed
720 1598 862 1646 prelati
896 1599 1081 1636 moderni
1115 1612 1198 1636 non
1232 1609 1375 1636 curant
1407 1599 1487 1636 sive
1548 1615 1598 1634 are
1618 1581 1673 1634 ssot
1693 1616 1727 1635 so

173 1656 313 1692 fraude
345 1656 425 1693 sive
457 1656 629 1704 pecunia
667 1665 804 1694 emant
843 1656 1082 1705 dignitatem
1123 1659 1387 1705 mundanam,
1432 1657 1488 1694 ita
1580 1642 1700 1671 honest.

117 1716 156 1749 25
174 1715 282 1762 quod
320 1723 543 1763 appareant
581 1715 728 1751 habere
767 1715 995 1751 huiusmodi
1035 1723 1271 1764 potestatem
1318 1724 1355 1752 et
1392 1724 1489 1752 tunc

175 1771 377 1809 mediante
410 1771 661 1809 similacione
684 1772 893 1821 potestatis
925 1773 1157 1810 huiusmodi
1189 1782 1330 1810 emunt
1362 1774 1490 1810 multa

173 1830 412 1878 temporalia
460 1843 550 1866 cum
594 1830 738 1867 usuris.
791 1830 932 1868 Simon
977 1840 1111 1868 autern
1164 1831 1290 1868 voluit
1343 1833 1489 1869 habere

173 1896 412 1935 potestatem
437 1888 546 1925 illam
580 1888 740 1925 realiter
773 1897 811 1925 et
843 1890 891 1926 de
914 1889 1095 1927 realitate
1119 1889 1329 1938 potestatis
1352 1889 1489 1926 huius—

174 1945 284 1982 modi
316 1945 371 1982 hii
403 1958 486 1983 non
521 1955 674 1983 curant.

116 2007 158 2039 30
230 2003 374 2040 Tercio
418 2003 575 2041 videtur
623 2017 667 2041 ex
710 2006 851 2041 eadem
896 2005 1109 2042 benedicta
1158 2005 1328 2042 historia
1377 2007 1487 2054 quod

172 2062 270 2098 tales
298 2061 441 2110 prelati
470 2062 687 2100 deteriores
717 2063 883 2099 Simone
910 2063 1003 2100 licet
1032 2063 1209 2100 similent
1231 2076 1314 2100 non
1338 2064 1488 2100 habent

173 2132 194 2155 a
226 2121 310 2156 Deo
342 2128 595 2172 potestatem,
629 2120 722 2169 quia
755 2122 896 2158 Petrus
929 2121 1043 2158 dixit:
1089 2122 1176 2158 Non
1209 2129 1264 2158 est
1296 2122 1365 2157 tibi
1388 2134 1488 2171 pars

172 2189 290 2226 neque
332 2190 421 2214 sors
459 2179 494 2214 in
533 2191 711 2215 sermone
755 2179 838 2215 isto.
897 2179 977 2215 Cor
1020 2180 1118 2215 enim
1164 2187 1269 2215 tuum
1316 2192 1388 2215 non
1433 2187 1488 2215 est

173 2243 319 2271 rectum
352 2248 483 2272 coram
516 2237 613 2275 Deo.
661 2238 762 2272 Cum
801 2249 895 2285 ergo
935 2250 1018 2273 non
1057 2237 1106 2273 sit
1144 2245 1322 2286 potestas
1356 2237 1431 2273 nisi
1464 2251 1487 2274 a

116 2295 156 2329 35
173 2294 258 2329 Deo
303 2302 340 2330 et
386 2293 450 2330 isti
490 2294 702 2331 simoniaci
741 2308 823 2331 non
864 2296 1014 2331 habent
1062 2308 1084 2331 a
1124 2298 1207 2332 Deo
1253 2295 1486 2331 huiusmodi

172 2359 426 2399 potestatem,
457 2352 614 2389 videtur
636 2354 745 2401 quod
770 2365 853 2390 non
886 2352 936 2389 sit
969 2354 1299 2390 contendendum
1322 2362 1366 2389 ut
1389 2353 1487 2390 fides

171 2409 232 2445 vel
276 2409 402 2446 eciam
448 2410 657 2458 probabile
703 2412 811 2459 quod
857 2412 961 2448 hanc
1008 2412 1185 2448 habeant
1228 2420 1486 2459 potestatem,

243 2609 262 2628 1.
282 2602 325 2629 A:
349 2609 415 2629 cum
434 2602 534 2635 deest;
555 2601 593 2628 B:
616 2602 710 2629 addit.
819 2611 849 2636 4.
871 2603 907 2630 B:
930 2602 971 2630 Et
995 2603 1067 2630 ista.
1174 2612 1200 2638 7.
1222 2604 1261 2631 B:
1290 2611 1328 2631 ex
1353 2603 1484 2640 defectu.

172 2635 199 2663 8.
220 2637 249 2663 A
271 2636 301 2663 in
322 2644 436 2671 marg:
457 2637 656 2673 Augustinus.
766 2644 804 2664 12.
824 2638 869 2664 A:
890 2638 964 2664 bene
981 2646 1005 2664 s.
1027 2638 1110 2665 hene.
1220 2647 1261 2672 14.
1283 2638 1322 2666 B:
1348 2642 1485 2666 sanctum

173 2671 266 2697 deest.
348 2679 390 2706 19.
412 2671 451 2699 B:
471 2671 591 2699 dicetur
610 2671 655 2698 16.
676 2679 701 2698 c.
784 2679 832 2699 20.
852 2673 881 2699 A
901 2672 931 2699 in
953 2680 1070 2708 marg:
1091 2680 1120 2699 2.
1205 2680 1249 2700 22.
1269 2674 1314 2700 A:
1331 2681 1393 2708 pro
1413 2675 1484 2701 ista.

172 2704 218 2732 30.
239 2707 266 2733 A
285 2705 316 2733 in
336 2714 449 2741 marg:
469 2714 502 2741 3.
576 2705 622 2741 36,
642 2705 686 2741 37.
707 2707 751 2734 A:
772 2707 895 2735 videtur
914 2722 946 2726 —
962 2710 1145 2742 potestatem
1165 2707 1260 2735 deest.

241 2788 273 2820 8.
300 2790 333 2820 S.
359 2790 542 2831 Augustini
569 2790 661 2831 Opp.
686 2797 772 2822 tom.
799 2791 852 2831 ΙΙΙ,
893 2801 909 2821 2
937 2801 970 2832 p.
1118 2801 1168 2822 12.
1206 2793 1280 2823 Act.
1308 2792 1396 2832 VIII,
1434 2792 1485 2823 15.

176 2836 228 2868 32.
256 2837 330 2866 Act.
357 2836 444 2875 VIII,
472 2846 525 2867 21.
