2003 3322
177 222 251 268 134

866 228 985 259 OPUS
1012 227 1348 259 EVANGELICUM
1486 214 1592 267 [CAP-
1614 223 1781 251 XXXVIII.

459 336 511 371 ad
531 335 705 385 gloriam
728 335 816 381 Dei,
850 333 1043 369 trahimus
1072 333 1170 369 illud
1201 333 1252 368 ad
1284 333 1540 368 ministerium
1573 333 1783 369 vanitatis?

467 393 601 429 Omnis
639 392 737 428 enim
776 404 904 428 sermo
945 403 1065 427 vanus
1096 391 1161 440 qui
1198 390 1341 427 dicitur
1381 390 1578 426 immundo
1618 391 1784 427 dictante

459 451 601 500 spiritu
635 450 859 499 profertur.
912 449 1058 484 Vanum
1099 461 1197 500 ergo
1241 460 1457 485 sermonem
1500 448 1666 484 dicentes
1710 461 1782 485 non

461 516 607 544 tantum
641 508 726 544 ideo
743 507 1004 557 peccavimus,
1028 507 1115 555 quia
1134 519 1209 556 per
1240 507 1349 542 illum
1377 518 1594 543 sermonem
1617 506 1782 555 aliquem

461 567 638 613 ledimus,
670 567 739 602 sed
766 566 853 614 quia
888 565 1026 600 damus
1058 565 1094 600 in
1128 565 1234 601 nobis
1266 565 1390 601 locum
1425 564 1634 600 immundis
1665 564 1814 612 spiri-5

461 625 561 660 tibus
604 624 750 674 agendi
793 623 894 672 quod
934 623 1078 658 volunt.
1124 622 1212 659 Hoc
1249 622 1372 659 sciens
1413 622 1596 658 Salomon
1636 622 1784 658 dicebat

461 683 513 718 ad
543 683 692 717 Deum:
734 682 825 717 Duo
852 681 1009 730 postulo
1040 693 1062 716 a
1103 688 1150 727 te,
1196 692 1240 716 ne
1271 680 1433 728 auferas
1464 680 1644 730 graciam
1677 687 1789 715 tuam

461 753 483 775 a
516 752 587 786 me,
615 739 847 788 priusquam
881 738 1044 786 moriar,
1077 745 1112 774 et
1145 750 1284 774 vanum
1318 738 1476 774 verbum
1517 750 1562 774 ne
1592 744 1706 773 exeat
1739 738 1785 773 de

463 810 530 834 ore
576 809 673 833 meo.
723 797 766 832 Si
813 796 911 832 enim
961 808 1053 832 vasa
1097 796 1336 846 sanctificata
1381 796 1433 831 ad
1471 795 1651 844 privatos
1694 807 1784 831 usus

462 855 685 903 transferre
723 861 924 904 peccatum
971 861 1026 890 est
1073 861 1108 890 et
1145 853 1379 902 periculum,
1423 853 1522 889 sicut
1565 854 1674 889 docet
1717 865 1844 889 nosm

462 913 690 960 Baltlzasar,
724 913 789 961 qui
811 913 939 948 bibens
962 912 998 948 in
1022 912 1203 948 calicibus
1235 911 1402 947 sacratis
1435 911 1482 947 de
1512 923 1635 961 regno
1669 911 1784 960 depo-

462 971 558 1007 situs
590 977 645 1007 est
677 978 711 1006 et
745 971 790 1006 de
824 970 922 1015 vita5
965 970 1000 1006 si
1038 982 1135 1020 ergo
1168 969 1236 1005 illa
1276 981 1367 1005 vasa
1406 969 1457 1004 ad
1482 969 1664 1018 privatos
1696 981 1785 1005 usus

462 1029 684 1077 transferre
715 1028 771 1065 sic
797 1027 1060 1078 periculosum
1100 1034 1168 1074 est,
1209 1027 1245 1062 in
1285 1027 1420 1075 quibus
1458 1039 1530 1062 non
1562 1034 1618 1063 est
1651 1039 1783 1063 verum

464 1098 605 1135 corpus
649 1086 798 1122 Christi
840 1086 909 1122 sed
952 1085 1166 1121 misterium
1212 1085 1292 1121 eius
1336 1085 1513 1134 corporis
1557 1085 1784 1132 continetur,

465 1151 605 1193 quanto
649 1144 778 1194 magis
823 1156 915 1180 vasa
961 1143 1084 1179 nostri
1127 1143 1303 1191 corporis
1347 1154 1417 1191 que
1462 1142 1536 1179 sibi
1577 1143 1685 1179 Deus
1733 1143 1840 1178 ad15

464 1202 724 1239 habitaculum
764 1201 996 1251 preparavit
1040 1213 1111 1237 non
1158 1201 1336 1237 debemus
1388 1201 1484 1236 dare
1532 1200 1683 1237 diabolo
1734 1201 1786 1236 ad

465 1261 660 1310 agendum
707 1260 744 1295 in
789 1259 896 1296 nobis
940 1260 1041 1308 quod
1086 1259 1178 1295 vult.
1239 1259 1282 1294 Si
1323 1259 1407 1307 quis
1449 1265 1574 1295 autem
1621 1258 1786 1295 dixerit:

463 1319 599 1365 Fatue,
639 1318 675 1353 in
721 1317 914 1354 communi
943 1317 1237 1367 intelligendum
1271 1323 1326 1353 est
1358 1317 1505 1365 ubique,
1542 1317 1623 1353 sine
1656 1328 1784 1364 causa,

465 1377 504 1411 id
535 1383 603 1422 est,
637 1376 702 1424 qui
732 1376 855 1411 iratus
878 1375 1009 1424 fuerit
1039 1375 1121 1411 sine
1152 1387 1280 1418 causa,
1313 1374 1379 1423 qui
1401 1375 1533 1410 Racha
1564 1375 1645 1411 sine
1671 1387 1785 1411 causa

466 1434 626 1480 dixerit,
665 1434 730 1482 qui
766 1434 891 1469 Fatue
927 1433 1008 1469 sine
1046 1445 1161 1469 causa
1201 1433 1359 1470 dixerit.
1407 1432 1451 1468 Si
1486 1439 1613 1469 autem
1652 1433 1787 1469 cedere
1803 1445 1845 1466 20

466 1504 550 1528 cum
584 1504 699 1528 causa
740 1503 812 1527 non
852 1498 907 1527 est
940 1498 1155 1540 peccatum,
1201 1498 1341 1540 quanto
1380 1491 1509 1541 magis
1547 1503 1632 1532 cum
1671 1503 1786 1528 causa

467 1550 595 1585 dicere
617 1550 737 1598 fatue
768 1562 841 1585 non
875 1556 929 1585 est
955 1549 1190 1598 peccatum?
1233 1549 1334 1585 Nam
1375 1556 1410 1585 et
1451 1549 1607 1585 verbum
1641 1550 1787 1585 malum

465 1607 611 1657 species
642 1615 698 1644 est
729 1607 859 1656 aliqua
893 1607 1167 1657 castigacionis
1199 1614 1234 1642 et
1265 1608 1370 1655 apud
1406 1607 1616 1656 sapientem
1651 1607 1788 1643 durius

466 1673 522 1702 est
554 1677 666 1714 quam
690 1665 915 1716 flagellum.
955 1665 1060 1708 Quid
1088 1665 1219 1701 enim?
1251 1665 1294 1700 Si
1324 1665 1414 1701 talis
1437 1665 1568 1713 suerit
1599 1677 1714 1701 causa
1748 1672 1788 1700 ut

468 1736 540 1760 non
581 1723 708 1759 verbis
745 1724 814 1760 sed
852 1723 1012 1759 verbere
1039 1723 1276 1771 proseratur
1316 1723 1496 1760 vindicta.
1543 1723 1645 1759 Ecce
1688 1723 1786 1760 enim
1803 1725 1843 1758 25

468 1789 502 1817 et
533 1781 743 1830 Apostolus
777 1781 890 1817 dixit.
922 1781 1067 1817 Fatue:
1107 1781 1140 1816 O
1171 1781 1355 1817 insensati
1391 1780 1570 1824 Calathe,
1603 1781 1687 1829 quis
1720 1793 1788 1818 vos

457 1839 706 1889 fascinavit?
738 1839 816 1875 Sed
838 1851 910 1874 non
928 1839 1118 1887 peccavit,
1142 1839 1229 1887 quia
1254 1839 1353 1875 iusta
1372 1838 1459 1887 fuit
1481 1851 1596 1875 causa
1620 1839 1784 1875 dicendi.

468 1898 562 1933 Item
595 1897 647 1932 ad
669 1896 879 1945 discipulos
902 1897 937 1933 in
962 1897 1022 1933 via
1052 1897 1250 1933 Christus:
1287 1896 1320 1933 O
1341 1896 1450 1933 stulti
1470 1904 1505 1933 et
1527 1897 1634 1933 tardi
1655 1898 1785 1934 corde.

470 1956 554 1991 Hec
588 1954 872 1991 Crisostomus.

528 2014 603 2049 Iste
636 2022 798 2049 sanctus
822 2012 915 2049 licet
938 2012 1045 2049 dicat
1068 2012 1192 2049 alium
1216 2024 1377 2049 sensum
1403 2013 1544 2049 horum
1570 2014 1783 2050 verborum
1803 2016 1845 2048 30

470 2070 587 2106 huius
627 2070 833 2119 evangelii,
874 2083 957 2107 non
995 2080 1132 2107 tamen
1170 2079 1214 2107 ut
1247 2083 1338 2107 reor
1371 2070 1620 2107 contrarium
1653 2073 1787 2119 Augu-

470 2127 591 2165 stino.
628 2125 630 2180 Ι
1827 2131 1908 2163 368⁶

894 2241 1033 2282 CAP.
1067 2241 1358 2281 XXXVIII.

529 2347 720 2396 Sequitur
752 2347 793 2384 in
825 2356 932 2384 textu
956 2348 1168 2397 evangelii:
1201 2349 1245 2384 Si
1265 2361 1361 2400 ergo
1385 2350 1500 2398 offers
1522 2362 1659 2386 munus
1680 2357 1785 2386 tuum

470 2406 522 2441 ad
552 2406 678 2442 altare
709 2413 744 2442 et
776 2406 829 2442 ibi
859 2408 1088 2443 recordatus
1111 2407 1245 2456 fueris
1277 2407 1364 2455 quia
1387 2408 1527 2456 frater
1558 2415 1643 2444 tuus
1674 2408 1786 2444 lzabet
1802 2421 1842 2454 35

470 2463 618 2512 aliquid
649 2464 838 2500 aduersus
869 2472 917 2512 te,
951 2465 1123 2514 relinque
1154 2464 1206 2501 ibi
1237 2478 1374 2502 munus
1405 2472 1511 2502 tuum
1544 2473 1630 2502 ante
1661 2466 1787 2502 altare

540 2651 564 2684 .²·
587 2645 630 2672 A:
652 2645 731 2682 enim
746 2644 841 2672 deest.
916 2646 943 2672 6.
959 2646 1004 2672 A:
1025 2646 1178 2684 agendus.
1253 2652 1293 2672 ιο.
1308 2645 1354 2672 A:
1371 2653 1427 2672 nos
1441 2645 1534 2685 deest,
1610 2653 1650 2678 ¹4-
1672 2645 1717 2672 A:
1734 2645 1786 2683 mi-

469 2682 706 2741 Ξίὶίνέιιέῃανειο.
729 2680 773 2707 A:
796 2680 895 2707 locum
915 2680 1002 2707 dare.
1076 2687 1118 2707 22.
1140 2681 1183 2707 A:
1204 2680 1392 2707 verberibus.
1465 2680 1505 2707 25.
1522 2680 1560 2707 B:
1581 2680 1623 2707 ad
1637 2684 1785 2707 correxlt:

541 2806 570 2837 7.
600 2797 699 2827 Prov.
727 2797 827 2836 XXX7
861 2808 890 2838 7,
925 2798 955 2828 8.
1105 2808 1153 2828 ιῐ.
1186 2798 1270 2828 Dan.
1298 2798 1338 2828 V.
1485 2797 1537 2829 26.
1565 2798 1639 2829 Gal.
1669 2798 1720 2837 ΙΙΙ,
1759 2808 1784 2828 1.

474 2841 525 2872 28.
555 2843 636 2873 Luc.
663 2843 782 2882 XXIV,
811 2844 863 2874 25.
962 2845 1014 2884 34.
1041 2844 1160 2875 Matth„
1190 2845 1227 2883 V,
1257 2846 1309 2883 23,
1339 2853 1390 2884 24.
