2003 3322
169 229 246 265 336
864 238 981 269 opos
1007 238 1341 269 EVANGELICUM
1535 226 1641 280 [mv.
1664 236 1759 264 xxv.

451 344 543 393 quid
581 344 760 392 pateris?
808 344 991 394 Langues
1035 352 1070 380 et
1107 353 1231 380 tamen
1271 358 1426 381 causam
1466 346 1521 380 tui
1559 346 1762 395 languoris

452 402 626 451 ignoras.
669 400 742 447 Vis,
776 403 973 438 ostendam
1007 403 1074 437 tibi
1104 415 1258 438 causam
1289 410 1329 438 ut
1350 404 1386 438 in
1410 404 1514 439 omni
1541 404 1763 440 necessitate

454 472 644 507 nunquam
664 460 872 508 desperes?
893 461 974 495 Fac
997 461 1088 496 bene
1112 468 1146 496 et
1170 473 1335 509 operare
1357 461 1558 508 iusticiam,
1594 468 1632 497 ut
1654 473 1758 510 spem

454 518 595 553 habeas
637 518 742 566 apud
782 518 907 553 Deum
947 526 981 553 et
1019 531 1091 553 non
1138 519 1360 567 desperabis
1404 519 1439 554 in
1484 526 1604 557 terra.
1649 519 1759 555 Bona

453 575 550 611 enim
596 587 713 624 opera
758 583 845 611 sunt
886 589 958 624 que
1008 588 1171 624 sperare
1212 577 1370 624 faciunt
1414 584 1448 612 et
1492 577 1593 612 mala
1641 573 1793 626 opera5

453 635 663 682 desperare
685 634 929 682 compellunt.
955 634 1170 682 Propterea
1193 647 1265 670 non
1291 635 1379 670 dicit
1397 635 1613 683 propheta:
1635 635 1758 683 Spera

452 691 487 726 in
543 691 710 727 Domino
756 699 790 727 et
834 692 1001 727 inlzabita
1042 699 1190 727 terram
1237 700 1272 728 et
1316 692 1492 741 pasceris
1533 693 1569 727 in
1614 692 1761 728 diviciis

453 749 544 795 eius,
583 749 651 784 sed
681 761 796 798 spera
835 750 870 784 in
904 750 1072 786 Domino
1105 757 1140 785 et
1162 750 1237 798 fac
1276 750 1479 786 bonitatem
1519 757 1554 786 et
1591 750 1759 786 inhabita

452 814 599 843 terram
633 814 702 842 etc.

164 872 222 899 We
243 877 343 898 arcto
367 880 437 898 earn
512 865 571 900 Ne
601 865 758 900 solliciti
792 865 874 901 sitis
912 866 1004 914 quid
1036 866 1285 903 manducetis.
1334 866 1420 901 Non
1466 865 1585 901 dixit:
1631 865 1816 901 Nolite10

175 907 428 976 ljfss¹(¹)'ull³3¹*⁶1{¹gt[{3{f
456 922 638 958 laborare
659 924 727 958 sed
749 923 864 959 nolite
884 924 1040 959 solliciti
1064 936 1157 969 esse,
1180 935 1277 973 ergo
1299 923 1454 959 solliciti
1472 935 1553 959 esse
1572 930 1759 970 vetamur,

189 977 318 1004 anxious
338 971 419 1003 0³²¹ss
455 981 523 1015 sed
554 981 736 1016 laborare
768 981 952 1017 iubemur.
999 982 1062 1017 Sic
1103 981 1198 1017 enim
1233 989 1267 1017 et
1298 981 1490 1017 Dominus
1522 982 1678 1030 loquens
1709 982 1761 1016 ad

453 1038 577 1073 Adam
612 1051 684 1074 non
719 1039 837 1074 dixit:
874 1039 968 1074 Cum
1002 1039 1407 1087 sollicitudinesacias
1429 1039 1662 1088 tibipanem,
1693 1040 1761 1075 sed

452 1108 536 1131 cum
569 1097 713 1132 sudore
744 1104 779 1132 et
811 1097 944 1132 labore
957 1098 1084 1145 faciei
1103 1104 1175 1141 tue.
1211 1097 1324 1147 Ergo
1348 1109 1420 1132 non
1443 1097 1761 1133 sollicitudinibus

450 1153 716 1202 spiritualibus
752 1156 821 1190 sed
859 1155 1054 1191 laboribus
1092 1156 1361 1204 corporalibus
1399 1155 1660 1203 adquirendus
1706 1151 1814 1191 est15

446 1211 571 1260 panis.
607 1212 714 1248 Sicut
745 1213 843 1248 enim
878 1213 1142 1250 laborantibus
1168 1225 1244 1262 pro
1264 1213 1416 1262 premio
1449 1213 1654 1263 diligencie
1675 1213 1759 1249 Deo

446 1276 647 1318 prestante
674 1271 789 1319 panis
821 1271 1016 1306 habundat
1040 1272 1093 1307 sic
1117 1271 1393 1307 dormientibus
1416 1278 1451 1306 et
1474 1271 1759 1321 negligentibus

448 1339 525 1376 pro
554 1340 653 1376 pena
687 1329 929 1378 negligencie
960 1329 1044 1365 Deo
1065 1329 1241 1378 faciente
1271 1329 1508 1365 subducitur.

183 1393 251 1420 (1001
274 1394 343 1420 who
365 1394 419 1432 has
513 1386 649 1421 Nonne
680 1387 806 1422 anima
835 1388 927 1435 plus
959 1395 1014 1423 est
1045 1400 1157 1436 quam
1181 1399 1267 1423 esca
1300 1394 1334 1422 et
1366 1399 1506 1435 corpus
1523 1388 1614 1436 plus
1646 1399 1758 1434 quam

170 1428 297 1498 1ζὶζῇᾙῖ
312 1429 433 1490 1113933,
456 1443 751 1479 vestimentum?
787 1445 1000 1494 Confirmat
1033 1457 1137 1494 spem
1171 1452 1343 1481 nostram
1372 1445 1545 1493 primum
1569 1458 1591 1481 a
1614 1444 1760 1480 maiore
1775 1457 1817 1478 20

454 1502 506 1536 ad
533 1502 656 1538 minus
680 1503 922 1546 descendens,
949 1504 1085 1539 deinde
1107 1516 1128 1538 a
1152 1503 1299 1539 minore
1319 1504 1370 1538 ad
1393 1503 1516 1538 maius
1538 1503 1758 1539 ascendens.

460 1560 662 1603 Quomodo
694 1561 728 1596 si
758 1561 926 1596 anima-m
961 1561 1076 1606 dedit,
1110 1573 1233 1597 escam
1268 1573 1339 1597 non
1374 1561 1509 1596 dabit?
1547 1561 1590 1596 Si
1620 1573 1760 1609 corpus

447 1617 663 1665 plasmavit
708 1619 973 1654 vestimentum
1024 1632 1097 1655 non
1143 1618 1396 1668 providebit?
1446 1618 1534 1654 Nisi
1579 1619 1760 1654 voluisset

450 1687 530 1711 esse
552 1677 654 1724 quod
686 1684 742 1712 est
774 1689 846 1712 non
879 1684 1052 1722 crearet;
1082 1677 1184 1725 quod
1215 1684 1341 1712 autem
1374 1677 1428 1712 sic
1461 1677 1606 1712 creavit
1628 1684 1668 1712 ut
1685 1688 1760 1725 per

449 1745 573 1769 escam
596 1742 787 1780 servetur,
821 1747 971 1771 necesse
1003 1743 1059 1770 est
1091 1742 1129 1769 ut
1162 1736 1225 1771 det
1257 1735 1290 1769 ei
1321 1746 1444 1770 escam
1468 1734 1650 1782 quamdiu
1680 1735 1814 1769 vult25

448 1803 530 1827 esse
567 1793 668 1840 quod
697 1793 810 1840 fecit.
864 1793 966 1836 Quid
1004 1801 1058 1828 est
1095 1805 1115 1827 a
1156 1793 1304 1828 minore
1341 1793 1392 1827 aa'
1424 1792 1580 1828 maius?
1630 1792 1759 1828 Videte

451 1849 621 1885 volatilia
669 1850 750 1896 celi,
797 1863 869 1886 non
913 1851 1101 1886 seminant
1128 1847 1132 1903 ἱ
1163 1862 1280 1898 neque
1329 1857 1484 1885 metunt.
1540 1851 1582 1885 Si
1624 1850 1757 1886 avibus
1798 1853 1878 1895 390a

444 1915 597 1955 prestat
628 1908 866 1957 alimentum,
901 1909 1115 1944 hominibus
1148 1920 1218 1944 non
1246 1907 1468 1957 prestabit?
1512 1908 1555 1943 Si
1591 1908 1650 1943 illi
1685 1920 1757 1943 non

449 1965 670 2001 laborantes
701 1966 894 2002 inveniunt
927 1978 1045 2012 escas,
1084 1968 1197 2002 lzomo
1236 1978 1308 2001 non
1347 1965 1521 2009 inveniet,
1561 1966 1622 2002 cui
1651 1966 1758 2001 Deus

449 2024 553 2058 dedit
582 2031 616 2059 et
637 2024 827 2072 operandi
848 2025 1079 2073 sapienciam
1105 2032 1140 2059 et
1153 2023 1429 2073 fructificandi
1447 2024 1583 2072 spem?
1621 2023 1757 2060 Omnia
1775 2026 1815 2058 '30

447 2081 543 2117 enim
574 2082 756 2117 animalia
780 2083 886 2118 Deus
904 2090 1071 2131 propter
1092 2082 1262 2118 homines
1273 2082 1387 2129 fecit,
1421 2081 1607 2117 hominem
1631 2089 1756 2117 autem

442 2147 610 2187 propter
640 2152 679 2174 se
711 2140 846 2175 solum.
894 2141 937 2175 Si
973 2153 1069 2190 ergo
1108 2140 1337 2175 animalibus
1370 2139 1563 2175 ministrat
1591 2146 1758 2188 propter

448 2197 652 2243 hominem,
677 2198 822 2233 homini
843 2210 914 2233 non
939 2198 1171 2234 ministrabit
1188 2205 1356 2246 propter
1377 2210 1416 2233 se
1436 2197 1592 2245 ipsum?
1620 2197 1756 2233 Omnia

447 2256 554 2290 Deus
586 2256 621 2290 in
654 2256 845 2304 sapiencia
871 2257 984 2304 fecit,
1019 2256 1208 2292 bominem
1242 2263 1367 2291 autem
1391 2255 1514 2291 solum
1539 2267 1610 2290 non
1633 2255 1755 2291 solum

447 2313 481 2348 in
505 2313 695 2361 sapiencia
718 2315 786 2349 sed
808 2314 926 2349 eciam
949 2315 1156 2349 secundum
1180 2313 1411 2362 sapienciam
1440 2324 1562 2348 suam.
1604 2313 1755 2356 Quanto
1773 2314 1812 2347 35

447 2384 544 2420 ergo
578 2371 798 2419 preciosior
835 2372 1000 2407 hominis
1032 2372 1182 2408 creacio
1220 2383 1332 2419 quam
1374 2371 1612 2417 animalium,
1650 2377 1755 2406 tanto

448 2429 574 2464 maior
604 2429 823 2465 sollicitudo
861 2430 934 2464 Dei
965 2431 1010 2464 de
1042 2430 1256 2465 hominibus
1289 2441 1399 2477 quam
1436 2429 1482 2463 de
1513 2427 1754 2463 animalibus.

453 2486 590 2522 Omnia
624 2487 805 2523 animalia
839 2487 946 2523 Deus
969 2488 1084 2535 fecit,
1130 2495 1170 2523 ut
1210 2495 1286 2522 tam
1328 2487 1390 2521 diu
1428 2487 1503 2522 sint
1541 2498 1652 2533 qnam
1692 2485 1755 2520 diu

446 2552 546 2592 sunt,
580 2557 664 2581 cum
700 2557 791 2582 vero
825 2553 977 2580 mortua
1010 2545 1128 2581 eciam
1153 2545 1310 2593 suerint
1331 2544 1436 2594 fiant
1469 2551 1662 2591 tamquam
1686 2555 1757 2592 que

447 2615 519 2637 non
550 2604 731 2651 fuerunt.
781 2603 986 2639 Hominem
1026 2611 1151 2639 autem
1183 2602 1284 2650 fecit
1321 2609 1360 2637 ut
1398 2614 1471 2637 non
1509 2601 1632 2637 solum
1671 2607 1814 2638 ante40

519 2804 536 2822 1.
561 2797 596 2822 12:
619 2798 721 2822 lamen
743 2795 836 2822 deest.
911 2803 935 2821 2.
958 2796 1002 2821 A:
1025 2794 1165 2821 ostendo.
1249 2793 1262 2821 14
1296 2794 1319 2819 Λ
1344 2793 1371 2819 in
1396 2800 1507 2826 marg:
1532 2792 1610 2819 Nola
1632 2799 1755 2818 causam

447 2830 686 2864 „awycam-imis&
772 2838 789 2862 ι.
813 2831 855 2856 A:
879 2833 906 2856 cl
927 2837 1092 2864 nimquam.
1167 2838 1211 2863 ²¹)-
1235 2830 1278 2855 A:
1302 2828 1383 2854 Dens
1404 2827 1501 2854 lwicc.
1581 2826 1623 2853 252.
1646 2828 1687 2853 A:
1710 2835 1755 2852 so-

446 2867 504 2891 lum
527 2866 619 2892 dcc-sl.
693 2864 740 2899 31).
763 2866 798 2892 15:
822 2873 878 2900 que
899 2865 994 2891 dcc-sl.
