2003 3322
192 203 243 250 96
902 212 1020 245 opus
1046 211 1383 244 EVANGELICUM
1527 198 1633 253 [CAP.
1654 206 1792 236 xxvm.

481 321 661 357 Christus
695 329 830 357 autem
864 319 993 356 noluit
1025 321 1119 356 dare
1159 320 1279 355 talem
1320 327 1559 367 potestatem
1593 319 1791 364 Scarioffi,

479 378 555 414 nisi
578 377 688 426 prius
722 377 877 414 dederit
910 377 984 413 sibi
1017 377 1208 425 graciam,
1244 389 1369 425 quare
1392 389 1486 424 ergo
1509 377 1623 413 daret
1646 376 1793 413 nostris

480 435 739 484 pontificibus
772 436 862 483 plus
895 434 1062 483 ingratis
1096 444 1335 483 potestatem
1369 434 1600 471 huiusmodi
1634 435 1793 482 qualem

481 494 662 541 fingunt?

217 555 283 582 The
304 554 440 599 priestly*
539 554 692 597 Quarto
717 550 875 587 videtur
908 563 951 586 ex
985 552 1124 587 eadem
1158 550 1369 587 benedicta
1402 544 1570 586 historia
1593 551 1703 598 quod
1735 549 1827 585 in-5

201 590 457 652 migssiigiigriis
480 609 640 645 finitum
688 609 830 645 melius
874 617 932 644 est
976 609 1123 645 habere
1175 617 1414 656 potestatem
1468 608 1510 644 in
1562 607 1795 644 sacerdocio

188 658 463 729 thffiloffil‘ffgffgy.
478 666 742 715 spiritualiter
774 676 811 703 et
842 666 1189 703 sacramentaliter
1213 666 1468 702 ministrandi
1499 679 1620 714 quam
1650 666 1796 702 habere

478 734 719 774 potestatem
753 724 1012 762 ministrandi
1045 733 1404 773 quantamcunque
1435 723 1665 772 pecuniam,
1700 723 1796 772 quia

478 785 617 820 Petrus
650 783 902 831 reprobative
934 781 1031 819 dixit
1061 782 1236 819 Simoni:
1270 783 1426 818 Donum
1456 782 1533 818 Dei
1564 781 1799 818 existimasti

473 842 637 891 pecunia
664 841 874 890 possideri,
907 841 1017 889 quod
1043 853 1123 877 non
1145 841 1248 877 foret
1270 853 1420 886 verum,
1445 839 1521 876 nisi
1544 840 1620 876 hoc
1643 840 1795 875 donum
1815 850 1854 871 10

478 899 550 936 Dei
589 900 691 936 foret
729 899 871 935 melius
904 911 1026 947 quam
1065 898 1203 946 quevis
1241 897 1427 946 pecunia.
1482 899 1621 934 Petrus
1660 905 1795 933 autem

478 957 608 994 innuit
640 958 748 1006 quod
781 970 863 994 non
895 965 1026 1004 potest
1060 969 1143 993 esse
1175 955 1449 1005 equivalencia
1487 955 1527 991 in
1559 955 1634 991 hiis
1667 954 1795 991 bonis.

212 1018 279 1079 Th}
298 1017 443 1057 grace-of
538 1018 585 1052 Et
618 1028 662 1052 ex
693 1014 769 1052 isto
802 1015 938 1051 fideles
971 1015 1075 1051 ultra
1099 1014 1239 1063 quinto
1272 1013 1436 1050 eliciunt
1460 1014 1569 1062 quod
1591 1012 1795 1049 infinitum

190 1056 467 1126 igzeheesggrrisstffetist
482 1074 624 1110 melius
658 1082 716 1110 est
748 1074 896 1110 habere
927 1072 1105 1121 graciam
1137 1071 1500 1121 predestinacionis
1532 1071 1593 1107 vel
1631 1071 1796 1119 aliquod

294 1123 359 1157 gff‘·
483 1133 633 1168 donum
672 1133 780 1180 quod
824 1131 952 1179 ipsam
992 1131 1123 1167 innuit
1162 1143 1284 1179 quam
1323 1131 1470 1166 habere
1515 1128 1692 1177 graciam
1736 1128 1853 1165 vel¹5

482 1191 588 1226 dona
620 1189 692 1226 Dei
731 1190 810 1226 alta
848 1190 909 1226 vel
941 1197 1181 1237 potestatem
1215 1188 1393 1236 aliquam
1433 1188 1718 1235 temporalem3
1759 1194 1797 1222 et

482 1247 576 1284 hinc
614 1247 788 1295 pertinet
827 1247 910 1295 regi
948 1247 1012 1283 isti
1052 1246 1267 1294 magnifico
1307 1247 1403 1282 dare
1441 1253 1685 1294 potestatem
1726 1245 1797 1280 ho-

483 1305 671 1352 minibus,
706 1314 748 1342 ut
781 1305 860 1342 sint
892 1305 951 1341 sui
984 1304 1069 1351 filii,
1103 1314 1146 1341 ut
1179 1303 1324 1341 dicitur
1357 1305 1444 1340 Joh.
1479 1305 1505 1350 Ι,
1546 1313 1606 1339 12.
1661 1304 1710 1338 Et
1742 1301 1798 1338 sic

482 1363 651 1412 intelligi
685 1372 815 1411 potest
849 1363 999 1399 dictum
1035 1362 1182 1399 Christi
1216 1363 1321 1398 Luce
1352 1363 1398 1408 X,
1441 1374 1505 1398 10:
1540 1361 1671 1397 Nolite
1697 1373 1797 1411 gau-

483 1423 575 1458 dere
606 1423 642 1457 in
675 1422 758 1468 hoc,
791 1422 877 1470 quia
909 1421 1070 1470 spiritus
1102 1421 1207 1457 vobis
1237 1420 1492 1466 subiciuntur,
1529 1420 1599 1455 sed
1629 1418 1799 1469 gaudete
1815 1426 1857 1448 20

481 1480 567 1528 quia
600 1480 752 1516 nomina
787 1487 916 1516 vestra
948 1479 1094 1528 scripta
1127 1485 1215 1515 sunt
1246 1478 1282 1514 in
1316 1478 1419 1517 celis,
1452 1479 1555 1514 Nam
1590 1478 1638 1513 de
1672 1475 1798 1524 magis

482 1540 589 1574 bono
623 1539 769 1574 debent
802 1537 984 1574 homines
1013 1537 1103 1585 plus
1126 1537 1300 1587 gaudere
1334 1537 1402 1572 sed
1434 1534 1637 1571 infinitum
1672 1533 1799 1581 magis

482 1598 634 1633 bonurn
668 1605 726 1632 est
758 1595 814 1632 sic
837 1594 957 1632 scribi
981 1594 1022 1631 in
1046 1594 1139 1631 celis
1162 1595 1383 1631 secundum
1406 1592 1798 1641 predestinacionem

482 1667 602 1703 quam
638 1655 785 1691 habere
818 1654 1011 1690 demones
1038 1653 1094 1689 sic
1117 1652 1332 1689 subiectos,
1366 1653 1458 1687 Ideo
1482 1652 1529 1687 de
1552 1652 1628 1687 hoc
1652 1652 1799 1686 debent

482 1712 654 1760 amplius
699 1713 964 1760 congaudere.
1011 1712 1133 1747 Judas
1179 1709 1287 1746 enim
1327 1709 1513 1746 Scarioth
1561 1708 1701 1745 habuit
1747 1705 1855 1744 ad25

482 1779 641 1819 tempus
664 1778 906 1818 potestatem
930 1768 1152 1806 subiciendi
1175 1768 1249 1804 sibi
1273 1768 1479 1814 demones,
1504 1776 1641 1803 tamen
1665 1765 1799 1802 deficit

483 1828 558 1865 sibi
591 1828 667 1865 ista
698 1827 913 1876 inscripcio
947 1827 1050 1863 libro
1082 1826 1173 1863 vite.

542 1888 590 1923 Et
622 1886 698 1922 ista
721 1887 866 1934 duplex
897 1884 1102 1922 sentencia
1126 1886 1174 1921 de
1191 1884 1328 1921 valore
1352 1883 1563 1932 potestatis
1587 1882 1797 1919 hominum

484 1944 724 1981 clarificaret
776 1955 932 1980 errores
984 1942 1181 1991 plurimos
1232 1942 1494 1990 prelatorum,
1553 1940 1648 1989 quia
1706 1949 1800 1976 tunc

484 2002 637 2039 avidius
669 2003 844 2039 zelarent
882 2014 955 2050 pro
996 2001 1137 2037 mediis
1170 2000 1407 2036 ducentibus
1439 2001 1490 2036 ad
1522 1999 1640 2036 istam
1673 1997 1801 2047 preci·
1817 1995 1859 2028 30

483 2073 605 2109 puam
650 2069 892 2108 potestatem
945 2067 982 2095 et
1033 2059 1371 2107 parvipenderent
1409 2066 1650 2106 potestatem
1702 2065 1801 2092 tem-

484 2119 665 2167 poralem
696 2127 732 2155 et
764 2119 883 2166 longe
906 2117 1134 2154 evidencius
1158 2125 1398 2165 potestatem
1424 2115 1680 2152 fantasticam
1704 2114 1801 2151 false

486 2176 635 2215 fictam.

942 2277 1080 2319 CAP.
1111 2276 1350 2317 XXVIII.

209 2384 317 2410 Power
337 2390 407 2418 may
428 2382 463 2409 be
547 2375 683 2410 Restat
717 2374 838 2410 modo
871 2386 952 2422 quo
984 2372 1207 2409 sufficimus
1239 2371 1547 2420 superficialiter
1585 2369 1801 2406 dicendum
1818 2375 1857 2410 35

244 2422 432 2480 1nccrreeg1ttgdor
490 2432 642 2480 aliquid
676 2433 724 2468 de
756 2431 987 2468 huiusmodi
1011 2439 1223 2479 potestate.
1258 2432 1437 2467 Potestas
1461 2429 1623 2478 quidem
1657 2429 1698 2465 in
1731 2439 1803 2463 sua

489 2490 675 2538 analogia
706 2498 868 2538 sumpta
892 2490 1065 2538 quedam
1094 2497 1151 2525 est
1172 2488 1351 2525 increata
1385 2497 1422 2524 et
1454 2488 1533 2525 alia
1566 2494 1623 2524 est
1656 2493 1801 2524 creata.

557 2659 581 2687 5.
602 2660 630 2686 A
650 2659 680 2686 in
708 2667 821 2694 marg.:
850 2665 883 2693 4.
969 2656 1007 2686 13.
1037 2658 1065 2685 A
1094 2657 1124 2685 in
1156 2665 1269 2692 marg-z
1299 2658 1330 2684 5.
1404 2656 1504 2691 15,16.
1532 2656 1570 2684 B:
1602 2656 1651 2683 vel
1678 2655 1801 2683 donum.

490 2702 528 2732 ¹7,-
550 2694 696 2733 Aquzinc
721 2694 816 2721 deest.
923 2700 968 2732 Ji).
990 2693 1073 2732 A'in
1103 2700 1216 2727 marg:
1245 2692 1291 2731 6.⁸
1381 2698 1422 2727 27.
1449 2692 1493 2717 A:
1525 2691 1695 2726 descrtpcio
1720 2691 1800 2718 libri.

489 2728 533 2756 31).
555 2730 583 2756 A
603 2737 634 2755 111
655 2736 769 2764 marg:
790 2728 873 2756 Nota
893 2728 1126 2755 dtstincc'tonem
1140 2729 1314 2762 pote-statas.

557 2834 588 2866 9.
615 2824 689 2854 Act.
716 2823 802 2862 VIII,
831 2833 884 2854 20.
