2003 3322
155 230 228 265 182

841 236 959 268 OPUS
984 235 1321 268 EVANGELICUM
1591 225 1697 278 [CAP.
1720 233 1751 260 L.

438 344 591 379 Reddes
623 350 749 378 autem
774 343 942 378 Domino
966 343 1232 379 iusiurandum
1258 351 1377 390 tuum,
1411 356 1483 380 non
1506 356 1546 379 se
1566 344 1754 392 putabant

438 401 606 438 Domino
640 401 777 436 debere
809 401 1091 447 iusiurandmn,
1135 401 1169 437 si
1207 413 1282 450 per
1328 401 1448 437 celum
1494 408 1559 437 aut
1603 408 1751 438 terram

438 467 503 495 aut
529 471 605 508 per
634 459 925 508 „lerosolymam
959 466 1025 494 aut
1041 471 1115 508 per
1147 466 1261 508 caput
1291 472 1401 495 suum
1430 459 1623 495 iurarent:
1654 460 1754 508 quod

439 530 511 553 non
546 517 640 553 vicio
658 516 907 566 precipientis
940 518 1007 553 sed
1040 517 1116 552 illis
1148 518 1249 553 male
1281 517 1582 567 intelligentibus
1595 518 1752 565 factum

438 583 505 611 est.
541 575 673 623 Itaque
703 574 895 610 Dominus
928 575 1037 611 docet
1059 575 1175 610 nichil
1197 587 1277 611 esse
1308 582 1385 610 tam
1411 575 1484 611 vile
1505 575 1540 610 in
1564 575 1785 612 creaturis5

440 633 526 679 Dei,
561 640 600 668 ut
626 645 701 682 per
733 633 803 668 hoc
835 632 992 681 quisque
1022 633 1303 682 pei-iurandum
1337 633 1571 669 arbitretur:
1602 634 1753 682 quando

439 704 460 727 a
505 691 665 727 summis
720 702 837 738 usque
893 691 945 726 ad
1000 691 1075 727 ima
1129 691 1257 726 divina
1316 691 1570 740 providencia
1622 692 1754 727 creata

441 756 687 799 regerentur,
734 749 916 797 incipiens
959 762 980 783 a
1025 749 1165 784 throno
1198 749 1275 785 Dei
1316 761 1432 797 usque
1478 750 1529 785 ad
1572 749 1753 798 capillum

440 808 569 843 album
593 814 659 843 aut
681 807 851 858 nigrum.
890 807 1021 855 Neque
1038 819 1114 856 per
1136 806 1272 854 celum,
1306 806 1449 855 inquit,
1484 808 1569 856 quia
1593 808 1756 843 thronus

440 865 518 901 Dei
541 872 608 911 est,
634 877 750 913 neque
766 877 843 914 per
874 871 1036 911 terram,
1068 865 1154 913 quia
1186 865 1395 902 scabellum
1415 867 1557 914 pedum
1586 865 1665 902 eius
1687 872 1754 912 est,
1776 879 1813 899 10

441 923 480 958 id
512 930 578 970 est,
612 935 696 959 cum
730 923 836 958 iuras
855 935 930 972 per
962 923 1083 959 celum
1111 930 1177 958 aut
1200 930 1360 969 terram,
1394 935 1466 959 non
1494 930 1529 959 te
1551 924 1757 960 arbitreris

442 993 513 1017 non
556 982 695 1017 debere
734 981 902 1017 Domino
942 981 1209 1017 iusiurandum
1256 988 1376 1025 tuum,
1427 982 1512 1029 quia
1552 993 1628 1030 per
1670 994 1754 1018 eum

443 1039 576 1075 iurare
608 1039 858 1085 convinceris,
893 1039 999 1075 cuius
1031 1040 1152 1076 celum
1187 1040 1348 1075 thronus
1380 1046 1435 1075 est
1468 1047 1502 1075 et
1534 1039 1640 1076 cuius
1672 1052 1755 1076 sca-

441 1097 582 1133 bellum
622 1105 729 1133 terra
767 1104 835 1132 est.
882 1098 1015 1146 Neque
1040 1109 1117 1147 per
1146 1098 1451 1148 Jerosolymam,
1496 1098 1582 1146 quia
1622 1098 1757 1133 civitas

442 1163 497 1191 est
519 1156 655 1206 magni
675 1156 802 1205 regis:
836 1156 971 1191 melius
996 1167 1109 1204 quam
1133 1156 1166 1191 si
1187 1156 1344 1201 diceret,
1379 1168 1485 1200 mea;
1516 1168 1600 1191 cum
1631 1163 1756 1191 tamen
1777 1158 1813 1190 15

442 1214 512 1249 hoc
546 1213 693 1250 dixisse
726 1214 786 1249 hic
819 1213 1076 1264 intelligatur.
1110 1213 1163 1249 Et
1185 1214 1271 1262 quia
1306 1214 1433 1262 utique
1465 1214 1544 1263 ipse
1566 1214 1758 1249 Dominus

442 1279 509 1318 est,
557 1272 726 1307 Domino
771 1272 1040 1323 iusiurandum
1088 1272 1196 1308 debet
1240 1272 1304 1320 qui
1340 1284 1416 1321 per
1464 1272 1756 1322 Jerosolymam

442 1330 557 1367 iurat.
592 1330 725 1378 Neque
742 1342 817 1379 per
849 1337 963 1379 caput
986 1338 1092 1366 tuum
1116 1330 1320 1365 iuraveris.
1362 1330 1465 1374 Quid
1488 1330 1584 1365 enim
1604 1336 1760 1378 poterat

442 1388 598 1436 quisque
621 1388 749 1438 magis
771 1388 822 1423 ad
844 1400 884 1424 se
902 1389 1101 1436 pertinere
1123 1388 1324 1432 arbitrari,
1348 1400 1460 1437 quam
1483 1395 1597 1437 caput
1618 1387 1760 1423 suum?

444 1446 521 1481 Sed
552 1447 744 1494 quomodo
778 1453 952 1482 nostrum
987 1454 1055 1491 est,
1090 1447 1154 1482 ubi
1179 1454 1411 1496 potestatem
1436 1446 1618 1495 faciendi
1649 1445 1759 1481 unius
1775 1458 1817 1479 πο

443 1503 576 1553 capilli
617 1504 696 1540 albi
734 1512 800 1540 aut
838 1505 945 1554 nigri
983 1516 1054 1540 non
1094 1505 1308 1541 habemus?
1358 1504 1473 1554 Ergo
1520 1505 1602 1540 Deo
1652 1503 1760 1539 debet

443 1562 712 1599 iusiurandum
747 1562 993 1611 ineffabiliter
1024 1563 1150 1599 omnia
1184 1563 1325 1599 tenenti
1355 1570 1389 1598 et
1421 1562 1556 1611 ubique
1573 1562 1759 1611 presenti,

444 1621 611 1670 quisquis
643 1620 762 1656 eciam
790 1633 866 1669 per
897 1628 1013 1670 caput
1043 1633 1154 1657 suum
1188 1622 1322 1656 iurare
1355 1620 1530 1656 voluerit.
1577 1620 1629 1655 Et
1672 1625 1760 1655 tunc

444 1679 562 1715 eciam
609 1686 735 1714 cetera
783 1679 1068 1729 intelliguntur,
1113 1691 1183 1728 que
1226 1679 1353 1714 omnia
1399 1678 1525 1727 utique
1570 1678 1646 1713 dici
1688 1690 1760 1713 non

440 1744 635 1786 poterant,
669 1737 766 1772 sicut
789 1737 889 1772 illud
910 1737 1299 1773 commemoravimus
1322 1737 1465 1772 dictum
1488 1737 1534 1772 ab
1558 1736 1762 1785 Apostolot
1779 1739 1818 1771 25

452 1795 632 1839 Quotidie
684 1795 834 1830 morior
878 1807 954 1844 per
1003 1796 1189 1845 gloriam.
1258 1796 1382 1838 Quam
1436 1795 1670 1830 iuracionem
1723 1800 1763 1828 ut

445 1853 614 1889 Domino
659 1865 699 1888 se
743 1853 880 1889 debere
923 1854 1154 1899 ostenderet,
1208 1853 1360 1889 addidit
1404 1865 1517 1901 quam
1569 1852 1681 1888 habet
1727 1851 1763 1886 in

452 1911 607 1947 Christo
638 1911 739 1946 Jesu.

512 1969 809 2018 Verumptamen
824 1977 992 2019 propter
1014 1969 1193 2005 carnales
1216 1969 1313 2015 dico,
1338 1981 1409 2005 non
1434 1976 1585 2018 oportet
1614 1968 1768 2017 opinari

447 2028 549 2076 quod
592 2027 734 2063 dictum
781 2035 835 2063 est
878 2028 1001 2063 celum
1035 2027 1196 2063 thronus
1230 2028 1306 2063 Dei
1342 2034 1376 2062 et
1414 2034 1521 2062 terra
1555 2026 1763 2062 scabellum
1782 2031 1823 2062 30

442 2086 585 2135 pedum
625 2086 705 2121 eius
744 2086 846 2134 quod
881 2086 935 2121 sic
974 2086 1111 2121 habeat
1143 2086 1250 2121 Deus
1289 2086 1477 2121 collocata
1518 2084 1689 2120 membra
1729 2084 1764 2119 in

448 2144 528 2180 celo
561 2151 596 2179 et
627 2144 663 2179 in
696 2151 818 2190 terra,
852 2151 891 2179 ut
925 2156 993 2180 nos
1025 2156 1109 2179 cum
1135 2144 1332 2179 sedemus:
1363 2144 1431 2179 sed
1462 2143 1528 2178 illa
1561 2143 1670 2178 sedes
1692 2142 1769 2177 Dei

444 2201 733 2251 preciosissima
767 2202 949 2237 iudicium
982 2202 1113 2252 signat
1145 2209 1180 2237 et
1203 2201 1379 2250 quoniam
1414 2201 1449 2236 in
1484 2202 1553 2236 hoc
1586 2200 1765 2236 universo

450 2260 585 2295 mundi
615 2272 781 2309 corpore
813 2261 1027 2296 maximam
1060 2259 1223 2309 speciem
1257 2260 1379 2295 celum
1410 2259 1547 2294 habeat
1570 2265 1604 2294 et
1626 2265 1734 2294 terra
1807 2259 1889 2304 373d

450 2318 668 2363 minimam;
700 2326 895 2366 tamquam
924 2318 1153 2367 presencior
1189 2317 1238 2354 sit
1277 2317 1484 2353 excellenti
1508 2316 1823 2365 pulcritudini35

451 2378 507 2412 vis
541 2376 681 2423 divina,
716 2376 871 2412 minima
906 2388 998 2412 vero
1031 2376 1182 2412 ordinet
1214 2376 1248 2411 in
1282 2375 1469 2411 extrenu's
1500 2381 1612 2422 atque
1643 2374 1678 2409 in
1712 2374 1767 2408 in—

438 2434 562 2483 fimis,
586 2435 720 2469 sedere
743 2434 778 2469 in
803 2434 882 2470 celo
908 2434 1047 2470 dicitur
1069 2441 1291 2482 terramque
1314 2433 1478 2468 calcare.
1505 2432 1770 2480 Spiritualiter

451 2499 576 2528 autem
606 2499 759 2528 sanctas
788 2492 937 2528 animas
975 2493 1047 2528 celi
1083 2492 1232 2527 nomine
1253 2491 1449 2541 significat
1481 2497 1514 2525 et
1547 2497 1652 2525 terre
1678 2501 1768 2538 pec-

452 2550 626 2597 catrices,
659 2558 694 2585 et
725 2550 901 2599 quoniam
934 2550 1148 2599 spiritualis
1187 2550 1311 2585 omnia
1345 2549 1500 2595 iudicat,
1534 2548 1613 2597 ipse
1644 2554 1769 2583 autem

523 2710 558 2737 15.
582 2710 620 2736 B:
641 2710 783 2736 sideest.
877 2716 923 2736 20.
945 2709 988 2736 A:
1010 2712 1150 2736 vestrum.
1238 2716 1276 2735 21.
1300 2708 1337 2735 B:
1360 2707 1522 2739 habemus;
1543 2706 1599 2733 sibi
1622 2705 1650 2733 in
1673 2713 1769 2740 marg.

454 2744 495 2772 33.
518 2745 556 2772 B:
578 2745 724 2772 universi.
800 2743 845 2778 34.
862 2744 900 2771 B:
916 2744 1006 2771 habet
1017 2754 1027 2776 ,·
1042 2744 1082 2770 ib.
1098 2744 1165 2770 AB:
1182 2746 1308 2770 terram.
1384 2741 1430 2769 36.
1446 2743 1491 2769 A:
1509 2742 1539 2768 in
1554 2741 1657 2768 before
1672 2743 1772 2767 extre-

453 2780 508 2806 mis
528 2780 628 2814 deest3
651 2780 672 2806 B
694 2779 722 2806 in
741 2788 837 2814 marg.
855 2779 954 2806 addit:
976 2778 1119 2807 extremis
1140 2781 1168 2807 et
1189 2777 1310 2815 infimis.
1384 2776 1430 2811 39.
1446 2778 1490 2804 A:
1507 2776 1600 2803 eciam
1615 2775 1770 2812 quoniam.

524 2853 576 2896 39.
602 2852 625 2883 1.
654 2852 733 2883 Cor.
760 2852 798 2892 11,
831 2851 879 2883 15.
