2003 3322
177 214 209 248 *8
867 219 985 250 OPUs
1011 219 1348 251 EVANGELICUM
1563 207 1668 260 [CAP.
1690 216 1756 244 xv.

447 339 519 362 non
564 326 780 371 miseretur,
825 325 922 360 sicut
967 325 1057 360 dicit
1102 325 1210 361 Eccl.
1245 325 1351 359 XIII.
1387 337 1470 374 cap.
1505 332 1540 360 et
1572 325 1678 371 XIV,
1710 322 1759 360 5.·

452 384 530 433 Qui
559 384 632 419 sibi
662 396 821 432 nequam
856 390 924 428 est,
958 382 1020 418 cui
1049 382 1118 417 alii
1149 383 1269 418 bonus
1301 382 1387 418 est?

504 442 702 484 Similiter,
736 441 799 489 qui
820 441 1039 476 ordinatam
1065 440 1176 475 habet
1201 440 1510 476 misericordiam
1535 440 1571 476 in
1594 440 1759 488 quolibet

447 500 537 543 alio,
570 512 592 534 a
623 512 663 535 se
695 499 823 548 magis
856 499 969 534 vellet
1002 498 1178 533 relevare
1211 498 1395 533 maiorem
1430 498 1508 533 eius
1547 498 1757 544 miseriam,

446 565 480 592 et
512 557 579 592 illa
612 564 667 592 est
699 556 824 591 anime
855 556 1010 591 miseria
1041 555 1281 604 supradicta,
1311 556 1375 604 qui
1405 556 1529 605 igitur
1561 556 1643 591 vult
1669 556 1793 605 plus5

447 615 624 650 relevare
656 614 833 650 miserias
856 614 1083 663 corporales
1105 613 1266 649 alicuius
1288 626 1401 662 quam
1424 614 1549 649 anime
1571 613 1759 659 miserias,

445 673 479 708 si
509 685 572 708 eas
598 680 730 722 posset
762 673 952 714 relevare,
986 684 1117 707 veram
1151 678 1185 707 et
1208 671 1427 707 ordinatam
1453 671 1759 707 misericordiam

448 731 688 766 convincitur
721 742 791 765 non
831 730 983 765 habere.
1036 729 1165 778 Opera
1204 736 1330 764 autem
1370 730 1571 765 exteriora
1611 729 1760 765 miseri-

447 788 579 824 cordie
604 795 645 823 ut
668 800 832 837 pascere
855 787 1082 823 esurientem
1111 794 1178 823 etc.
1214 794 1301 822 tunc
1323 795 1412 822 sunt
1434 799 1523 823 vere
1545 787 1759 833 elemosine,

445 846 589 881 scilicet
621 846 772 894 quando
805 846 850 881 ab
883 845 1061 881 interiori
1093 844 1361 881 misericordia
1389 857 1480 881 vera
1513 853 1547 881 et
1579 845 1760 881 ordinata
1781 857 1819 878 10

441 905 671 953 procedunt.
717 903 843 938 Aliter
874 903 972 939 enim
1007 916 1078 939 non
1115 903 1296 938 dicuntur
1327 903 1532 939 elemosine
1563 903 1637 939 nisi
1665 903 1762 939 sicut

447 962 619 997 cadaver
663 961 827 997 hominis
871 961 1016 997 mortui
1063 961 1205 996 dicitur
1249 961 1373 997 homo.
1427 961 1597 1010 Proprie
1633 968 1760 996 autem

447 1020 648 1055 elemosine
680 1032 752 1055 non
785 1027 884 1063 sunt,
918 1019 989 1055 nisi
1009 1019 1055 1054 ab
1083 1019 1221 1068 affectu
1245 1019 1512 1055 misericordie
1544 1031 1634 1055 vere
1667 1018 1760 1054 vivi-

436 1078 621 1127 ficentur.
674 1078 781 1113 Unde
820 1090 911 1113 vero
951 1077 1100 1113 nomine
1143 1077 1345 1113 elemosine
1390 1077 1634 1113 elemosinam
1689 1089 1760 1113 non

439 1136 544 1184 facit
576 1136 639 1184 qui
669 1135 796 1171 anime
825 1148 892 1171 sue
918 1135 1049 1184 primo
1083 1147 1155 1171 non
1189 1135 1406 1171 miseretur.
1453 1135 1496 1170 Si
1532 1148 1628 1185 ergo
1669 1147 1760 1171 vero
1782 1138 1819 1169 15

447 1194 598 1229 nomine
629 1194 874 1230 elemosinam
898 1193 1016 1241 jacit,
1045 1193 1159 1242 prius
1197 1193 1323 1229 anime
1365 1205 1431 1229 sue
1463 1193 1680 1240 miseretur,
1729 1199 1763 1228 et

447 1252 498 1286 ita
543 1251 615 1301 ipsi
652 1252 779 1287 omnia
817 1251 960 1287 munda
998 1258 1097 1297 sunt,
1139 1251 1235 1286 sicut
1274 1251 1364 1286 dicit
1400 1251 1615 1300 scriptura:
1662 1251 1765 1286 Date

447 1310 692 1345 elemosinam
737 1317 772 1345 et
809 1322 894 1346 ecce
931 1309 1058 1345 omnia
1091 1309 1233 1344 munda
1265 1316 1352 1344 sunt
1386 1309 1501 1345 vobis.
1549 1311 1632 1345 Hec
1673 1308 1764 1344 Lin—

448 1367 675 1404 colniensis.

194 1431 392 1476 Angustine's
507 1425 596 1461 Alia
629 1425 675 1471 (si
700 1427 804 1461 Deus
828 1425 1010 1471 voluerit)
1046 1425 1216 1461 dicenda
1249 1434 1341 1461 sunt
1375 1426 1423 1461 de
1457 1424 1675 1461 elemosina
1701 1425 1762 1461 vel
1781 1437 1822 1458 20

177 1467 424 1535 ,Ῐχῷἶῖξᾎέιὲἓξξὲ
450 1483 639 1531 operibus
688 1483 963 1520 misericordie
1010 1483 1050 1519 in
1095 1484 1271 1519 secundo
1316 1491 1490 1519 tractatu
1534 1496 1652 1531 super
1697 1482 1763 1519 illo

219 1536 376 1562 christian.
451 1541 616 1577 Matthei
648 1543 765 1588 XXV⁷
799 1553 870 1587 40:
922 1541 1038 1590 Quod
1081 1542 1147 1577 uni
1183 1553 1233 1577 ex
1271 1541 1437 1577 minimis
1475 1542 1567 1577 meis
1593 1541 1763 1589 fecistis,

449 1600 741 1648 mielzifecistis.
768 1601 845 1635 Sed
870 1599 934 1635 hic
954 1599 1110 1635 videtur
1132 1599 1334 1647 pertinens
1357 1599 1533 1635 inserere
1552 1599 1763 1646 Augustini

450 1657 697 1694 sentenciam
744 1666 1076 1706 consequentem:
1127 1658 1332 1705 Septimus,
1377 1657 1521 1705 inquit,
1573 1657 1764 1693 abusionis

448 1716 601 1765 gradus
617 1723 671 1751 est
690 1716 923 1751 christianus
944 1715 1218 1760 contenciosus‚
1240 1715 1304 1763 qui
1324 1727 1407 1750 cum
1419 1715 1762 1764 participacionem
1782 1717 1820 1748 25

450 1774 613 1810 nominis
651 1774 798 1809 Christi
823 1774 1044 1823 perfidem
1078 1781 1112 1808 et
1146 1773 1376 1821 baptismum
1415 1773 1589 1822 suscipit,
1629 1781 1762 1809 contra

456 1831 604 1867 Christi
636 1832 736 1867 dicta
776 1839 810 1867 et
844 1832 1087 1881 propositum
1128 1831 1262 1866 mundi
1299 1831 1446 1867 caduca
1487 1831 1763 1867 delectamenta

451 1890 591 1939 diligit.
632 1889 753 1925 Omne
776 1890 872 1925 enim
898 1890 999 1938 quod
1022 1889 1266 1925 contenditur
1288 1896 1353 1924 aut
1371 1897 1539 1938 propter
1556 1890 1762 1938 propriam

449 1948 529 1983 eius
562 1948 619 1982 rei
650 1948 893 1984 dileccionem
934 1948 980 1983 de
1011 1960 1085 1995 qua
1117 1947 1264 1997 agitur,
1298 1955 1363 1982 aut
1399 1954 1566 1996 propter
1603 1947 1764 1982 alterius

449 2018 621 2041 amorem
662 2018 732 2053 que
774 2006 842 2042 sub
886 2006 1018 2041 odiosa
1062 2005 1186 2054 specie
1231 2006 1335 2052 latet,
1382 2005 1590 2054 appetitur,
1634 2017 1762 2053 quem-
1781 2018 1822 2040 ,πο

450 2064 657 2099 admodum
699 2064 807 2099 verbi
835 2064 975 2113 gracia
1008 2064 1163 2109 bellum,
1211 2064 1382 2099 animoso
1415 2063 1762 2113 compugnancium

451 2122 627 2171 conflictu
661 2134 745 2157 cum
780 2122 912 2157 odiosa
948 2134 1009 2157 res
1041 2122 1102 2167 sit,
1133 2129 1300 2170 propter
1331 2133 1504 2157 amorem
1539 2121 1698 2157 victorie
1729 2128 1764 2156 et

451 2179 638 2214 libertatis
678 2180 911 2229 peragitm·,·
960 2187 994 2215 et
1047 2180 1165 2215 multe
1207 2180 1282 2215 alie
1327 2179 1463 2215 dilecte
1505 2179 1649 2228 species
1694 2179 1762 2215 sub

450 2237 580 2272 odioso
614 2238 747 2272 labore
788 2238 847 2272 vel
869 2237 1091 2285 sornu'dine
1121 2237 1215 2272 satis
1247 2238 1483 2273 contenciose
1514 2244 1760 2285 expetuntur.

456 2295 562 2330 Unde
579 2302 761 2343 patenter
783 2296 985 2345 colligitur
1017 2296 1111 2330 m‘lzil
1143 2294 1321 2331 contendi
1347 2307 1473 2344 posse,
1508 2295 1581 2330 nisi
1597 2302 1764 2344 propter
1780 2296 1819 2329 25

451 2353 695 2388 dileccionem
726 2350 730 2405 Ι
758 2361 954 2401 speratam
987 2353 1130 2389 scilicet
1168 2361 1202 2388 et
1234 2354 1517 2401 subsequentem
1559 2353 1761 2388 amabilem
1808 2364 1889 2399 358³

451 2411 819 2446 remuneracionem.
873 2411 949 2455 Qui
979 2411 1102 2461 igitur
1136 2412 1182 2446 de
1214 2412 1355 2446 mundo
1383 2411 1558 2459 presenti
1588 2422 1639 2446 ex
1669 2423 1760 2459 qua-

521 2580 547 2605 O.
570 2580 613 2606 A:
636 2579 759 2606 misera.
862 2588 896 2606 11.
918 2579 957 2605 B:
974 2580 1158 2614 procedunt.
1195 2579 1268 2606 Cum
1289 2579 1368 2606 enim
1387 2580 1424 2606 ab
1444 2586 1480 2606 ea
1500 2587 1561 2606 non
1577 2579 1759 2614 procedunt,

450 2621 509 2640 non
530 2614 683 2641 diczmtur.
770 2612 807 2640 13.
829 2615 873 2641 A:
895 2613 1013 2650 effectu.
1100 2614 1137 2645 15,
1160 2614 1200 2640 16.
1222 2614 1259 2641 B:
1280 2615 1309 2640 si
1327 2622 1404 2649 ergo
1425 2629 1457 2632 —-
1477 2614 1641 2641 miseretur
1661 2613 1762 2646 ἀθετεῖς

450 2649 477 2675 A
498 2649 526 2674 in
550 2657 663 2681 marga
684 2648 923 2683 Iyncolniensis.
999 2656 1037 2684 17.
1054 2650 1097 2675 A:
1119 2650 1197 2684 ipsa.
1271 2648 1313 2675 23.
1336 2650 1406 2676 Ain
1424 2657 1536 2682 marga
1562 2649 1761 2675 Auo-ustinus.

450 2690 495 2715 24.
518 2684 545 2709 Λ
567 2683 595 2709 in
619 2691 732 2716 marg:
756 2691 790 2718 7ss
807 2684 926 2710 abusio.
1018 2684 1059 2711 25.
1083 2684 1120 2710 13:
1139 2692 1197 2718 per
1212 2683 1502 2718 ¹varticipacionem.
1594 2668 1638 2710 23.
1660 2684 1705 2710 A:
1725 2684 1764 2709 de

450 2725 520 2752 quo.
596 2716 638 2751 37.
662 2718 698 2744 15:
716 2721 867 2752 presente.

525 2800 572 2830 ¹7·
602 2790 716 2820 Lucae
742 2791 796 2828 XI,
822 2801 878 2830 41.
976 2792 1028 2823 23.
1055 2791 1101 2821 Sti
1132 2791 1312 2832 Augustini
1333 2791 1382 2822 De
1409 2791 1594 2821 duodecim
1622 2789 1761 2821 abusio-

451 2835 563 2866 nibus.
590 2836 682 2877 Opp.
708 2842 793 2867 tom.
820 2837 876 2876 VI,
904 2847 980 2878 pag.
1010 2838 1085 2870 213.
