2003 3322
206 204 294 232 CAP.
316 196 424 248 mm]
718 207 853 237 1¹R1MA
885 207 1009 237 PAR&

205 325 314 349 suum
346 312 559 361 adoptavit,
592 312 817 348 coheredem
852 312 1048 363 unigenito
1077 323 1145 348 suo
1167 311 1279 359 fecit.
1313 311 1366 347 Et
1393 319 1433 347 tu
1464 312 1524 347 vel

206 371 346 406 nudam
387 370 630 406 dileccionem
670 369 822 406 inimico
859 377 922 405 tuo
961 369 1126 405 reddere
1168 380 1241 404 non
1284 369 1370 405 vis?
1419 369 1523 413 Quid

205 435 330 464 tamen
383 428 524 463 mirum
568 428 603 463 si
643 439 770 477 grave
817 427 895 463 illis
943 427 1117 463 inimicos
1168 439 1304 462 amare
1343 426 1522 463 videatur

205 486 269 534 qui
292 497 295 498 ⁷
319 497 385 521 nec
435 485 567 521 amicis
618 485 695 521 suis
750 485 942 521 sinceram
1002 484 1276 520 conscienciam
1335 485 1523 520 servant?

173 544 188 575 5
205 543 305 578 Nam
339 555 423 579 cum
455 543 504 578 sit
527 543 691 578 mundus
714 543 782 578 iste
803 542 999 578 scandalis
1016 542 1168 592 plenus,
1200 542 1234 578 si
1255 541 1401 578 amicos
1432 554 1522 578 suos

204 607 350 636 tantum
391 601 581 636 voluerint
621 600 800 651 diligere,
839 612 911 636 non
946 607 1131 649 poterunt
1174 599 1344 635 invenire
1389 611 1482 648 quos
1516 596 1519 652 ᾗ

80 658 161 701 378¹1
205 658 384 708 diligant.
424 657 554 694 Hodie
585 658 683 694 enim
717 658 788 694 iste
820 658 928 693 illum
963 657 1121 706 offendit
1152 657 1188 693 in
1222 657 1294 692 tali
1334 669 1388 703 re,
1434 669 1523 694 cras

203 716 269 752 ille
301 716 416 752 istum
449 716 607 764 offendit
638 716 673 751 in
707 728 750 752 re
781 716 872 762 alia,
917 722 952 752 et
991 716 1043 751 ita
1064 715 1117 765 fit
1156 722 1196 750 ut
1232 715 1267 751 si
1305 715 1522 751 decreverit

204 773 376 810 inimicos
407 785 496 809 suos
528 773 637 809 odire
668 785 819 810 necesse
850 780 905 809 est
937 780 976 808 ut
1010 773 1115 808 odiat
1143 785 1273 809 omnes
1300 780 1337 809 et
1365 773 1522 809 odiatur

151 842 190 863 10
203 831 250 867 ab
282 831 466 867 omnibus.
509 831 621 867 Vides
643 831 730 879 quia
763 831 861 867 sicut
893 842 944 867 ex·
975 830 1034 866 ira
1068 830 1317 867 homicidium
1348 831 1520 868 nascitur

204 896 239 925 et
271 900 323 925 ex
353 889 662 938 concupiscencia
694 889 943 932 adulterium,
981 888 1036 924 sic
1076 900 1127 924 ex
1159 888 1246 925 odio
1271 889 1517 925 inimicorum

198 947 421 996 preciditur
453 947 571 983 eciam
606 946 765 983 dileccio
797 946 1022 983 amicorum.
1060 946 1103 981 Si
1133 953 1260 983 autem
1293 947 1345 983 ad
1368 954 1519 997 tempus

202 1005 368 1041 sustines
411 1017 495 1041 eum
540 1005 649 1053 quasi
693 1005 898 1051 inimicum,
938 1004 1185 1053 postmodum
1226 1004 1367 1040 victum
1409 1005 1517 1042 bene-

204 1062 374 1099 volencia
406 1070 471 1098 tua
503 1063 657 1098 habebis
689 1075 772 1098 eum
806 1062 916 1111 quasi
947 1062 1125 1098 amicum.

152 1120 186 1152 15
262 1121 360 1156 Puto
399 1121 501 1169 quod
539 1132 610 1156 non
650 1127 798 1156 tantum
844 1120 1023 1156 Christus
1056 1132 1133 1169 pro
1173 1120 1334 1156 inimicis
1373 1121 1518 1157 nostris

205 1178 276 1213 ista
309 1178 506 1214 mandavit
538 1185 720 1227 quantum
749 1190 825 1227 pro
859 1178 978 1224 nobis,
1013 1191 1084 1214 non
1109 1178 1194 1226 quia
1218 1178 1277 1213 illi
1297 1178 1409 1228 digni
1428 1186 1517 1214 sunt

205 1243 244 1271 ut
283 1235 501 1286 diligantur
538 1236 583 1271 ab
616 1236 756 1285 aliquo,
811 1236 880 1272 sed
916 1236 1003 1284 quia
1035 1248 1102 1272 nos
1135 1248 1206 1272 non
1239 1249 1371 1272 sumus
1404 1236 1516 1287 digni

205 1300 244 1328 ut
275 1294 424 1342 aliquos
456 1294 644 1330 odiamus.
691 1293 831 1329 Odium
865 1294 961 1329 enim
995 1301 1050 1330 est
1078 1294 1237 1343 spiritus
1266 1295 1512 1331 tenebrarum

205 1358 239 1387 et
272 1352 481 1400 ubicunque
512 1351 708 1398 insederit,
741 1351 923 1387 sordidat
952 1351 1255 1400 pulcritudinem
1285 1352 1512 1389 sanctitatis.

147 1419 189 1440 20
205 1409 319 1459 Ergo
367 1421 439 1445 non
478 1416 625 1445 tantum
665 1409 749 1445 ideo
789 1410 887 1445 iubet
927 1409 1094 1460 diligere
1140 1410 1312 1446 inimicos
1351 1417 1391 1445 ut
1429 1410 1516 1446 illos

206 1467 429 1517 diligamus,
475 1474 656 1516 quantum
702 1475 742 1502 ut
786 1480 807 1503 a
855 1467 960 1503 nobis
1005 1467 1096 1517 ipsis
1137 1468 1238 1516 quod
1276 1469 1421 1504 malum
1463 1475 1517 1505 est

206 1525 450 1573 repellamus.
486 1525 537 1560 Et
570 1525 654 1561 ideo
687 1538 758 1561 non
792 1525 916 1560 dicam
949 1525 983 1560 si
1005 1525 1138 1561 leseris
1171 1526 1363 1561 inimicum
1395 1527 1465 1562 sed
1486 1527 1519 1562 si

204 1582 334 1618 oderis
360 1595 443 1618 euin
467 1589 627 1630 tantum,
651 1583 718 1619 tibi
738 1583 905 1632 amplius
928 1583 1091 1619 nocuisti
1116 1584 1322 1619 secundum
1348 1584 1515 1620 animam

204 1652 317 1689 quam
357 1641 414 1677 illi
450 1641 658 1677 secundum
699 1653 851 1690 corpus.
900 1641 951 1676 Et
990 1641 1047 1676 illi
1068 1641 1246 1690 forsitan
1281 1642 1376 1677 nihil
1406 1654 1517 1678 noces

148 1697 334 1734 250diens
366 1710 463 1745 eum,
509 1705 544 1734 te
586 1706 712 1735 autem
747 1699 870 1748 ipsum
903 1699 984 1735 sine
1017 1699 1128 1735 dubio
1162 1700 1268 1736 ledis.
1316 1699 1359 1735 Si
1388 1707 1514 1736 autem

198 1756 422 1805 peperceris
459 1756 623 1802 inimico,
670 1757 737 1792 tibi
775 1757 941 1806 amplius
981 1757 1193 1806 pepercisti
1222 1770 1335 1806 quam
1368 1758 1436 1804 illi,
1482 1765 1517 1793 et

201 1814 236 1849 si
265 1814 500 1862 benefeceris
531 1815 577 1862 ei,
609 1814 676 1850 tibi
705 1815 871 1864 amplius
903 1815 1122 1863 benefecisti
1152 1827 1265 1864 quam
1298 1816 1365 1851 illi.

251 1872 359 1918 Item,
402 1884 662 1909 commemoro
700 1873 802 1921 quod
846 1873 1023 1921 superius
1067 1873 1152 1909 dixi
1188 1873 1364 1921 quoniam
1404 1874 1514 1924 igno-

203 1929 375 1965 rantibus
420 1930 651 1981 mysterium
697 1938 835 1966 nature
879 1931 1043 1967 humane
1089 1931 1321 1980 impossibile
1364 1932 1517 1967 videtur

146 1987 187 2019 30
203 1987 369 2038 diligere
406 1988 612 2025 inimicum.
662 1988 714 2023 Et
754 2001 843 2024 vere
882 1989 1116 2037 impossibile
1154 1996 1208 2025 est
1248 1996 1430 2037 quantum
1464 1990 1516 2025 ad

202 2045 331 2081 carnis
354 2052 547 2093 naturam,
581 2045 666 2094 quia
686 2046 930 2095 passionibus
950 2046 1129 2086 subiacet,
1169 2047 1364 2089 Quantum
1387 2053 1513 2082 autem

201 2103 253 2138 ad
283 2103 464 2147 animam,
498 2104 680 2152 possibile
718 2111 784 2151 est,
829 2104 914 2153 quia
949 2104 1107 2153 proprii
1143 2104 1273 2140 iudicii
1310 2112 1385 2148 est,·
1431 2104 1514 2141 ideo

203 2173 343 2210 regere
374 2168 409 2197 et
442 2162 607 2197 retinere
635 2168 761 2211 potest
794 2174 948 2197 carnem
974 2174 995 2197 a
1016 2162 1272 2211 passionibus.
1308 2163 1513 2211 Nunquam

201 2218 298 2254 enim
346 2219 474 2254 anima
514 2219 733 2268 passibilem
782 2227 912 2268 posset
958 2232 1097 2269 regere
1140 2232 1311 2266 carnem,
1356 2220 1390 2256 si
1432 2220 1513 2269 ipsa

146 2273 439 2325 35passionibus
477 2284 572 2313 esset
609 2277 788 2313 subiecta.
836 2279 932 2313 Puto
971 2284 1111 2320 autem,
1155 2278 1251 2314 sicut
1284 2278 1382 2313 illud
1413 2279 1515 2326 quod

202 2334 344 2369 dictum
367 2341 442 2370 est:
476 2335 564 2385 Ego
595 2342 720 2371 autem
746 2336 829 2371 dico
852 2348 924 2371 non
948 2335 1205 2384 concupisces,
1239 2348 1311 2371 non
1344 2336 1514 2384 quuitur

201 2391 307 2427 Deus
353 2393 404 2428 ad
447 2393 575 2429 carnis
617 2399 795 2428 naturam
835 2405 905 2442 que
949 2405 1021 2429 non
1061 2400 1188 2442 potest
1220 2393 1318 2442 fieri
1354 2401 1393 2429 ut
1440 2406 1512 2430 non

207 2449 449 2499 concupiscat
498 2451 599 2499 quod
640 2462 749 2486 suum
794 2458 861 2497 est,
904 2451 973 2487 sed
1016 2451 1067 2486 ad
1110 2451 1277 2487 animam
1323 2463 1393 2500 que
1441 2464 1513 2487 non

201 2507 469 2556 concupiscere
486 2515 624 2557 potest.
659 2509 760 2544 Nam
785 2509 936 2557 quando
960 2508 1041 2557 quis
1069 2509 1339 2558 corporalibus
1361 2509 1510 2558 quidem

141 2577 187 2608 40
202 2564 364 2601 motibus
407 2566 613 2609 excitatur,
671 2566 848 2602 voluntas
886 2573 1011 2602 autem
1051 2566 1153 2602 illius
1192 2579 1264 2602 non
1305 2567 1513 2603 inclinatur

202 2629 242 2657 ut
264 2622 395 2670 faciat
427 2635 520 2672 opus
546 2624 647 2673 quod
660 2624 802 2672 facere
825 2625 1036 2675 instigatur
1058 2625 1126 2660 sed
1146 2625 1277 2661 stabili
1294 2625 1510 2674 proposito,

270 2825 307 2854 15.
329 2827 372 2853 A:
393 2826 469 2853 Poto
490 2827 581 2862 quod.
654 2827 700 2855 28.
722 2829 763 2855 A:
787 2828 897 2855 lterum
984 2827 1030 2861 34.
1052 2829 1095 2855 A:
1113 2829 1293 2863 passibilem
1316 2829 1409 2855 deest.

1733 207 1752 231 KQ

1762 207 1780 232 {Q

1791 213 1811 242 L:

1596 1127 1644 1154 To
1664 1127 1738 1156 fulffl

1603 1161 1733 1190 Christ's

1538 1198 1704 1225 command
1726 1199 1801 1226 does

1549 1239 1636 1259 more
1656 1233 1737 1267 good
1759 1237 1791 1260 to

1540 1274 1574 1293 us
1594 1267 1667 1294 than
1689 1272 1720 1295 to
1740 1276 1797 1295 our

1596 1303 1742 1330 enemies.
