2003 3322
206 201 294 229 cAp.
316 192 471 245 xxvml
688 203 899 235 SECUNDA
927 203 1052 233 PARs.
1730 194 1807 241 349

205 309 285 346 sive
331 308 529 345 mendacii
568 317 636 344 aut
675 308 841 344 alterius
875 310 983 356 quod
1024 308 1113 355 plus
1152 308 1328 356 placeret
1367 309 1517 355 populo
1596 316 1741 352 Ticlzling

205 380 277 415 pro
310 366 524 415 temporali
558 366 758 413 stipendio
783 366 1067 413 perquirendo,
1102 365 1196 414 quia
1228 374 1307 402 tam
1342 365 1518 402 intencio
1559 352 1781 421 Ρρῗξέοέᾗῗξῖγς

205 437 324 473 quam
363 425 454 461 talis
492 423 784 460 sermocinacio
830 432 886 459 est
919 433 1123 471 corrupta,
1162 432 1200 459 et
1239 435 1358 459 causa
1391 423 1520 459 tocius

205 482 321 518 huius
362 482 454 519 mali
495 490 551 518 est
590 494 775 529 perversa
815 481 1069 517 introduccio
1108 481 1276 517 istorum
1322 493 1518 517 novorum

172 540 393 581 §ordinum
439 553 521 576 non
567 551 637 587 per
676 539 893 576 Christum.
941 539 980 575 Si
1022 539 1126 574 enim
1168 539 1335 586 quilibet
1376 540 1517 574 horum

204 598 372 633 fratrum
406 598 508 634 foret
542 606 797 633 comentatus
838 598 886 633 de
927 597 1133 633 communi
1174 596 1325 632 cibario
1365 604 1402 632 et
1440 609 1520 631 non

205 664 429 703 expectaret
452 655 695 703 stipendium
721 655 782 691 vel
816 654 878 704 (ut
910 654 1040 691 dicam
1075 652 1223 707 verius)
1248 653 1518 702 perniciosum

203 714 376 749 fructum
426 715 475 749 ad
523 726 636 749 suum
685 721 862 749 castrum
918 712 1200 760 Caymiticum,
1255 720 1427 748 cessaret
1480 711 1519 747 in

203 771 371 807 ecclesia
403 772 481 807 tale
516 771 679 808 malum.
726 772 776 807 Et
814 771 889 806 hoc
934 779 1066 806 movet
1099 770 1234 806 fideles
1269 769 1517 817 evangelium

150 841 223 867 xoa
262 842 334 865 suo
373 838 557 865 curatore
590 830 730 865 devote
767 828 906 864 audire
950 836 986 864 et
1018 827 1114 864 talia
1146 830 1268 864 verba
1302 827 1519 863 extraordi-

202 887 315 923 naria
338 887 530 923 falsorum
548 887 836 934 prophetarum
862 895 1150 933 contempnere
1174 895 1211 922 et
1234 885 1517 921 fundacionem

200 944 260 979 sui
294 944 446 980 ordinis
485 945 545 980 vel
578 944 701 980 alium
743 953 938 992 punctum
973 943 1013 979 in
1046 956 1127 991 quo
1168 952 1302 980 errant
1335 954 1515 990 querere.

258 1004 305 1038 Et
337 1002 495 1038 videtur
527 1002 773 1049 Augustinus
806 1001 972 1038 ulterius
1006 1001 1215 1049 imponere
1249 1001 1421 1037 heresim
1453 999 1517 1036 isti

199 1059 273 1104 vie,
319 1073 407 1096 cum
455 1073 537 1096 non
577 1060 758 1107 graditur
796 1060 913 1095 oculo
958 1059 1132 1107 simplici
1173 1060 1241 1095 scd
1287 1058 1437 1106 duplici
1481 1066 1517 1094 et

147 1125 183 1156 15
200 1118 317 1154 servit
362 1120 517 1154 duobus
551 1117 739 1163 dominis,
785 1117 937 1154 scilicet
977 1119 1058 1153 Deo
1104 1126 1141 1153 et
1181 1128 1425 1162 mammone,
1472 1128 1516 1152 eo

200 1177 305 1222 quod
347 1175 525 1212 intencio
566 1176 632 1212 illa
673 1184 863 1223 corrupta
903 1188 983 1211 non
1031 1183 1161 1223 potest
1208 1187 1291 1211 esse
1337 1173 1517 1210 servituti

201 1233 271 1269 Dei
305 1233 578 1269 subordinata.
615 1236 662 1269 Et
694 1233 783 1269 talis
812 1233 939 1269 viacio
972 1242 1053 1269 tam
1089 1232 1347 1281 pertinaciter
1381 1232 1516 1267 defen-

199 1300 284 1327 sata
318 1300 374 1327 est
410 1291 617 1327 manifeste
650 1290 838 1330 heretica.
884 1293 931 1326 Et
972 1292 1111 1326 eadem
1148 1289 1424 1327 consideracio
1458 1298 1514 1325 est

200 1351 247 1385 de
302 1359 557 1385 monstruosa
605 1349 865 1397 providencia
918 1348 1203 1396 temporalium
1254 1348 1293 1384 in
1347 1346 1513 1383 edificiis

143 1407 365 1445 zoistorum
408 1407 610 1443 ordinum.
664 1409 754 1443 Non
794 1406 899 1442 enim
948 1407 1096 1442 habent
1135 1406 1263 1442 solum
1310 1404 1711 1451 vescibiliaExcc-sstof
1728 1420 1796 1439 care

198 1478 270 1513 pro
295 1465 370 1509 die,
395 1465 495 1501 sicut
520 1465 706 1501 dicuntur
730 1465 768 1500 in
793 1464 993 1512 principio
1017 1466 1260 1505 observasse,
1284 1465 1352 1499 sed
1368 1446 1797 1516 habent¹21¹dgss¹s¹1¹ffi¹1¹g¹¹ffh³esi¹lss³

198 1522 400 1559 vescibilia
433 1535 506 1570 pro
540 1523 675 1558 multis
709 1523 824 1559 annis
857 1531 894 1558 et
927 1530 1161 1569 tegumenta
1192 1534 1282 1558 cum
1317 1520 1515 1557 thesauris
1589 1522 1748 1543 com-ems.

199 1580 371 1628 propriis
411 1593 488 1628 que
523 1580 687 1616 indubie
732 1589 824 1616 sunt
864 1579 1067 1616 contraria
1106 1580 1241 1626 regule
1283 1578 1513 1615 christiane.

199 1640 281 1674 Nec
316 1638 461 1674 mirum
496 1638 589 1686 quia
614 1646 740 1674 status
763 1646 868 1674 secte
892 1637 1107 1674 christiane
1131 1650 1207 1685 que
1230 1637 1303 1673 fuit
1326 1637 1515 1672 fundatus

143 1696 350 1743 25optime
383 1709 405 1732 a
446 1695 622 1744 puritate
661 1696 721 1732 sui
760 1695 922 1743 patroni
962 1696 1065 1732 infra
1103 1704 1262 1743 tempus
1312 1694 1515 1730 modicum

200 1753 427 1795 decidebat:
462 1754 557 1802 quid
592 1753 737 1789 mirum
772 1753 804 1789 si
839 1754 1026 1790 mardosa
1060 1762 1167 1789 secta
1201 1765 1341 1789 carens
1376 1753 1518 1788 funda-

201 1811 316 1848 cione
359 1812 420 1847 vel
465 1811 631 1848 introitu
677 1824 747 1859 per
795 1811 942 1847 ostium
996 1824 1017 1847 a
1063 1811 1201 1859 regula
1247 1809 1408 1846 Domini
1462 1809 1517 1845 sic

200 1869 390 1915 declinet3
416 1878 452 1905 et
483 1869 665 1917 quamvis
689 1868 869 1905 Christus
894 1870 1062 1905 canebat
1087 1881 1177 1905 cum
1210 1868 1290 1904 suis
1313 1866 1517 1916 Apostolis

199 1928 247 1962 de
291 1927 361 1963 tali
394 1926 585 1963 diuturna
623 1927 896 1975 providencia,
943 1936 1078 1962 tamen
1123 1926 1216 1962 licet
1261 1927 1380 1962 modo
1425 1938 1515 1961 cum

142 1984 272 2023 301evi
306 1985 423 2032 culpa
465 1985 521 2021 uti
561 1985 631 2020 tali
673 1984 930 2032 providencia
976 1985 1196 2022 moderata.
1248 1983 1365 2020 Talia
1410 1982 1515 2018 enim

198 2052 363 2089 peccata
395 2043 495 2079 levia
529 2043 567 2078 in
600 2055 791 2090 processu
826 2042 1022 2090 temporis
1040 2050 1208 2089 peccata
1231 2041 1367 2089 gravia
1390 2041 1516 2076 intro-

199 2101 363 2145 ducunt,
410 2110 452 2137 ut
500 2114 580 2137 non
625 2109 682 2136 est
727 2099 932 2136 fundabile
985 2101 1033 2136 de
1084 2100 1170 2147 lege
1221 2099 1353 2147 gracie
1407 2099 1516 2147 quod
1558 2104 1582 2130 It
1601 2104 1626 2142 is
1648 2103 1729 2138 right
1749 2108 1779 2142 19

198 2158 385 2205 accepcio
431 2158 584 2194 decime
631 2167 712 2193 tam
765 2157 907 2205 cupide
959 2157 1008 2193 sit
1061 2166 1218 2203 exacta3
1265 2158 1334 2192 sed
1380 2138 1809 2200 tamen{'}?g{¹1}¹13[sstseu{fflf5¹{

197 2215 352 2252 videtur
384 2217 491 2263 quod
526 2217 573 2251 de
606 2216 689 2263 lege
723 2215 886 2252 Domini
914 2214 963 2250 sit
988 2214 1201 2262 permissa3
1235 2214 1329 2262 quia
1362 2213 1518 2250 decima
1570 2216 1623 2235 use
1644 2208 1773 2244 sig¹¹¹¹>¹³

142 2277 180 2310 35
198 2282 255 2309 est
289 2275 436 2319 danda,
470 2273 573 2310 sicut
607 2275 778 2309 dabatur
811 2285 883 2320 pro
916 2282 1098 2320 tempore
1130 2272 1226 2319 legis
1268 2281 1304 2308 et
1336 2281 1518 2319 tempore

198 2339 288 2367 ante
312 2331 453 2379 legem,
488 2340 527 2367 et
558 2331 686 2367 curati
720 2332 865 2367 debent
889 2340 1071 2378 tempore
1094 2330 1191 2378 legis
1215 2329 1347 2377 gracie
1371 2330 1517 2365 habere

197 2388 274 2424 vite
324 2389 561 2425 necessaria.
616 2390 708 2424 Ideo
753 2388 846 2424 licet
892 2387 968 2424 illis
1008 2401 1081 2436 pro
1120 2389 1196 2424 hoc
1241 2396 1424 2435 tempore
1470 2388 1517 2422 de

198 2446 475 2482 oblacionibus
509 2456 545 2482 et
580 2446 746 2482 decimis
778 2446 866 2493 ipsa
899 2445 1089 2493 recipere,
1136 2458 1225 2481 cum
1266 2446 1342 2481 hoc
1383 2454 1518 2481 tamen

199 2505 307 2551 quod
363 2504 591 2540 ministrent
640 2503 811 2540 fideliter
856 2512 893 2539 et
937 2512 1104 2539 utantur
1153 2503 1236 2539 istis
1289 2501 1516 2539 elemosinis

139 2568 183 2597 40
200 2563 426 2607 moderate3
460 2561 535 2598 ista
569 2570 704 2597 tamen
738 2574 861 2609 parva
896 2561 1120 2597 declinacio
1144 2573 1165 2596 a
1190 2560 1351 2597 Christo
1375 2569 1411 2597 et
1434 2559 1514 2596 suis

199 2619 391 2667 apostolis
432 2628 563 2667 potest
603 2619 861 2655 introducere
908 2618 1098 2655 delictum
1147 2618 1363 2654 maximum
1409 2619 1515 2666 quod

224 2811 230 2813 -
268 2784 287 2803 1.
311 2776 485 2811 13:¹vlacet.
609 2784 648 2803 10.
672 2776 709 2802 1³:
738 2777 775 2803 de
800 2784 856 2802 suo
882 2778 1039 2803 curatore.
1161 2773 1197 2802 13.
1227 2775 1265 2802 B:
1297 2775 1515 2811 Augustinmn.

197 2816 242 2837 ευ.
264 2812 308 2837 A:
330 2812 387 2846 qui
407 2812 527 2838 mirum.
604 2809 648 2844 34.
670 2812 713 2837 A:
736 2812 797 2838 sint
813 2819 977 2846 p0r77nssa.
