<?xml version="1.0" encoding="UTF-8"?>
<!DOCTYPE html PUBLIC "-//W3C//DTD XHTML 1.0 Transitional//EN"
    "http://www.w3.org/TR/xhtml1/DTD/xhtml1-transitional.dtd">
<html xmlns="http://www.w3.org/1999/xhtml" xml:lang="en" lang="en">
 <head>
  <title>
</title>
<meta http-equiv="Content-Type" content="text/html;charset=utf-8" />
  <meta name='ocr-system' content='tesseract 3.04.00' />
  <meta name='ocr-capabilities' content='ocr_page ocr_carea ocr_par ocr_line ocrx_word'/>
</head>
<body>
  <div class='ocr_page' id='page_1' title='image "./opusevangelicum12wycl/opusevangelicum12wycl_0206.png"; bbox 0 0 2003 3322; ppageno 0'>
   <div class='ocr_carea' id='block_1_1' title="bbox 202 227 1794 282">
    <p class='ocr_par' dir='ltr' id='par_1_1' title="bbox 202 227 1794 282">
     <span class='ocr_line' id='line_1_1' title="bbox 202 227 1794 282; baseline -0.013 0"><span class='ocrx_word' id='word_1_1' title='bbox 202 235 274 282; x_wconf 74' lang='lat'>195</span> <span class='ocrx_word' id='word_1_2' title='bbox 906 240 1024 271; x_wconf 72' lang='lat' dir='ltr'>opus</span> <span class='ocrx_word' id='word_1_3' title='bbox 1051 239 1385 270; x_wconf 70' lang='lat' dir='ltr'>EVANGEmOEM</span> <span class='ocrx_word' id='word_1_4' title='bbox 1591 227 1698 281; x_wconf 71' lang='lat' dir='ltr'>[CAP.</span> <span class='ocrx_word' id='word_1_5' title='bbox 1718 235 1794 263; x_wconf 70' lang='lat' dir='ltr'>Lm,</span> 
     </span>
    </p>
   </div>
   <div class='ocr_carea' id='block_1_2' title="bbox 211 344 1923 2596">
    <p class='ocr_par' dir='ltr' id='par_1_2' title="bbox 484 344 1923 1716">
     <span class='ocr_line' id='line_1_2' title="bbox 484 344 1798 393; baseline -0.002 -9"><span class='ocrx_word' id='word_1_6' title='bbox 484 349 552 383; x_wconf 88' lang='lat' dir='ltr'>sed</span> <span class='ocrx_word' id='word_1_7' title='bbox 584 346 795 384; x_wconf 88' lang='lat' dir='ltr'>veritatem</span> <span class='ocrx_word' id='word_1_8' title='bbox 830 345 969 382; x_wconf 91' lang='lat' dir='ltr'>docuit</span> <span class='ocrx_word' id='word_1_9' title='bbox 1003 354 1041 381; x_wconf 91' lang='lat' dir='ltr'>et</span> <span class='ocrx_word' id='word_1_10' title='bbox 1074 345 1235 393; x_wconf 89' lang='lat' dir='ltr'>culpam</span> <span class='ocrx_word' id='word_1_11' title='bbox 1275 345 1378 381; x_wconf 87' lang='lat' dir='ltr'>servi</span> <span class='ocrx_word' id='word_1_12' title='bbox 1418 344 1620 393; x_wconf 82' lang='lat' dir='ltr'>pontificis</span> <span class='ocrx_word' id='word_1_13' title='bbox 1659 357 1798 393; x_wconf 88' lang='lat' dir='ltr'>repro-</span> 
     </span>
     <span class='ocr_line' id='line_1_3' title="bbox 485 402 1797 452; baseline -0.002 -11"><span class='ocrx_word' id='word_1_14' title='bbox 485 405 606 452; x_wconf 85' lang='lat' dir='ltr'>bavit,</span> <span class='ocrx_word' id='word_1_15' title='bbox 665 404 825 452; x_wconf 83' lang='lat' dir='ltr'>exponit</span> <span class='ocrx_word' id='word_1_16' title='bbox 866 403 1021 440; x_wconf 82' lang='lat' dir='ltr'>mistice</span> <span class='ocrx_word' id='word_1_17' title='bbox 1067 403 1268 439; x_wconf 85' lang='lat' dir='ltr'>maxillam</span> <span class='ocrx_word' id='word_1_18' title='bbox 1316 402 1536 450; x_wconf 82' lang='lat' dir='ltr'>sinistram,</span> <span class='ocrx_word' id='word_1_19' title='bbox 1582 404 1797 439; x_wconf 84' lang='lat' dir='ltr'>ostendens</span> 
     </span>
     <span class='ocr_line' id='line_1_4' title="bbox 485 460 1796 511; baseline -0.002 -12"><span class='ocrx_word' id='word_1_20' title='bbox 485 475 525 499; x_wconf 91' lang='lat' dir='ltr'>se</span> <span class='ocrx_word' id='word_1_21' title='bbox 542 471 726 511; x_wconf 89' lang='lat' dir='ltr'>paratum</span> <span class='ocrx_word' id='word_1_22' title='bbox 753 464 803 498; x_wconf 89' lang='lat' dir='ltr'>ad</span> <span class='ocrx_word' id='word_1_23' title='bbox 826 461 1000 509; x_wconf 89' lang='lat' dir='ltr'>amplius</span> <span class='ocrx_word' id='word_1_24' title='bbox 1015 474 1087 509; x_wconf 92' lang='lat' dir='ltr'>pro</span> <span class='ocrx_word' id='word_1_25' title='bbox 1110 460 1269 497; x_wconf 86' lang='lat' dir='ltr'>iusticia</span> <span class='ocrx_word' id='word_1_26' title='bbox 1292 460 1333 497; x_wconf 89' lang='lat' dir='ltr'>in</span> <span class='ocrx_word' id='word_1_27' title='bbox 1355 473 1525 509; x_wconf 86' lang='lat' dir='ltr'>corpore</span> <span class='ocrx_word' id='word_1_28' title='bbox 1540 461 1796 509; x_wconf 82' lang='lat' dir='ltr'>paciendum.</span> 
     </span>
     <span class='ocr_line' id='line_1_5' title="bbox 486 518 1797 566; baseline -0.002 -9"><span class='ocrx_word' id='word_1_29' title='bbox 486 523 534 557; x_wconf 87' lang='lat' dir='ltr'>Et</span> <span class='ocrx_word' id='word_1_30' title='bbox 574 521 649 557; x_wconf 89' lang='lat' dir='ltr'>isto</span> <span class='ocrx_word' id='word_1_31' title='bbox 696 521 818 556; x_wconf 88' lang='lat' dir='ltr'>modo</span> <span class='ocrx_word' id='word_1_32' title='bbox 855 519 1012 555; x_wconf 90' lang='lat' dir='ltr'>videtur</span> <span class='ocrx_word' id='word_1_33' title='bbox 1048 519 1297 566; x_wconf 82' lang='lat' dir='ltr'>Augustinus</span> <span class='ocrx_word' id='word_1_34' title='bbox 1336 519 1487 556; x_wconf 89' lang='lat' dir='ltr'>solvere</span> <span class='ocrx_word' id='word_1_35' title='bbox 1525 520 1647 555; x_wconf 88' lang='lat' dir='ltr'>verba</span> <span class='ocrx_word' id='word_1_36' title='bbox 1686 518 1797 555; x_wconf 85' lang='lat' dir='ltr'>Pauli</span> 
     </span>
     <span class='ocr_line' id='line_1_6' title="bbox 486 577 1832 625; baseline -0.002 -11"><span class='ocrx_word' id='word_1_37' title='bbox 486 581 573 615; x_wconf 89' lang='lat' dir='ltr'>Act.</span> <span class='ocrx_word' id='word_1_38' title='bbox 607 580 746 614; x_wconf 89' lang='lat' dir='ltr'>XXXII</span> <span class='ocrx_word' id='word_1_39' title='bbox 779 577 983 625; x_wconf 87' lang='lat' dir='ltr'>reprobati</span> <span class='ocrx_word' id='word_1_40' title='bbox 1029 589 1072 613; x_wconf 87' lang='lat' dir='ltr'>ex</span> <span class='ocrx_word' id='word_1_41' title='bbox 1111 578 1187 613; x_wconf 89' lang='lat' dir='ltr'>hoc</span> <span class='ocrx_word' id='word_1_42' title='bbox 1229 578 1337 625; x_wconf 90' lang='lat' dir='ltr'>quod</span> <span class='ocrx_word' id='word_1_43' title='bbox 1375 586 1457 613; x_wconf 90' lang='lat' dir='ltr'>tam</span> <span class='ocrx_word' id='word_1_44' title='bbox 1492 585 1608 613; x_wconf 91' lang='lat' dir='ltr'>acute</span> <span class='ocrx_word' id='word_1_45' title='bbox 1641 577 1832 613; x_wconf 85' lang='lat' dir='ltr'>locutus5</span> 
     </span>
     <span class='ocr_line' id='line_1_7' title="bbox 487 634 1800 683; baseline -0.001 -11"><span class='ocrx_word' id='word_1_46' title='bbox 487 636 560 672; x_wconf 89' lang='lat' dir='ltr'>fuit</span> <span class='ocrx_word' id='word_1_47' title='bbox 598 637 648 672; x_wconf 92' lang='lat' dir='ltr'>ad</span> <span class='ocrx_word' id='word_1_48' title='bbox 687 649 891 672; x_wconf 87' lang='lat' dir='ltr'>summum</span> <span class='ocrx_word' id='word_1_49' title='bbox 927 634 1175 683; x_wconf 85' lang='lat' dir='ltr'>pontificem,</span> <span class='ocrx_word' id='word_1_50' title='bbox 1221 636 1383 683; x_wconf 86' lang='lat' dir='ltr'>quando</span> <span class='ocrx_word' id='word_1_51' title='bbox 1422 635 1460 670; x_wconf 89' lang='lat' dir='ltr'>in</span> <span class='ocrx_word' id='word_1_52' title='bbox 1501 635 1662 671; x_wconf 80' lang='lat' dir='ltr'>maxilla</span> <span class='ocrx_word' id='word_1_53' title='bbox 1701 638 1800 680; x_wconf 88' lang='lat' dir='ltr'>(esto</span> 
     </span>
     <span class='ocr_line' id='line_1_8' title="bbox 488 692 1799 743; baseline -0.002 -13"><span class='ocrx_word' id='word_1_54' title='bbox 488 695 597 743; x_wconf 84' lang='lat' dir='ltr'>quod</span> <span class='ocrx_word' id='word_1_55' title='bbox 644 694 685 730; x_wconf 91' lang='lat' dir='ltr'>in</span> <span class='ocrx_word' id='word_1_56' title='bbox 731 695 906 738; x_wconf 88' lang='lat' dir='ltr'>dextera)</span> <span class='ocrx_word' id='word_1_57' title='bbox 946 701 1003 729; x_wconf 85' lang='lat' dir='ltr'>est</span> <span class='ocrx_word' id='word_1_58' title='bbox 1042 704 1272 740; x_wconf 86' lang='lat' dir='ltr'>percussus:</span> <span class='ocrx_word' id='word_1_59' title='bbox 1318 693 1518 729; x_wconf 82' lang='lat' dir='ltr'>Percuciet</span> <span class='ocrx_word' id='word_1_60' title='bbox 1562 700 1608 739; x_wconf 81' lang='lat' dir='ltr'>te,</span> <span class='ocrx_word' id='word_1_61' title='bbox 1657 692 1799 741; x_wconf 86' lang='lat' dir='ltr'>inquit,</span> 
     </span>
     <span class='ocr_line' id='line_1_9' title="bbox 489 750 1800 801; baseline -0.001 -14"><span class='ocrx_word' id='word_1_62' title='bbox 489 752 695 798; x_wconf 80' lang='lat' dir='ltr'>Dominus,</span> <span class='ocrx_word' id='word_1_63' title='bbox 736 751 872 801; x_wconf 79' lang='lat' dir='ltr'>paries</span> <span class='ocrx_word' id='word_1_64' title='bbox 917 751 1104 797; x_wconf 77' lang='lat' dir='ltr'>dealbate,</span> <span class='ocrx_word' id='word_1_65' title='bbox 1156 751 1340 787; x_wconf 88' lang='lat' dir='ltr'>vocando</span> <span class='ocrx_word' id='word_1_66' title='bbox 1401 750 1513 786; x_wconf 90' lang='lat' dir='ltr'>illum</span> <span class='ocrx_word' id='word_1_67' title='bbox 1567 750 1800 798; x_wconf 88' lang='lat' dir='ltr'>pontificem</span> 
     </span>
     <span class='ocr_line' id='line_1_10' title="bbox 489 807 1803 857; baseline -0.002 -11"><span class='ocrx_word' id='word_1_68' title='bbox 489 811 712 846; x_wconf 88' lang='lat' dir='ltr'>secundum</span> <span class='ocrx_word' id='word_1_69' title='bbox 753 809 958 845; x_wconf 82' lang='lat' dir='ltr'>racionem</span> <span class='ocrx_word' id='word_1_70' title='bbox 998 821 1077 857; x_wconf 86' lang='lat' dir='ltr'>qua</span> <span class='ocrx_word' id='word_1_71' title='bbox 1114 808 1189 845; x_wconf 90' lang='lat' dir='ltr'>fuit</span> <span class='ocrx_word' id='word_1_72' title='bbox 1227 808 1410 857; x_wconf 82' lang='lat' dir='ltr'>ypocrita</span> <span class='ocrx_word' id='word_1_73' title='bbox 1455 807 1649 857; x_wconf 89' lang='lat' dir='ltr'>parietem</span> <span class='ocrx_word' id='word_1_74' title='bbox 1696 809 1803 845; x_wconf 90' lang='lat' dir='ltr'>deal-</span> 
     </span>
     <span class='ocr_line' id='line_1_11' title="bbox 490 866 1861 915; baseline -0.001 -12"><span class='ocrx_word' id='word_1_75' title='bbox 490 870 641 904; x_wconf 89' lang='lat' dir='ltr'>batum.</span> <span class='ocrx_word' id='word_1_76' title='bbox 677 870 724 903; x_wconf 88' lang='lat' dir='ltr'>Et</span> <span class='ocrx_word' id='word_1_77' title='bbox 759 867 904 903; x_wconf 85' lang='lat' dir='ltr'>Paulus</span> <span class='ocrx_word' id='word_1_78' title='bbox 937 867 977 903; x_wconf 91' lang='lat' dir='ltr'>in</span> <span class='ocrx_word' id='word_1_79' title='bbox 1011 868 1086 903; x_wconf 87' lang='lat' dir='ltr'>hoc</span> <span class='ocrx_word' id='word_1_80' title='bbox 1111 866 1249 903; x_wconf 87' lang='lat' dir='ltr'>miscet</span> <span class='ocrx_word' id='word_1_81' title='bbox 1272 866 1497 903; x_wconf 84' lang='lat' dir='ltr'>doctrinam</span> <span class='ocrx_word' id='word_1_82' title='bbox 1522 866 1801 915; x_wconf 86' lang='lat' dir='ltr'>propheticam</span> <span class='ocrx_word' id='word_1_83' title='bbox 1823 879 1861 900; x_wconf 90' lang='lat'>10</span> 
     </span>
     <span class='ocr_line' id='line_1_12' title="bbox 490 922 1923 978; baseline -0.002 -16"><span class='ocrx_word' id='word_1_84' title='bbox 490 926 575 962; x_wconf 89' lang='lat' dir='ltr'>salu</span> <span class='ocrx_word' id='word_1_85' title='bbox 605 922 608 978; x_wconf 76' lang='grc' dir='ltr'>Ι</span> <span class='ocrx_word' id='word_1_86' title='bbox 637 934 762 962; x_wconf 87' lang='lat' dir='ltr'>tarem</span> <span class='ocrx_word' id='word_1_87' title='bbox 789 926 996 973; x_wconf 88' lang='lat' dir='ltr'>quomodo</span> <span class='ocrx_word' id='word_1_88' title='bbox 1020 925 1218 961; x_wconf 86' lang='lat' dir='ltr'>Dominus</span> <span class='ocrx_word' id='word_1_89' title='bbox 1251 937 1341 961; x_wconf 87' lang='lat' dir='ltr'>eum</span> <span class='ocrx_word' id='word_1_90' title='bbox 1373 925 1503 961; x_wconf 91' lang='lat' dir='ltr'>fuerat</span> <span class='ocrx_word' id='word_1_91' title='bbox 1525 937 1800 972; x_wconf 86' lang='lat' dir='ltr'>percussurus.</span> <span class='ocrx_word' id='word_1_92' title='bbox 1843 924 1923 969; x_wconf 78' lang='lat' dir='ltr'>375b</span> 
     </span>
     <span class='ocr_line' id='line_1_13' title="bbox 492 982 1800 1031; baseline -0.002 -11"><span class='ocrx_word' id='word_1_93' title='bbox 492 984 703 1029; x_wconf 82' lang='lat' dir='ltr'>Percuciet,</span> <span class='ocrx_word' id='word_1_94' title='bbox 752 983 896 1031; x_wconf 84' lang='lat' dir='ltr'>inquit,</span> <span class='ocrx_word' id='word_1_95' title='bbox 942 990 977 1019; x_wconf 82' lang='lat' dir='ltr'>te</span> <span class='ocrx_word' id='word_1_96' title='bbox 1020 983 1223 1029; x_wconf 80' lang='lat' dir='ltr'>Dominus,</span> <span class='ocrx_word' id='word_1_97' title='bbox 1279 991 1317 1019; x_wconf 93' lang='lat' dir='ltr'>et</span> <span class='ocrx_word' id='word_1_98' title='bbox 1369 982 1545 1019; x_wconf 86' lang='lat' dir='ltr'>ostendit</span> <span class='ocrx_word' id='word_1_99' title='bbox 1598 982 1800 1019; x_wconf 85' lang='lat' dir='ltr'>maxillam</span> 
     </span>
     <span class='ocr_line' id='line_1_14' title="bbox 491 1039 1805 1089; baseline -0.001 -12"><span class='ocrx_word' id='word_1_100' title='bbox 491 1041 711 1087; x_wconf 86' lang='lat' dir='ltr'>sinistram,</span> <span class='ocrx_word' id='word_1_101' title='bbox 745 1054 835 1078; x_wconf 91' lang='lat' dir='ltr'>cum</span> <span class='ocrx_word' id='word_1_102' title='bbox 860 1050 1024 1089; x_wconf 91' lang='lat' dir='ltr'>propter</span> <span class='ocrx_word' id='word_1_103' title='bbox 1057 1042 1205 1077; x_wconf 91' lang='lat' dir='ltr'>bonum</span> <span class='ocrx_word' id='word_1_104' title='bbox 1242 1040 1425 1077; x_wconf 83' lang='lat' dir='ltr'>doctrine</span> <span class='ocrx_word' id='word_1_105' title='bbox 1446 1040 1624 1077; x_wconf 88' lang='lat' dir='ltr'>veritatis</span> <span class='ocrx_word' id='word_1_106' title='bbox 1657 1039 1805 1077; x_wconf 89' lang='lat' dir='ltr'>obtulit</span> 
     </span>
     <span class='ocr_line' id='line_1_15' title="bbox 492 1098 1805 1147; baseline 0 -12"><span class='ocrx_word' id='word_1_107' title='bbox 492 1112 531 1136; x_wconf 91' lang='lat' dir='ltr'>se</span> <span class='ocrx_word' id='word_1_108' title='bbox 559 1100 609 1136; x_wconf 87' lang='lat' dir='ltr'>ad</span> <span class='ocrx_word' id='word_1_109' title='bbox 632 1099 806 1147; x_wconf 87' lang='lat' dir='ltr'>amplius</span> <span class='ocrx_word' id='word_1_110' title='bbox 829 1099 1085 1147; x_wconf 88' lang='lat' dir='ltr'>paciendum.</span> <span class='ocrx_word' id='word_1_111' title='bbox 1120 1101 1168 1135; x_wconf 89' lang='lat' dir='ltr'>Et</span> <span class='ocrx_word' id='word_1_112' title='bbox 1191 1098 1248 1135; x_wconf 90' lang='lat' dir='ltr'>sie</span> <span class='ocrx_word' id='word_1_113' title='bbox 1271 1098 1377 1145; x_wconf 85' lang='lat' dir='ltr'>fecit,</span> <span class='ocrx_word' id='word_1_114' title='bbox 1403 1100 1566 1147; x_wconf 87' lang='lat' dir='ltr'>quando</span> <span class='ocrx_word' id='word_1_115' title='bbox 1590 1098 1805 1147; x_wconf 87' lang='lat' dir='ltr'>appellavit</span> 
     </span>
     <span class='ocr_line' id='line_1_16' title="bbox 493 1156 1861 1205; baseline -0.003 -12"><span class='ocrx_word' id='word_1_116' title='bbox 493 1169 670 1194; x_wconf 84' lang='lat' dir='ltr'>cesarem</span> <span class='ocrx_word' id='word_1_117' title='bbox 706 1159 948 1204; x_wconf 87' lang='lat' dir='ltr'>Romanurn,</span> <span class='ocrx_word' id='word_1_118' title='bbox 997 1158 1160 1205; x_wconf 88' lang='lat' dir='ltr'>quando</span> <span class='ocrx_word' id='word_1_119' title='bbox 1192 1170 1265 1205; x_wconf 92' lang='lat' dir='ltr'>pro</span> <span class='ocrx_word' id='word_1_120' title='bbox 1300 1156 1448 1193; x_wconf 88' lang='lat' dir='ltr'>Christi</span> <span class='ocrx_word' id='word_1_121' title='bbox 1480 1156 1643 1193; x_wconf 90' lang='lat' dir='ltr'>nomine</span> <span class='ocrx_word' id='word_1_122' title='bbox 1676 1157 1805 1193; x_wconf 85' lang='lat' dir='ltr'>fuerat</span> <span class='ocrx_word' id='word_1_123' title='bbox 1826 1158 1861 1189; x_wconf 78' lang='lat'>15</span> 
     </span>
     <span class='ocr_line' id='line_1_17' title="bbox 493 1214 1807 1264; baseline -0.001 -13"><span class='ocrx_word' id='word_1_124' title='bbox 493 1224 738 1264; x_wconf 87' lang='lat' dir='ltr'>persecutus.</span> <span class='ocrx_word' id='word_1_125' title='bbox 795 1217 962 1264; x_wconf 86' lang='lat' dir='ltr'>Semper</span> <span class='ocrx_word' id='word_1_126' title='bbox 1002 1214 1106 1251; x_wconf 89' lang='lat' dir='ltr'>enim</span> <span class='ocrx_word' id='word_1_127' title='bbox 1148 1216 1255 1251; x_wconf 91' lang='lat' dir='ltr'>bona</span> <span class='ocrx_word' id='word_1_128' title='bbox 1288 1214 1452 1263; x_wconf 87' lang='lat' dir='ltr'>pociora</span> <span class='ocrx_word' id='word_1_129' title='bbox 1491 1224 1583 1251; x_wconf 88' lang='lat' dir='ltr'>sunt</span> <span class='ocrx_word' id='word_1_130' title='bbox 1615 1215 1807 1251; x_wconf 88' lang='lat' dir='ltr'>salvanda</span> 
     </span>
     <span class='ocr_line' id='line_1_18' title="bbox 494 1272 1805 1322; baseline -0.001 -12"><span class='ocrx_word' id='word_1_131' title='bbox 494 1285 564 1322; x_wconf 89' lang='lat' dir='ltr'>per</span> <span class='ocrx_word' id='word_1_132' title='bbox 603 1275 709 1309; x_wconf 91' lang='lat' dir='ltr'>bona</span> <span class='ocrx_word' id='word_1_133' title='bbox 748 1272 990 1321; x_wconf 88' lang='lat' dir='ltr'>temporalia</span> <span class='ocrx_word' id='word_1_134' title='bbox 1028 1273 1089 1309; x_wconf 92' lang='lat' dir='ltr'>vel</span> <span class='ocrx_word' id='word_1_135' title='bbox 1128 1272 1206 1309; x_wconf 90' lang='lat' dir='ltr'>alia</span> <span class='ocrx_word' id='word_1_136' title='bbox 1244 1272 1471 1321; x_wconf 83' lang='lat' dir='ltr'>spiritualia</span> <span class='ocrx_word' id='word_1_137' title='bbox 1510 1273 1642 1309; x_wconf 90' lang='lat' dir='ltr'>minus</span> <span class='ocrx_word' id='word_1_138' title='bbox 1687 1274 1805 1309; x_wconf 89' lang='lat' dir='ltr'>bona.</span> 
     </span>
     <span class='ocr_line' id='line_1_19' title="bbox 493 1331 1807 1379; baseline -0.001 -12"><span class='ocrx_word' id='word_1_139' title='bbox 493 1334 574 1368; x_wconf 91' lang='lat' dir='ltr'>Nec</span> <span class='ocrx_word' id='word_1_140' title='bbox 608 1340 751 1379; x_wconf 88' lang='lat' dir='ltr'>reputo</span> <span class='ocrx_word' id='word_1_141' title='bbox 784 1331 902 1376; x_wconf 87' lang='lat' dir='ltr'>(sicut</span> <span class='ocrx_word' id='word_1_142' title='bbox 935 1331 1182 1379; x_wconf 81' lang='lat' dir='ltr'>Augustinus</span> <span class='ocrx_word' id='word_1_143' title='bbox 1215 1344 1295 1367; x_wconf 92' lang='lat' dir='ltr'>non</span> <span class='ocrx_word' id='word_1_144' title='bbox 1329 1334 1504 1378; x_wconf 86' lang='lat' dir='ltr'>reputat)</span> <span class='ocrx_word' id='word_1_145' title='bbox 1529 1332 1637 1379; x_wconf 91' lang='lat' dir='ltr'>quod</span> <span class='ocrx_word' id='word_1_146' title='bbox 1661 1331 1807 1367; x_wconf 87' lang='lat' dir='ltr'>Paulus</span> 
     </span>
     <span class='ocr_line' id='line_1_20' title="bbox 495 1388 1809 1437; baseline -0.002 -11"><span class='ocrx_word' id='word_1_147' title='bbox 495 1389 685 1426; x_wconf 85' lang='lat' dir='ltr'>mentitus</span> <span class='ocrx_word' id='word_1_148' title='bbox 723 1398 793 1436; x_wconf 90' lang='lat' dir='ltr'>est,</span> <span class='ocrx_word' id='word_1_149' title='bbox 840 1390 1004 1437; x_wconf 90' lang='lat' dir='ltr'>quando</span> <span class='ocrx_word' id='word_1_150' title='bbox 1043 1388 1138 1425; x_wconf 87' lang='lat' dir='ltr'>dixit</span> <span class='ocrx_word' id='word_1_151' title='bbox 1173 1397 1481 1437; x_wconf 86' lang='lat' dir='ltr'>consequenter:</span> <span class='ocrx_word' id='word_1_152' title='bbox 1522 1389 1663 1426; x_wconf 80' lang='lat' dir='ltr'>nescivi</span> <span class='ocrx_word' id='word_1_153' title='bbox 1707 1389 1809 1437; x_wconf 80' lang='lat' dir='ltr'>quod</span> 
     </span>
     <span class='ocr_line' id='line_1_21' title="bbox 489 1446 1866 1497; baseline -0.001 -14"><span class='ocrx_word' id='word_1_154' title='bbox 489 1448 673 1497; x_wconf 81' lang='lat' dir='ltr'>princeps</span> <span class='ocrx_word' id='word_1_155' title='bbox 716 1448 963 1483; x_wconf 76' lang='lat' dir='ltr'>sacerdotum</span> <span class='ocrx_word' id='word_1_156' title='bbox 988 1447 1085 1496; x_wconf 85' lang='lat' dir='ltr'>suit,</span> <span class='ocrx_word' id='word_1_157' title='bbox 1125 1448 1231 1495; x_wconf 90' lang='lat' dir='ltr'>quod</span> <span class='ocrx_word' id='word_1_158' title='bbox 1267 1446 1433 1495; x_wconf 90' lang='lat' dir='ltr'>quidam</span> <span class='ocrx_word' id='word_1_159' title='bbox 1472 1450 1530 1492; x_wconf 82' lang='lat' dir='ltr'>(ut</span> <span class='ocrx_word' id='word_1_160' title='bbox 1562 1446 1808 1495; x_wconf 83' lang='lat' dir='ltr'>Augustinus</span> <span class='ocrx_word' id='word_1_161' title='bbox 1825 1458 1866 1479; x_wconf 82' lang='lat'>20</span> 
     </span>
     <span class='ocr_line' id='line_1_22' title="bbox 495 1504 1807 1553; baseline 0 -12"><span class='ocrx_word' id='word_1_162' title='bbox 495 1505 639 1551; x_wconf 85' lang='lat' dir='ltr'>innuit)</span> <span class='ocrx_word' id='word_1_163' title='bbox 673 1504 729 1541; x_wconf 87' lang='lat' dir='ltr'>sic</span> <span class='ocrx_word' id='word_1_164' title='bbox 763 1504 1008 1552; x_wconf 83' lang='lat' dir='ltr'>intelligunt:</span> <span class='ocrx_word' id='word_1_165' title='bbox 1057 1505 1141 1553; x_wconf 89' lang='lat' dir='ltr'>ipse</span> <span class='ocrx_word' id='word_1_166' title='bbox 1180 1505 1253 1541; x_wconf 90' lang='lat' dir='ltr'>fuit</span> <span class='ocrx_word' id='word_1_167' title='bbox 1291 1506 1572 1553; x_wconf 85' lang='lat' dir='ltr'>dampnandus</span> <span class='ocrx_word' id='word_1_168' title='bbox 1610 1504 1807 1553; x_wconf 86' lang='lat' dir='ltr'>ypocrita,</span> 
     </span>
     <span class='ocr_line' id='line_1_23' title="bbox 495 1562 1809 1611; baseline -0.001 -12"><span class='ocrx_word' id='word_1_169' title='bbox 495 1576 576 1599; x_wconf 89' lang='lat' dir='ltr'>non</span> <span class='ocrx_word' id='word_1_170' title='bbox 626 1564 828 1609; x_wconf 86' lang='lat' dir='ltr'>sacerdos,</span> <span class='ocrx_word' id='word_1_171' title='bbox 877 1571 913 1599; x_wconf 88' lang='lat' dir='ltr'>et</span> <span class='ocrx_word' id='word_1_172' title='bbox 964 1575 1034 1611; x_wconf 91' lang='lat' dir='ltr'>per</span> <span class='ocrx_word' id='word_1_173' title='bbox 1082 1575 1330 1611; x_wconf 86' lang='lat' dir='ltr'>consequens</span> <span class='ocrx_word' id='word_1_174' title='bbox 1382 1575 1462 1599; x_wconf 92' lang='lat' dir='ltr'>non</span> <span class='ocrx_word' id='word_1_175' title='bbox 1505 1562 1579 1599; x_wconf 88' lang='lat' dir='ltr'>fuit</span> <span class='ocrx_word' id='word_1_176' title='bbox 1623 1562 1809 1611; x_wconf 90' lang='lat' dir='ltr'>princeps</span> 
     </span>
     <span class='ocr_line' id='line_1_24' title="bbox 495 1620 1809 1668; baseline -0.002 -10"><span class='ocrx_word' id='word_1_177' title='bbox 495 1623 765 1668; x_wconf 86' lang='lat' dir='ltr'>sacerdotum,</span> <span class='ocrx_word' id='word_1_178' title='bbox 810 1621 913 1657; x_wconf 89' lang='lat' dir='ltr'>sicut</span> <span class='ocrx_word' id='word_1_179' title='bbox 958 1620 1072 1657; x_wconf 90' lang='lat' dir='ltr'>multi</span> <span class='ocrx_word' id='word_1_180' title='bbox 1118 1621 1314 1666; x_wconf 89' lang='lat' dir='ltr'>moderni,</span> <span class='ocrx_word' id='word_1_181' title='bbox 1362 1620 1453 1657; x_wconf 91' lang='lat' dir='ltr'>licet</span> <span class='ocrx_word' id='word_1_182' title='bbox 1499 1622 1673 1658; x_wconf 89' lang='lat' dir='ltr'>habeant</span> <span class='ocrx_word' id='word_1_183' title='bbox 1711 1620 1809 1657; x_wconf 88' lang='lat' dir='ltr'>illud</span> 
     </span>
     <span class='ocr_line' id='line_1_25' title="bbox 495 1692 655 1716; baseline 0 -1"><span class='ocrx_word' id='word_1_184' title='bbox 495 1692 655 1716; x_wconf 89' lang='lat' dir='ltr'>nomen.</span> 
     </span>
    </p>

    <p class='ocr_par' dir='ltr' id='par_1_3' title="bbox 233 1736 1867 1785">
     <span class='ocr_line' id='line_1_26' title="bbox 233 1736 1867 1785; baseline -0.002 -13"><span class='ocrx_word' id='word_1_185' title='bbox 233 1746 260 1772; x_wconf 86' lang='lat' dir='ltr'>lf</span> <span class='ocrx_word' id='word_1_186' title='bbox 278 1753 322 1772; x_wconf 85' lang='lat' dir='ltr'>we</span> <span class='ocrx_word' id='word_1_187' title='bbox 343 1745 434 1773; x_wconf 73' lang='lat' dir='ltr'>enred</span> <span class='ocrx_word' id='word_1_188' title='bbox 552 1738 667 1774; x_wconf 85' lang='lat' dir='ltr'>Unde</span> <span class='ocrx_word' id='word_1_189' title='bbox 689 1737 847 1774; x_wconf 85' lang='lat' dir='ltr'>videtur</span> <span class='ocrx_word' id='word_1_190' title='bbox 868 1736 1093 1784; x_wconf 88' lang='lat' dir='ltr'>Augustino</span> <span class='ocrx_word' id='word_1_191' title='bbox 1117 1738 1225 1785; x_wconf 91' lang='lat' dir='ltr'>quod</span> <span class='ocrx_word' id='word_1_192' title='bbox 1249 1745 1332 1773; x_wconf 86' lang='lat' dir='ltr'>tam</span> <span class='ocrx_word' id='word_1_193' title='bbox 1356 1745 1515 1773; x_wconf 88' lang='lat' dir='ltr'>sanctus</span> <span class='ocrx_word' id='word_1_194' title='bbox 1540 1745 1576 1773; x_wconf 90' lang='lat' dir='ltr'>et</span> <span class='ocrx_word' id='word_1_195' title='bbox 1600 1736 1809 1783; x_wconf 83' lang='lat' dir='ltr'>discretus,</span> <span class='ocrx_word' id='word_1_196' title='bbox 1827 1739 1867 1770; x_wconf 78' lang='lat'>25</span> 
     </span>
    </p>

    <p class='ocr_par' dir='ltr' id='par_1_4' title="bbox 211 1781 1811 1850">
     <span class='ocr_line' id='line_1_27' title="bbox 211 1781 1811 1850; baseline -0.001 -18"><span class='ocrx_word' id='word_1_197' title='bbox 211 1781 477 1850; x_wconf 54' lang='lat' dir='ltr'>spiilifi1satlf31rings</span> <span class='ocrx_word' id='word_1_198' title='bbox 492 1795 596 1832; x_wconf 89' lang='lat' dir='ltr'>sicut</span> <span class='ocrx_word' id='word_1_199' title='bbox 624 1795 687 1832; x_wconf 88' lang='lat' dir='ltr'>hic</span> <span class='ocrx_word' id='word_1_200' title='bbox 718 1796 848 1831; x_wconf 88' lang='lat' dir='ltr'>fuerat</span> <span class='ocrx_word' id='word_1_201' title='bbox 871 1803 1032 1831; x_wconf 84' lang='lat' dir='ltr'>sanctus</span> <span class='ocrx_word' id='word_1_202' title='bbox 1056 1795 1216 1840; x_wconf 85' lang='lat' dir='ltr'>Paulus,</span> <span class='ocrx_word' id='word_1_203' title='bbox 1240 1807 1321 1830; x_wconf 92' lang='lat' dir='ltr'>non</span> <span class='ocrx_word' id='word_1_204' title='bbox 1346 1796 1417 1831; x_wconf 90' lang='lat' dir='ltr'>hec</span> <span class='ocrx_word' id='word_1_205' title='bbox 1442 1794 1539 1831; x_wconf 84' lang='lat' dir='ltr'>dixit</span> <span class='ocrx_word' id='word_1_206' title='bbox 1563 1794 1811 1831; x_wconf 84' lang='lat' dir='ltr'>mendaciter</span> 
     </span>
    </p>

    <p class='ocr_par' dir='ltr' id='par_1_5' title="bbox 211 1851 1810 1919">
     <span class='ocr_line' id='line_1_28' title="bbox 211 1851 1810 1919; baseline -0.001 -30"><span class='ocrx_word' id='word_1_207' title='bbox 211 1851 465 1919; x_wconf 44' lang='lat' dir='ltr'>wegghtcgssffiwffffl</span> <span class='ocrx_word' id='word_1_208' title='bbox 492 1855 552 1889; x_wconf 84' lang='lat' dir='ltr'>vel</span> <span class='ocrx_word' id='word_1_209' title='bbox 598 1853 725 1890; x_wconf 88' lang='lat' dir='ltr'>eciam</span> <span class='ocrx_word' id='word_1_210' title='bbox 772 1852 1007 1897; x_wconf 83' lang='lat' dir='ltr'>deridendo,</span> <span class='ocrx_word' id='word_1_211' title='bbox 1061 1854 1129 1889; x_wconf 91' lang='lat' dir='ltr'>sed</span> <span class='ocrx_word' id='word_1_212' title='bbox 1175 1853 1399 1900; x_wconf 82' lang='lat' dir='ltr'>exemplum</span> <span class='ocrx_word' id='word_1_213' title='bbox 1456 1862 1622 1901; x_wconf 87' lang='lat' dir='ltr'>possunt</span> <span class='ocrx_word' id='word_1_214' title='bbox 1675 1853 1810 1889; x_wconf 86' lang='lat' dir='ltr'>fideles</span> 
     </span>
    </p>

    <p class='ocr_par' dir='ltr' id='par_1_6' title="bbox 293 1910 1808 1960">
     <span class='ocr_line' id='line_1_29' title="bbox 293 1910 1808 1960; baseline -0.001 -13"><span class='ocrx_word' id='word_1_215' title='bbox 293 1921 387 1960; x_wconf 73' lang='lat' dir='ltr'>abqut</span> <span class='ocrx_word' id='word_1_216' title='bbox 492 1921 706 1960; x_wconf 85' lang='lat' dir='ltr'>sequentes</span> <span class='ocrx_word' id='word_1_217' title='bbox 746 1922 891 1959; x_wconf 88' lang='lat' dir='ltr'>capere</span> <span class='ocrx_word' id='word_1_218' title='bbox 925 1911 975 1947; x_wconf 90' lang='lat' dir='ltr'>ad</span> <span class='ocrx_word' id='word_1_219' title='bbox 1008 1912 1123 1959; x_wconf 90' lang='lat' dir='ltr'>plene</span> <span class='ocrx_word' id='word_1_220' title='bbox 1163 1910 1426 1947; x_wconf 87' lang='lat' dir='ltr'>conformiter</span> <span class='ocrx_word' id='word_1_221' title='bbox 1467 1912 1808 1959; x_wconf 87' lang='lat' dir='ltr'>respondendum.</span> 
     </span>
    </p>

    <p class='ocr_par' dir='ltr' id='par_1_7' title="bbox 259 1955 1867 2596">
     <span class='ocr_line' id='line_1_30' title="bbox 259 1955 1807 2017; baseline -0.001 -11"><span class='ocrx_word' id='word_1_222' title='bbox 259 1955 418 1983; x_wconf 71' lang='lat' dir='ltr'>benefices.</span> <span class='ocrx_word' id='word_1_223' title='bbox 493 1971 666 2015; x_wconf 87' lang='lat' dir='ltr'>Quando</span> <span class='ocrx_word' id='word_1_224' title='bbox 701 1981 794 2017; x_wconf 88' lang='lat' dir='ltr'>ergo</span> <span class='ocrx_word' id='word_1_225' title='bbox 834 1968 875 2004; x_wconf 88' lang='lat' dir='ltr'>in</span> <span class='ocrx_word' id='word_1_226' title='bbox 913 1969 1028 2005; x_wconf 89' lang='lat' dir='ltr'>nobis</span> <span class='ocrx_word' id='word_1_227' title='bbox 1068 1970 1174 2005; x_wconf 89' lang='lat' dir='ltr'>bona</span> <span class='ocrx_word' id='word_1_228' title='bbox 1206 1968 1432 2016; x_wconf 87' lang='lat' dir='ltr'>spiritualia</span> <span class='ocrx_word' id='word_1_229' title='bbox 1473 1978 1565 2005; x_wconf 89' lang='lat' dir='ltr'>sunt</span> <span class='ocrx_word' id='word_1_230' title='bbox 1599 1981 1807 2015; x_wconf 87' lang='lat' dir='ltr'>concussa,</span> 
     </span>
     <span class='ocr_line' id='line_1_31' title="bbox 491 2026 1867 2075; baseline -0.001 -11"><span class='ocrx_word' id='word_1_231' title='bbox 491 2028 709 2064; x_wconf 86' lang='lat' dir='ltr'>offeramus</span> <span class='ocrx_word' id='word_1_232' title='bbox 733 2028 953 2074; x_wconf 86' lang='lat' dir='ltr'>prudenter</span> <span class='ocrx_word' id='word_1_233' title='bbox 976 2040 1049 2075; x_wconf 87' lang='lat' dir='ltr'>pro</span> <span class='ocrx_word' id='word_1_234' title='bbox 1082 2026 1311 2063; x_wconf 87' lang='lat' dir='ltr'>salvacione</span> <span class='ocrx_word' id='word_1_235' title='bbox 1344 2039 1481 2063; x_wconf 91' lang='lat' dir='ltr'>eorum</span> <span class='ocrx_word' id='word_1_236' title='bbox 1518 2028 1622 2063; x_wconf 89' lang='lat' dir='ltr'>bona</span> <span class='ocrx_word' id='word_1_237' title='bbox 1655 2035 1809 2074; x_wconf 90' lang='lat' dir='ltr'>tempo·</span> <span class='ocrx_word' id='word_1_238' title='bbox 1825 2030 1867 2061; x_wconf 77' lang='lat'>‘30</span> 
     </span>
     <span class='ocr_line' id='line_1_32' title="bbox 492 2084 1809 2132; baseline -0.001 -11"><span class='ocrx_word' id='word_1_239' title='bbox 492 2086 591 2122; x_wconf 88' lang='lat' dir='ltr'>ralia</span> <span class='ocrx_word' id='word_1_240' title='bbox 615 2086 675 2122; x_wconf 90' lang='lat' dir='ltr'>vel</span> <span class='ocrx_word' id='word_1_241' title='bbox 699 2085 779 2122; x_wconf 89' lang='lat' dir='ltr'>alia</span> <span class='ocrx_word' id='word_1_242' title='bbox 813 2084 944 2121; x_wconf 89' lang='lat' dir='ltr'>minus</span> <span class='ocrx_word' id='word_1_243' title='bbox 971 2087 1096 2131; x_wconf 68' lang='lat' dir='ltr'>bona,</span> <span class='ocrx_word' id='word_1_244' title='bbox 1132 2093 1169 2121; x_wconf 89' lang='lat' dir='ltr'>et</span> <span class='ocrx_word' id='word_1_245' title='bbox 1192 2084 1345 2121; x_wconf 88' lang='lat' dir='ltr'>utinam</span> <span class='ocrx_word' id='word_1_246' title='bbox 1372 2085 1610 2132; x_wconf 90' lang='lat' dir='ltr'>placitantes</span> <span class='ocrx_word' id='word_1_247' title='bbox 1633 2084 1673 2120; x_wconf 92' lang='lat' dir='ltr'>in</span> <span class='ocrx_word' id='word_1_248' title='bbox 1698 2084 1809 2121; x_wconf 91' lang='lat' dir='ltr'>curia</span> 
     </span>
     <span class='ocr_line' id='line_1_33' title="bbox 492 2142 1808 2191; baseline 0 -12"><span class='ocrx_word' id='word_1_249' title='bbox 492 2146 675 2180; x_wconf 85' lang='lat' dir='ltr'>Romana</span> <span class='ocrx_word' id='word_1_250' title='bbox 719 2144 779 2179; x_wconf 86' lang='lat' dir='ltr'>vel</span> <span class='ocrx_word' id='word_1_251' title='bbox 823 2152 930 2179; x_wconf 88' lang='lat' dir='ltr'>terra</span> <span class='ocrx_word' id='word_1_252' title='bbox 976 2142 1141 2191; x_wconf 85' lang='lat' dir='ltr'>propria</span> <span class='ocrx_word' id='word_1_253' title='bbox 1180 2155 1253 2190; x_wconf 87' lang='lat' dir='ltr'>pro</span> <span class='ocrx_word' id='word_1_254' title='bbox 1300 2142 1496 2179; x_wconf 86' lang='lat' dir='ltr'>beneficio</span> <span class='ocrx_word' id='word_1_255' title='bbox 1537 2142 1808 2180; x_wconf 87' lang='lat' dir='ltr'>ecclesiastico</span> 
     </span>
     <span class='ocr_line' id='line_1_34' title="bbox 491 2201 1807 2249; baseline 0 -12"><span class='ocrx_word' id='word_1_256' title='bbox 491 2202 550 2238; x_wconf 90' lang='lat' dir='ltr'>vel</span> <span class='ocrx_word' id='word_1_257' title='bbox 585 2201 664 2238; x_wconf 84' lang='lat' dir='ltr'>alio</span> <span class='ocrx_word' id='word_1_258' title='bbox 698 2201 913 2249; x_wconf 85' lang='lat' dir='ltr'>temporali</span> <span class='ocrx_word' id='word_1_259' title='bbox 948 2202 1023 2237; x_wconf 91' lang='lat' dir='ltr'>hoc</span> <span class='ocrx_word' id='word_1_260' title='bbox 1057 2202 1156 2237; x_wconf 89' lang='lat' dir='ltr'>bene</span> <span class='ocrx_word' id='word_1_261' title='bbox 1190 2210 1497 2248; x_wconf 81' lang='lat' dir='ltr'>cognoscerent3</span> <span class='ocrx_word' id='word_1_262' title='bbox 1543 2209 1638 2237; x_wconf 90' lang='lat' dir='ltr'>tunc</span> <span class='ocrx_word' id='word_1_263' title='bbox 1673 2209 1807 2237; x_wconf 87' lang='lat' dir='ltr'>autern</span> 
     </span>
     <span class='ocr_line' id='line_1_35' title="bbox 491 2258 1808 2307; baseline 0 -12"><span class='ocrx_word' id='word_1_264' title='bbox 491 2259 718 2296; x_wconf 87' lang='lat' dir='ltr'>evidencius</span> <span class='ocrx_word' id='word_1_265' title='bbox 763 2272 837 2307; x_wconf 90' lang='lat' dir='ltr'>pro</span> <span class='ocrx_word' id='word_1_266' title='bbox 878 2258 1073 2306; x_wconf 87' lang='lat' dir='ltr'>dignitate</span> <span class='ocrx_word' id='word_1_267' title='bbox 1115 2260 1319 2295; x_wconf 87' lang='lat' dir='ltr'>mundana</span> <span class='ocrx_word' id='word_1_268' title='bbox 1358 2259 1418 2295; x_wconf 91' lang='lat' dir='ltr'>vel</span> <span class='ocrx_word' id='word_1_269' title='bbox 1451 2258 1667 2307; x_wconf 88' lang='lat' dir='ltr'>temporali</span> <span class='ocrx_word' id='word_1_270' title='bbox 1701 2271 1808 2295; x_wconf 90' lang='lat' dir='ltr'>com-</span> 
     </span>
     <span class='ocr_line' id='line_1_36' title="bbox 493 2316 1864 2365; baseline -0.003 -12"><span class='ocrx_word' id='word_1_271' title='bbox 493 2318 614 2353; x_wconf 90' lang='lat' dir='ltr'>modo</span> <span class='ocrx_word' id='word_1_272' title='bbox 647 2330 727 2353; x_wconf 91' lang='lat' dir='ltr'>non</span> <span class='ocrx_word' id='word_1_273' title='bbox 754 2326 994 2365; x_wconf 87' lang='lat' dir='ltr'>pugnarent.</span> <span class='ocrx_word' id='word_1_274' title='bbox 1030 2319 1078 2353; x_wconf 92' lang='lat' dir='ltr'>Et</span> <span class='ocrx_word' id='word_1_275' title='bbox 1111 2316 1166 2353; x_wconf 86' lang='lat' dir='ltr'>ita</span> <span class='ocrx_word' id='word_1_276' title='bbox 1202 2316 1249 2362; x_wconf 83' lang='lat' dir='ltr'>(si</span> <span class='ocrx_word' id='word_1_277' title='bbox 1282 2329 1362 2353; x_wconf 87' lang='lat' dir='ltr'>non</span> <span class='ocrx_word' id='word_1_278' title='bbox 1394 2317 1526 2365; x_wconf 86' lang='lat' dir='ltr'>fallor)</span> <span class='ocrx_word' id='word_1_279' title='bbox 1564 2316 1693 2353; x_wconf 88' lang='lat' dir='ltr'>maior</span> <span class='ocrx_word' id='word_1_280' title='bbox 1716 2329 1807 2365; x_wconf 87' lang='lat' dir='ltr'>pars</span> <span class='ocrx_word' id='word_1_281' title='bbox 1824 2318 1864 2351; x_wconf 77' lang='lat'>35</span> 
     </span>
     <span class='ocr_line' id='line_1_37' title="bbox 492 2374 1808 2423; baseline -0.001 -12"><span class='ocrx_word' id='word_1_282' title='bbox 492 2384 752 2422; x_wconf 89' lang='lat' dir='ltr'>peccatorum</span> <span class='ocrx_word' id='word_1_283' title='bbox 801 2374 1005 2412; x_wconf 87' lang='lat' dir='ltr'>viancium</span> <span class='ocrx_word' id='word_1_284' title='bbox 1052 2387 1095 2411; x_wconf 87' lang='lat' dir='ltr'>ex</span> <span class='ocrx_word' id='word_1_285' title='bbox 1140 2375 1215 2411; x_wconf 89' lang='lat' dir='ltr'>hoc</span> <span class='ocrx_word' id='word_1_286' title='bbox 1262 2374 1530 2411; x_wconf 88' lang='lat' dir='ltr'>committitur</span> <span class='ocrx_word' id='word_1_287' title='bbox 1576 2376 1684 2423; x_wconf 91' lang='lat' dir='ltr'>quod</span> <span class='ocrx_word' id='word_1_288' title='bbox 1727 2387 1808 2410; x_wconf 90' lang='lat' dir='ltr'>non</span> 
     </span>
     <span class='ocr_line' id='line_1_38' title="bbox 491 2432 1807 2482; baseline -0.001 -13"><span class='ocrx_word' id='word_1_289' title='bbox 491 2442 651 2469; x_wconf 86' lang='lat' dir='ltr'>servant</span> <span class='ocrx_word' id='word_1_290' title='bbox 684 2432 816 2469; x_wconf 89' lang='lat' dir='ltr'>debite</span> <span class='ocrx_word' id='word_1_291' title='bbox 850 2434 925 2469; x_wconf 92' lang='lat' dir='ltr'>hoc</span> <span class='ocrx_word' id='word_1_292' title='bbox 960 2441 1216 2481; x_wconf 86' lang='lat' dir='ltr'>preceptum:</span> <span class='ocrx_word' id='word_1_293' title='bbox 1250 2433 1293 2467; x_wconf 80' lang='lat' dir='ltr'>Si</span> <span class='ocrx_word' id='word_1_294' title='bbox 1323 2433 1406 2481; x_wconf 78' lang='lat' dir='ltr'>quis</span> <span class='ocrx_word' id='word_1_295' title='bbox 1438 2440 1473 2469; x_wconf 87' lang='lat' dir='ltr'>te</span> <span class='ocrx_word' id='word_1_296' title='bbox 1499 2432 1740 2482; x_wconf 79' lang='lat' dir='ltr'>percusserit</span> <span class='ocrx_word' id='word_1_297' title='bbox 1772 2433 1807 2468; x_wconf 88' lang='lat' dir='ltr'>in</span> 
     </span>
     <span class='ocr_line' id='line_1_39' title="bbox 493 2491 1808 2539; baseline 0 -13"><span class='ocrx_word' id='word_1_298' title='bbox 493 2491 697 2527; x_wconf 71' lang='lat' dir='ltr'>dexteram</span> <span class='ocrx_word' id='word_1_299' title='bbox 733 2491 950 2536; x_wconf 80' lang='lat' dir='ltr'>maxillam,</span> <span class='ocrx_word' id='word_1_300' title='bbox 986 2491 1106 2539; x_wconf 81' lang='lat' dir='ltr'>prebe</span> <span class='ocrx_word' id='word_1_301' title='bbox 1137 2491 1197 2526; x_wconf 86' lang='lat' dir='ltr'>illi</span> <span class='ocrx_word' id='word_1_302' title='bbox 1227 2498 1262 2526; x_wconf 85' lang='lat' dir='ltr'>et</span> <span class='ocrx_word' id='word_1_303' title='bbox 1293 2491 1472 2537; x_wconf 80' lang='lat' dir='ltr'>alteram,</span> <span class='ocrx_word' id='word_1_304' title='bbox 1513 2491 1607 2539; x_wconf 86' lang='lat' dir='ltr'>quia</span> <span class='ocrx_word' id='word_1_305' title='bbox 1641 2500 1683 2526; x_wconf 91' lang='lat' dir='ltr'>ut</span> <span class='ocrx_word' id='word_1_306' title='bbox 1715 2502 1808 2538; x_wconf 89' lang='lat' dir='ltr'>sepe</span> 
     </span>
     <span class='ocr_line' id='line_1_40' title="bbox 492 2548 1807 2596; baseline 0 -12"><span class='ocrx_word' id='word_1_307' title='bbox 492 2548 642 2585; x_wconf 87' lang='lat' dir='ltr'>dictum</span> <span class='ocrx_word' id='word_1_308' title='bbox 679 2557 755 2585; x_wconf 86' lang='lat' dir='ltr'>est:</span> <span class='ocrx_word' id='word_1_309' title='bbox 791 2548 958 2585; x_wconf 89' lang='lat' dir='ltr'>Minima</span> <span class='ocrx_word' id='word_1_310' title='bbox 992 2561 1084 2596; x_wconf 83' lang='lat' dir='ltr'>pars</span> <span class='ocrx_word' id='word_1_311' title='bbox 1118 2548 1302 2584; x_wconf 88' lang='lat' dir='ltr'>doctrine</span> <span class='ocrx_word' id='word_1_312' title='bbox 1328 2548 1476 2584; x_wconf 87' lang='lat' dir='ltr'>Christi</span> <span class='ocrx_word' id='word_1_313' title='bbox 1510 2557 1547 2585; x_wconf 92' lang='lat' dir='ltr'>et</span> <span class='ocrx_word' id='word_1_314' title='bbox 1580 2548 1807 2596; x_wconf 90' lang='lat' dir='ltr'>specialiter</span> 
     </span>
    </p>
   </div>
   <div class='ocr_carea' id='block_1_3' title="bbox 491 2715 1807 2821">
    <p class='ocr_par' dir='ltr' id='par_1_8' title="bbox 491 2715 1807 2821">
     <span class='ocr_line' id='line_1_41' title="bbox 564 2715 1807 2753; baseline -0.001 -9"><span class='ocrx_word' id='word_1_315' title='bbox 564 2726 581 2744; x_wconf 88' lang='lat'>1.</span> <span class='ocrx_word' id='word_1_316' title='bbox 604 2718 647 2745; x_wconf 88' lang='lat' dir='ltr'>A:</span> <span class='ocrx_word' id='word_1_317' title='bbox 668 2718 768 2750; x_wconf 79' lang='lat' dir='ltr'>servi,·</span> <span class='ocrx_word' id='word_1_318' title='bbox 799 2718 842 2744; x_wconf 91' lang='lat' dir='ltr'>A:</span> <span class='ocrx_word' id='word_1_319' title='bbox 864 2718 1039 2746; x_wconf 79' lang='lat' dir='ltr'>secundum.</span> <span class='ocrx_word' id='word_1_320' title='bbox 1148 2724 1195 2750; x_wconf 85' lang='lat'>20,</span> <span class='ocrx_word' id='word_1_321' title='bbox 1217 2724 1256 2744; x_wconf 86' lang='lat'>21.</span> <span class='ocrx_word' id='word_1_322' title='bbox 1284 2718 1327 2744; x_wconf 92' lang='lat' dir='ltr'>A:</span> <span class='ocrx_word' id='word_1_323' title='bbox 1355 2716 1550 2744; x_wconf 81' lang='lat' dir='ltr'>sacerdotum</span> <span class='ocrx_word' id='word_1_324' title='bbox 1567 2715 1638 2753; x_wconf 81' lang='lat' dir='ltr'>fuit</span> <span class='ocrx_word' id='word_1_325' title='bbox 1662 2716 1747 2751; x_wconf 75' lang='lat' dir='ltr'>quod</span> <span class='ocrx_word' id='word_1_326' title='bbox 1776 2719 1807 2743; x_wconf 85' lang='lat' dir='ltr'>ut</span> 
     </span>
     <span class='ocr_line' id='line_1_42' title="bbox 491 2751 1806 2788; baseline -0.002 -9"><span class='ocrx_word' id='word_1_327' title='bbox 491 2752 684 2788; x_wconf 70' lang='lat' dir='ltr'>Augustinus</span> <span class='ocrx_word' id='word_1_328' title='bbox 722 2752 832 2787; x_wconf 79' lang='lat' dir='ltr'>innuit,</span> <span class='ocrx_word' id='word_1_329' title='bbox 870 2752 883 2778; x_wconf 77' lang='lat' dir='ltr'><em>i</em></span> <span class='ocrx_word' id='word_1_330' title='bbox 903 2760 936 2779; x_wconf 78' lang='lat' dir='ltr'>se</span> <span class='ocrx_word' id='word_1_331' title='bbox 963 2751 1034 2787; x_wconf 84' lang='lat' dir='ltr'>suit</span> <span class='ocrx_word' id='word_1_332' title='bbox 1069 2752 1294 2787; x_wconf 74' lang='lat' dir='ltr'>dampnandus.</span> <span class='ocrx_word' id='word_1_333' title='bbox 1323 2767 1326 2774; x_wconf 49' lang='grc' dir='ltr'><strong><em>ι</em></strong></span> <span class='ocrx_word' id='word_1_334' title='bbox 1381 2751 1420 2778; x_wconf 66' lang='lat'>5³5.</span> <span class='ocrx_word' id='word_1_335' title='bbox 1455 2751 1572 2778; x_wconf 87' lang='lat' dir='ltr'>Codd.:</span> <span class='ocrx_word' id='word_1_336' title='bbox 1605 2751 1806 2787; x_wconf 71' lang='lat' dir='ltr'>Augustinus.</span> 
     </span>
     <span class='ocr_line' id='line_1_43' title="bbox 492 2785 1804 2821; baseline -0.001 -8"><span class='ocrx_word' id='word_1_337' title='bbox 492 2786 517 2813; x_wconf 81' lang='lat'>31</span> <span class='ocrx_word' id='word_1_338' title='bbox 552 2789 596 2814; x_wconf 84' lang='lat' dir='ltr'>A:</span> <span class='ocrx_word' id='word_1_339' title='bbox 618 2791 651 2814; x_wconf 84' lang='lat' dir='ltr'>ut</span> <span class='ocrx_word' id='word_1_340' title='bbox 671 2787 796 2814; x_wconf 81' lang='lat' dir='ltr'>utinam.</span> <span class='ocrx_word' id='word_1_341' title='bbox 890 2786 914 2821; x_wconf 78' lang='lat'>3,</span> <span class='ocrx_word' id='word_1_342' title='bbox 930 2786 976 2821; x_wconf 86' lang='lat'>34.</span> <span class='ocrx_word' id='word_1_343' title='bbox 998 2788 1041 2814; x_wconf 93' lang='lat' dir='ltr'>A:</span> <span class='ocrx_word' id='word_1_344' title='bbox 1064 2787 1122 2813; x_wconf 79' lang='lat' dir='ltr'>hoc</span> <span class='ocrx_word' id='word_1_345' title='bbox 1140 2802 1174 2806; x_wconf 98' lang='lat'><strong>—</strong></span> <span class='ocrx_word' id='word_1_346' title='bbox 1193 2786 1361 2821; x_wconf 77' lang='lat' dir='ltr'>temporali</span> <span class='ocrx_word' id='word_1_347' title='bbox 1380 2786 1472 2813; x_wconf 80' lang='lat' dir='ltr'>deest.</span> <span class='ocrx_word' id='word_1_348' title='bbox 1547 2785 1591 2813; x_wconf 75' lang='lat'>38.</span> <span class='ocrx_word' id='word_1_349' title='bbox 1607 2787 1651 2813; x_wconf 82' lang='lat' dir='ltr'>A:</span> <span class='ocrx_word' id='word_1_350' title='bbox 1667 2789 1699 2813; x_wconf 82' lang='lat' dir='ltr'>ut</span> <span class='ocrx_word' id='word_1_351' title='bbox 1713 2786 1804 2813; x_wconf 84' lang='lat' dir='ltr'>deest.</span> 
     </span>
    </p>
   </div>
   <div class='ocr_carea' id='block_1_4' title="bbox 563 2857 1572 2900">
    <p class='ocr_par' dir='ltr' id='par_1_9' title="bbox 563 2857 1572 2900">
     <span class='ocr_line' id='line_1_44' title="bbox 563 2857 1572 2900; baseline 0.001 -11"><span class='ocrx_word' id='word_1_352' title='bbox 563 2869 593 2899; x_wconf 84' lang='lat'>7.</span> <span class='ocrx_word' id='word_1_353' title='bbox 622 2859 694 2889; x_wconf 89' lang='lat' dir='ltr'>Act.</span> <span class='ocrx_word' id='word_1_354' title='bbox 721 2858 838 2898; x_wconf 89' lang='lat' dir='ltr'>XXIII,</span> <span class='ocrx_word' id='word_1_355' title='bbox 867 2859 894 2890; x_wconf 77' lang='lat'>3.</span> <span class='ocrx_word' id='word_1_356' title='bbox 998 2868 1046 2889; x_wconf 86' lang='lat'>12.</span> <span class='ocrx_word' id='word_1_357' title='bbox 1075 2858 1119 2889; x_wconf 82' lang='lat' dir='ltr'>ib.</span> <span class='ocrx_word' id='word_1_358' title='bbox 1222 2869 1270 2900; x_wconf 71' lang='lat'>19-</span> <span class='ocrx_word' id='word_1_359' title='bbox 1299 2859 1373 2889; x_wconf 80' lang='lat' dir='ltr'>Act.</span> <span class='ocrx_word' id='word_1_360' title='bbox 1399 2857 1514 2896; x_wconf 89' lang='lat' dir='ltr'>XXIII,</span> <span class='ocrx_word' id='word_1_361' title='bbox 1545 2858 1572 2890; x_wconf 89' lang='grc'>5.</span> 
     </span>
    </p>
   </div>
  </div>
 </body>
</html>
