2003 3322
864 249 982 281 OPUS
1008 249 1343 281 EVANGELICUM
1506 236 1613 291 [CAP.
1636 247 1758 275 xxvn.

445 357 480 393 si
515 369 588 405 qua
621 364 709 393 sunt
742 356 821 393 alia
862 356 1093 402 necessaria,
1137 357 1206 393 sed
1248 356 1333 392 ideo
1378 357 1448 393 ista
1493 364 1675 404 sumeret,
1721 364 1761 393 ut

445 416 544 451 illud
565 415 755 464 impleret,
780 427 825 451 ne
847 427 919 450 non
944 414 1086 460 volens,
1119 415 1188 451 sed
1210 414 1436 451 necessitate
1458 414 1758 467 evangelizaret.

445 473 533 510 Hoc
566 473 663 509 enim
698 473 893 522 improbat
924 485 1009 508 cum
1048 472 1160 508 dicit:
1203 473 1369 509 Nescitis
1407 473 1584 521 quoniam
1624 473 1688 521 qui
1725 473 1761 509 in

446 532 588 580 templo
611 538 825 580 operantur
846 543 916 579 que
939 531 986 567 de
1015 530 1157 579 templo
1179 538 1267 566 sunt
1295 526 1299 582 Ι
1327 532 1456 576 edunt,
1493 538 1529 566 et
1551 531 1616 579 qui
1642 531 1764 567 altari

446 589 679 635 deserviunt,
709 589 831 624 altari
850 588 1186 637 comparciuntur:
1208 588 1262 624 sic
1284 596 1319 625 et
1344 589 1537 625 Dominus
1566 588 1763 625 ordinavit

445 648 499 683 eis
531 648 595 696 qui
625 647 870 698 evangelium
903 646 1136 682 annunciant
1176 647 1222 682 de
1255 647 1458 696 evangelio
1498 647 1647 683 vivere:
1689 658 1762 697 ego

446 713 571 741 autem
606 705 748 741 nullius
780 706 919 741 horum
953 717 1041 741 usus
1072 716 1170 740 sum.
1210 704 1287 741 Hic
1319 712 1445 741 autem
1479 705 1644 741 ostendit
1670 716 1762 754 per-

446 763 604 799 missum
633 775 726 806 esse,
759 775 832 799 non
865 763 1022 805 iussum,
1055 762 1223 811 alioquin
1256 770 1390 798 contra
1425 770 1650 811 preceptum
1684 763 1765 798 Do-

446 821 713 870 minifecisset
735 821 919 857 enebitur.
955 820 1105 856 Deinde
1135 820 1308 869 sequitur
1329 828 1365 856 et
1388 820 1498 856 dicit:
1521 821 1608 856 Non
1637 828 1762 856 autem

446 880 517 917 hec
553 879 696 928 scripsi
732 886 772 914 ut
804 879 855 914 ita
884 878 989 929 fiant
1028 878 1063 913 in
1105 890 1175 914 nze.
1221 879 1372 914 Bonum
1413 886 1467 915 est
1506 879 1601 914 mihi
1637 878 1765 928 magis

447 937 550 973 mori
569 950 681 986 quam
712 944 751 972 ut
775 937 949 987 gloriam
975 948 1098 972 meam
1124 935 1323 984 quisquam
1336 936 1468 985 faciat
1490 936 1652 972 inanem.
1677 936 1765 972 Hoc

438 995 547 1031 dixit
579 995 757 1044 quoniam
790 1001 982 1031 statuerat
1009 1001 1177 1043 propter
1199 995 1385 1042 quosdam
1419 994 1655 1030 occasionem
1679 1006 1766 1042 que-

447 1060 575 1089 rentes
607 1053 782 1089 manibus
812 1053 892 1089 suis
926 1052 1066 1087 victum
1101 1052 1336 1102 transigere.
1372 1052 1415 1087 Si
1446 1052 1543 1088 enim
1568 1051 1764 1102 evangeli-

445 1123 602 1162 {avero,
635 1111 766 1159 inquit,
800 1123 873 1147 non
907 1110 1001 1146 mihi
1028 1110 1173 1160 gloria,
1207 1110 1247 1145 id
1279 1117 1346 1155 est,
1378 1110 1412 1146 si
1442 1110 1765 1162 evangelizavero

447 1176 487 1204 ut
518 1169 589 1205 ista
612 1169 717 1219 fiant
749 1169 785 1204 in
819 1180 890 1214 me,
931 1168 971 1203 id
1009 1166 1076 1214 es‘t,
1115 1168 1149 1204 si
1181 1175 1395 1217 propterea
1441 1168 1765 1219 evangelizavero

448 1234 486 1262 ut
518 1227 570 1262 ad
602 1227 668 1263 illa
697 1227 922 1276 perveniam
958 1233 991 1262 et
1013 1226 1136 1276 finem
1176 1226 1373 1276 evangelii
1409 1226 1443 1261 in
1483 1226 1564 1262 cibo
1604 1233 1638 1262 et
1671 1233 1765 1275 potu

447 1293 482 1321 et
528 1285 664 1321 vestitu
709 1285 964 1321 collocavero.
1020 1285 1098 1319 Sed
1141 1296 1260 1332 quare
1305 1296 1377 1320 non
1422 1291 1477 1320 est
1525 1284 1560 1320 ei
1602 1283 1767 1334 gloria?

448 1343 670 1379 Necessitas
692 1342 790 1379 enim
814 1343 910 1378 mihi
929 1342 1123 1387 incumbit,
1158 1342 1198 1377 id
1220 1349 1287 1387 est,
1317 1349 1356 1377 ut
1378 1342 1461 1378 ideo
1485 1342 1766 1393 evangelizem,

448 1401 533 1449 quia
567 1401 666 1437 unde
689 1401 825 1442 ,vivam
859 1413 932 1437 non
965 1401 1098 1446 habeo,
1131 1406 1197 1435 aut
1220 1408 1258 1435 ut
1280 1400 1479 1448 acquiram
1511 1400 1765 1449 temporalem

439 1459 623 1508 fructum
649 1459 695 1495 de
707 1459 982 1507 predicacione
1004 1465 1242 1500 eternorum,
1265 1458 1319 1494 sic
1342 1458 1438 1494 enini
1464 1458 1538 1493 iam
1564 1457 1768 1494 necessitas

448 1524 533 1553 erat
564 1517 599 1552 in
633 1517 851 1568 evangelio,
885 1529 956 1552 non
994 1517 1182 1552 voluntas.
1226 1516 1276 1552 Ve
1299 1516 1396 1552 enim
1421 1516 1517 1551 mihi
1537 1523 1604 1561 est,
1635 1515 1767 1565 inquit,

447 1575 481 1611 si
512 1587 584 1611 non
618 1575 954 1626 evangelizavero.
992 1575 1069 1610 Sed
1101 1574 1291 1622 quomodo
1326 1575 1435 1610 debet
1463 1573 1768 1625 evangelizare?

447 1633 592 1670 scilicet
631 1640 671 1668 ut
708 1633 743 1668 in
783 1633 864 1681 ipso
904 1633 1106 1682 evangelio
1146 1632 1264 1667 eciam
1304 1632 1339 1668 in
1381 1644 1503 1682 regno
1538 1632 1615 1668 Dei
1646 1638 1768 1680 ponat

449 1691 687 1733 mercedem‚·
723 1691 775 1726 ita
809 1691 906 1726 enim
936 1698 1063 1739 potest
1096 1701 1169 1726 non
1202 1697 1357 1726 coactus
1394 1690 1670 1742 evangeliqare
1699 1688 1768 1725 sed

450 1749 591 1786 volens.
628 1749 669 1784 Si
690 1749 788 1785 enim
814 1749 956 1793 volens,
989 1749 1121 1797 inquit,
1156 1748 1227 1783 hoc
1240 1748 1353 1796 facio
1378 1748 1594 1783 mercedem
1625 1747 1768 1791 habeo;

447 1807 481 1843 si
512 1814 638 1843 autem
671 1807 812 1843 invitus
844 1806 1083 1855 dispensacio
1123 1805 1217 1841 mihi
1253 1806 1405 1842 credita
1442 1813 1510 1851 est,
1550 1805 1590 1841 id
1628 1812 1696 1849 est,
1734 1805 1770 1841 si

448 1872 602 1901 coactus
634 1865 761 1914 inopia
795 1877 929 1900 earum
963 1877 1095 1900 rerum
1120 1876 1190 1912 que
1221 1864 1308 1900 liuic
1341 1863 1414 1899 vite
1444 1863 1653 1911 temporali
1679 1870 1767 1898 sunt

449 1923 676 1968 necessarie,
718 1923 880 1971 predico
930 1922 1189 1973 evangelium,
1245 1922 1313 1957 alii
1350 1934 1425 1970 per
1469 1934 1528 1957 me
1577 1921 1767 1956 habebunt

449 1981 664 2016 mercedem
700 1980 895 2030 evangelii
925 1980 990 2028 qui
1019 1980 1261 2029 evangelium
1297 1980 1419 2028 ipsum
1453 1991 1512 2015 me
1538 1979 1768 2028 predicante

1785 889 1823 910 10

1786 1167 1822 1200 15

1785 1473 1826 1494 20

1785 1751 1824 1784 25

450 2039 633 2088 diligent:
677 2051 750 2088 ego
784 2046 910 2074 autem
951 2051 1023 2074 non
1063 2038 1220 2083 habebo⁷
1254 2037 1342 2086 quia
1380 2050 1452 2073 non
1491 2038 1614 2085 ipsum
1649 2049 1763 2072 evan-
1783 2041 1826 2073 30

447 2096 592 2145 gelium
626 2096 763 2147 diligo,
796 2097 864 2132 sed
896 2103 1042 2132 tantum
1077 2096 1156 2132 eius
1182 2095 1358 2144 precium
1392 2095 1427 2130 in
1460 2095 1538 2131 illis
1569 2102 1764 2143 tempora-

449 2154 546 2190 libus
577 2154 836 2190 constitutum.
877 2154 992 2198 Quod
1023 2155 1132 2203 nefas
1164 2161 1219 2189 est
1240 2152 1349 2202 fieri,
1389 2161 1428 2189 ut
1459 2165 1533 2188 non
1567 2160 1762 2200 tamquam

438 2211 551 2261 filins
584 2212 778 2248 ministrat
811 2212 968 2260 quisque
999 2212 1258 2262 evangelium,
1296 2211 1365 2246 sed
1397 2218 1592 2260 tamqnam
1626 2222 1763 2245 servus

448 2270 511 2305 cui
542 2270 781 2318 dispensacio
815 2270 961 2306 credita
995 2277 1061 2316 est,
1102 2277 1141 2305 ιιι
1173 2277 1367 2317 tamquam
1408 2269 1573 2304 alienum
1613 2274 1762 2317 eroget,

451 2328 548 2363 nihil
579 2328 667 2363 inde
699 2328 778 2376 ipse
809 2328 972 2376 accipiat
1000 2335 1137 2376 preter
1169 2326 1315 2362 cibaria
1339 2338 1409 2374 que
1441 2339 1512 2362 non
1537 2327 1583 2361 de
1601 2325 1762 2374 partici-
1781 2330 1821 2363 35

444 2386 607 2434 pacione
640 2386 765 2435 regni,
798 2386 868 2421 sed
898 2386 1199 2421 sustentaculum
1225 2384 1379 2420 miserie
1400 2384 1596 2420 servitutis
1620 2384 1763 2418 dantur

450 2443 702 2479 extrinsecus.
735 2444 861 2487 Quam
881 2443 1073 2491 quamalio
1089 2444 1172 2479 loco
1196 2450 1232 2478 et
1255 2442 1561 2491 dispensatorem
1584 2453 1624 2477 se
1647 2441 1761 2486 dicat,

445 2508 573 2549 potest
619 2501 715 2536 enim
762 2509 797 2536 et
843 2513 979 2537 servus
1023 2501 1058 2536 in
1085 2501 1265 2550 filiorum
1305 2512 1507 2535 numerum
1555 2499 1762 2547 adoptatus

451 2570 530 2593 rem
583 2559 704 2607 ipsam
750 2559 785 2594 in
829 2571 902 2607 qua
948 2559 1149 2594 coheredis
1191 2565 1336 2594 sortem
1390 2557 1543 2603 meruit,
1584 2556 1762 2605 fideliter

519 2724 543 2752 3.
566 2726 602 2752 ss:
626 2733 690 2752 cum
711 2726 752 2752 in.
861 2733 900 2752 21.
923 2726 965 2752 A:
995 2728 1041 2752 est
1064 2725 1167 2760 inquit
1191 2725 1286 2751 deest.
1394 2723 1437 2751 23.
1464 2726 1508 2751 A:
1536 2727 1566 2751 et
1590 2724 1621 2750 in
1648 2730 1759 2758 regno.

449 2759 490 2787 25.
512 2760 551 2787 B:
574 2762 653 2796 enim
674 2760 766 2787 deest.
840 2758 885 2787 30.
902 2760 940 2787 B:
962 2767 1022 2796 ego
1043 2768 1125 2787 vevo.
1199 2758 1237 2786 31.
1255 2759 1293 2786 B:
1315 2759 1377 2786 illis
1398 2760 1491 2785 deest.
1565 2757 1606 2785 35.
1630 2758 1668 2785 B:
1689 2757 1761 2784 inde

451 2795 549 2828 dee513
571 2795 611 2822 ib.
634 2794 672 2821 B:
695 2796 807 2829 capiat.

519 2877 551 2906 4.
582 2867 602 2896 1.
632 2866 710 2898 Cor.
739 2867 792 2905 IX,
825 2867 873 2898 13.
970 2876 1001 2908 9.
1029 2866 1072 2897 ib.
1106 2866 1153 2897 15.
1257 2866 1304 2898 13.
1332 2865 1374 2896 ib.
1425 2864 1456 2896 6.
1555 2863 1606 2895 25.
1634 2863 1677 2895 ib.
1711 2873 1758 2904 ¹7·
