2062 3327
222 922 453 961 CI11·ysostpm's

247 961 432 993 exposmon.

908 229 1026 261 OPUS
1052 229 1388 261 EVANGELICUM
1634 215 1740 269 [CAP.
1761 225 1800 253 v.

552 338 631 373 Sed
654 337 751 373 tales
775 335 1032 372 difficultates
1054 344 1146 371 sunt
1167 343 1375 384 tamquam
1392 335 1552 371 inutiles
1575 334 1804 380 deridende,

494 407 584 430 cum
620 394 800 430 Christus
834 402 1044 442 tamquam
1079 392 1269 440 magister
1302 392 1478 441 optimus
1512 406 1585 441 pro
1617 393 1715 430 locis
1748 393 1806 428 di-

492 452 614 488 versis
648 451 878 500 disparibus
913 450 1142 488 hominibus
1187 459 1307 499 atque
1352 451 1603 499 temporibus
1637 452 1805 487 eandem

493 509 739 546 sentenciam
786 521 879 557 sepe
928 508 1037 553 dixit,
1087 508 1302 557 utrobique
1341 517 1477 545 tamen
1514 518 1556 544 ut
1588 508 1708 544 fidem
1744 521 1807 545 ca-

494 567 627 615 pimus
660 568 768 616 quod
806 567 929 603 nichil
970 567 1005 603 fe
1034 562 1038 619 Ι
1068 566 1120 602 cit
1161 579 1204 602 ex
1242 566 1516 603 indifferencia
1549 566 1609 603 vel
1640 566 1808 603 variavit
1848 562 1908 605 354

495 625 580 662 sine
603 624 772 662 notabili
797 625 977 670 racione;
1001 624 1091 660 ideo
1122 633 1263 672 arguat
1285 624 1554 661 Antichristus
1588 624 1619 660 si
1652 623 1809 661 sciverit

494 685 601 731 quod
625 683 806 720 Christus
830 682 926 719 dicit
953 681 1175 719 contrarias
1209 682 1430 719 sentencias
1464 682 1528 718 hic
1561 691 1598 718 et
1630 681 1704 729 ibi3
1739 683 1809 718 sed

494 754 584 778 cum
633 742 708 777 hoe
755 753 835 777 non
882 740 1042 789 poterit,
1095 741 1254 777 studeat
1297 740 1513 777 efficaciter
1564 739 1808 776 sentenciam

494 798 730 835 Salvatoris.

551 857 664 894 Unde
697 856 967 894 Crisostomus
1001 855 1158 893 Omelia
1190 868 1297 892 nona
1330 854 1473 904 Operis
1505 855 1751 904 Imperfecti:
1831 864 1870 885 10

557 914 744 959 Quamvis
776 915 879 964 ipsas
901 914 1152 951 beatitudines
1174 921 1343 963 exponat
1365 925 1416 950 ex
1432 920 1549 962 parte
1571 921 1606 950 et
1627 914 1811 964 Evange-

493 972 579 1008 lista
612 973 751 1023 Lucas,
784 980 910 1009 tamen
943 973 1012 1009 iste
1056 972 1306 1008 beatitudines
1345 971 1611 1021 perfecciores
1648 972 1725 1007 illis
1756 971 1811 1007 in-

492 1030 702 1081 telligende
731 1038 832 1078 sunt,
865 1031 1041 1079 quoniam
1074 1030 1139 1066 ille
1171 1030 1206 1065 in
1239 1030 1321 1066 loco
1344 1029 1554 1079 campestri
1584 1030 1682 1066 dicte
1712 1036 1811 1073 sunt,

493 1088 562 1125 iste
604 1096 730 1125 autem
773 1101 891 1138 super
934 1095 1111 1125 montem.
1158 1088 1228 1124 Ille
1259 1088 1528 1131 mediocribus,
1571 1088 1641 1124 iste
1685 1094 1811 1123 autem

488 1146 678 1195 prefectis
711 1153 746 1182 et
778 1147 995 1183 rectoribus
1033 1146 1283 1195 populorum,
1328 1145 1425 1181 sicut
1448 1145 1617 1193 fuerunt
1648 1143 1869 1195 apostoli15

493 1205 545 1239 ad
575 1216 668 1253 quos
700 1205 800 1241 dicta
832 1211 920 1241 sunt
951 1204 1031 1240 hec.
1082 1204 1166 1240 Illic
1209 1211 1334 1240 autem
1366 1203 1594 1252 simpliciter
1620 1215 1814 1252 pauperes

495 1262 607 1309 dixit,
631 1263 690 1298 hic
710 1270 836 1299 autem
853 1274 1048 1312 pauperes
1068 1262 1219 1311 spiritu.
1244 1262 1411 1310 Pauper,
1435 1260 1579 1311 inquit,
1599 1261 1737 1310 spiritu
1761 1268 1815 1296 est

495 1320 649 1356 humilis
681 1321 811 1368 corde,
844 1321 883 1356 id
914 1327 982 1367 est,
1008 1332 1227 1369 pauperum
1260 1319 1438 1368 spiritum
1471 1319 1613 1355 habens
1645 1319 1710 1368 qui
1739 1330 1811 1354 non

496 1391 641 1428 magna
679 1379 779 1428 sapit
813 1379 859 1414 de
889 1390 940 1414 se.
980 1378 1049 1414 Ex
1083 1378 1249 1413 adverso
1285 1377 1390 1413 dives
1417 1377 1556 1426 spiritu
1585 1376 1817 1427 intelligitur

494 1449 638 1487 magna
672 1437 718 1472 de
748 1449 788 1472 se
817 1436 969 1485 sapiens
1001 1443 1035 1472 et
1066 1436 1255 1485 superbus
1287 1435 1352 1484 qui
1382 1447 1454 1470 non
1488 1435 1619 1484 implet
1651 1435 1812 1470 manda-
1831 1445 1872 1465 20

495 1501 573 1529 tum
615 1494 764 1530 Christi
793 1494 972 1530 dicentis:
1008 1494 1095 1530 Nisi
1124 1493 1302 1530 conversi
1329 1492 1494 1541 fueritis
1525 1500 1560 1528 et
1592 1492 1816 1542 efficiamini

494 1553 591 1588 sicut
632 1553 806 1601 parvuli,
852 1565 925 1588 non
973 1552 1165 1588 intrabitis
1207 1551 1243 1587 in
1289 1563 1452 1601 regnum
1505 1551 1689 1586 celorum.
1737 1550 1814 1594 Qui

495 1610 591 1645 enim
625 1611 699 1646 iam
732 1623 940 1646 conversus
961 1611 1098 1659 factus
1130 1617 1185 1646 est
1214 1609 1311 1645 sicut
1338 1621 1452 1658 puer,
1485 1609 1549 1644 ille
1580 1615 1634 1644 est
1661 1620 1814 1657 pauper

496 1669 648 1717 spiritu.
693 1668 745 1703 Et
777 1668 841 1717 qui
881 1680 1032 1717 pauper
1074 1675 1129 1704 est
1159 1667 1310 1716 spiritu,
1350 1667 1415 1702 ille
1445 1679 1653 1702 conversus
1675 1666 1814 1714 factus

496 1734 550 1762 est
580 1726 677 1762 sicut
704 1739 816 1775 puer.
865 1728 913 1761 Et
946 1725 1042 1762 dicit
1086 1726 1346 1773 postmodum
1386 1725 1495 1772 quod
1529 1724 1665 1760 nutrix
1696 1724 1811 1759 dilec-
1829 1723 1868 1755 25

496 1784 614 1820 cionis
646 1791 700 1820 est
736 1784 932 1819 humilitas
964 1791 998 1819 et
1032 1784 1111 1820 odii
1141 1790 1267 1818 mater
1296 1783 1488 1832 superbia.
1542 1782 1657 1832 Ergo
1692 1782 1813 1817 tocius

497 1842 585 1878 boni
615 1842 812 1877 hmnilitas
835 1842 988 1878 inicium
1022 1849 1076 1877 est
1098 1849 1132 1877 et
1155 1842 1276 1877 tocius
1298 1840 1393 1876 mali
1412 1840 1605 1889 superbia.
1639 1840 1812 1888 Denique

497 1908 531 1936 et
570 1900 807 1948 perdicionis
849 1900 1001 1936 inicium
1040 1913 1062 1935 a
1094 1899 1273 1948 superbia
1314 1898 1411 1947 cepit
1443 1911 1518 1947 per
1551 1897 1743 1933 diabolum
1778 1904 1812 1933 et

498 1956 650 1995 inicium
682 1958 818 1994 salutis
850 1958 896 1993 ab
930 1958 1144 1993 humilitate
1171 1970 1244 2006 per
1282 1957 1501 1992 Christum:
1534 1963 1745 2005 propterea
1778 1962 1812 1990 et

497 2016 764 2052 convenienter
785 2016 951 2051 omnium
968 2015 1240 2051 beatitudinum
1257 2015 1507 2050 hmnilitatem
1523 2014 1623 2062 fecit
1646 2014 1809 2049 inicium.
1828 2015 1870 2047 30

498 2075 575 2110 Sed
620 2083 710 2122 post
754 2074 809 2110 sic
855 2073 1011 2110 dubitat
1056 2086 1175 2122 quare
1221 2086 1294 2109 non
1339 2072 1458 2108 dixit:
1502 2072 1615 2108 Beati
1650 2072 1812 2107 humiles

497 2132 649 2181 spiritu,
694 2141 731 2168 et
764 2145 833 2168 sua
879 2131 1032 2168 solucio
1082 2140 1158 2167 stat
1196 2131 1237 2167 in
1276 2130 1351 2166 isto
1398 2132 1505 2178 quod
1557 2129 1680 2178 aliqui
1721 2137 1811 2165 sunt

499 2190 670 2225 humiles
703 2203 725 2226 a
757 2199 901 2226 natura
939 2198 976 2225 et
1015 2189 1136 2238 aliqui
1179 2189 1350 2224 humiles
1384 2200 1427 2223 ex
1462 2188 1539 2224 fide
1570 2188 1631 2224 vel
1663 2187 1810 2235 gracia,

500 2257 536 2283 et
569 2248 677 2284 illam
728 2247 994 2284 humilitatem
1041 2261 1111 2295 per
1157 2248 1228 2283 hec
1273 2256 1367 2294 apta
1409 2246 1573 2282 nomina
1607 2245 1670 2281 hic
1704 2258 1812 2281 com-

501 2307 674 2342 mendat.
708 2306 760 2341 Et
782 2307 891 2352 tales,
915 2306 1057 2354 inquit,
1079 2312 1165 2341 sunt
1188 2305 1403 2354 indigentes
1435 2305 1609 2349 humiles,
1643 2311 1681 2338 ut
1713 2315 1809 2339 sem-
1829 2303 1868 2335 35

493 2376 568 2412 per
598 2364 672 2399 sint
705 2364 780 2400 Dei
799 2364 1034 2399 adiutorium
1069 2363 1337 2399 mendicantes.
1377 2363 1484 2398 Unde
1515 2363 1550 2398 in
1579 2363 1705 2397 Greco
1739 2374 1811 2397 non

499 2422 610 2457 dicit:
637 2422 751 2458 Beati
775 2434 969 2471 pauperes
1001 2422 1069 2458 sed
1100 2422 1200 2457 beati
1230 2421 1342 2471 egeni
1364 2421 1423 2456 vel
1443 2420 1543 2456 beati
1563 2419 1736 2455 mendici.
1772 2419 1815 2454 Si

570 2623 589 2641 1.
611 2615 639 2640 A
660 2613 688 2640 in
713 2622 825 2648 marg:
849 2614 1026 2649 Ix'esponsm.
1110 2623 1139 2647 4.
1163 2614 1200 2640 Βῑ
1222 2613 1408 2640 sentenciam
1430 2613 1523 2639 deest.
1604 2620 1643 2638 ιο.
1666 2612 1708 2638 ss:
1729 2618 1810 2638 nona

500 2649 529 2675 in
550 2647 743 2684 Imperfet‘m.
837 2657 870 2681 ιι,
894 2657 931 2675 12.
954 2650 996 2675 A:
1019 2649 1098 2675 enim
1118 2648 1330 2683 Ia'vangelica‚·
1357 2650 1384 2675 A
1406 2648 1434 2674 in
1458 2654 1571 2680 marg:
1594 2646 1809 2673 Crisostomus.

502 2684 591 2716 141³:
608 2688 747 2715 montem,
763 2683 796 2709 id
809 2686 861 2710 est.
936 2692 976 2717 ις).
994 2683 1255 2718 chrysostomus:
1270 2682 1356 2709 Sicut
1370 2690 1416 2709 ex.
1490 2690 1533 2708 22.
1550 2681 1810 2716 chrysostomus:

497 2719 574 2744 sicut
590 2726 670 2752 puer
690 2718 756 2744 isle.

575 2812 623 2832 10.
651 2802 803 2832 Homilia
831 2812 922 2831 nona
949 2812 987 2833 ex
1016 2802 1126 2842 capite
1154 2802 1287 2842 quinto.
1314 2801 1406 2841 Opp.
1432 2800 1453 2831 l.
1473 2810 1501 2830 c.
1529 2809 1606 2841 pag.
1626 2798 1702 2840 788,
1731 2797 1807 2841 789.

503 2857 554 2878 21.
582 2848 700 2878 Matth.
728 2848 847 2887 XVIII,
876 2849 905 2880 3.
