2062 3327
188 254 209 289 8
890 259 1008 290 opos
1034 258 1372 290 EVANGEUCUM
1606 246 1714 299 [mv.
1736 255 1787 282 111.

477 366 759 410 cardinalibus,
794 364 992 413 episcopis
1026 373 1063 400 et
1092 363 1330 411 generaliter
1359 365 1407 400 de
1441 364 1593 400 cunctis
1616 363 1792 411 prelatis,

477 433 519 460 ut
555 424 593 459 in
626 423 790 460 instanti
839 422 1007 459 ecclesia
1053 431 1144 458 sunt
1191 421 1384 467 maiores;
1430 431 1466 458 et
1514 434 1603 458 cum
1638 434 1681 458 ex
1716 421 1794 457 fide

227 489 294 517 'l'he
314 489 422 550 liiffilier
478 481 678 519 credimus
711 482 820 528 quod
853 488 1012 528 oportet
1045 492 1206 516 ornnem
1250 480 1485 516 salvandum
1519 479 1631 527 sequi
1665 478 1794 515 domi-

228 525 330 559 clergy
374 531 427 549 ave
870 537 889 556 ,-
1415 537 1421 543 .
1552 537 1558 542 .
1614 537 1621 543 .

245 559 352 585 ceascd
375 562 404 584 to
478 552 573 576 num
615 541 749 575 Jesum
797 539 1019 584 Chilstum,
1065 550 1154 574 cum
1200 550 1243 573 ex
1288 537 1366 573 fide
1413 550 1497 585 ipse
1530 545 1580 573 s1t
1613 537 1795 573 ierarcha

211 593 440 655 ἱῗξξῖιῄξᾞῑῗ
478 597 606 633 tocius
639 595 792 633 ordinis
826 594 1048 642 christiani,
1084 604 1193 643 patet
1222 604 1370 643 quante
1405 594 1623 631 christiana
1656 594 1830 642 religi05

223 668 305 697 great
325 663 429 689 abuse.
479 668 521 691 ex
545 655 701 691 cautela
725 653 874 690 diaboli
908 662 965 690 est
997 666 1194 701 perversa.
1229 655 1277 689 Et
1300 652 1376 689 ista
1399 661 1530 701 potest
1553 652 1631 689 dici
1655 652 1796 689 abusio

478 721 708 761 pervertens
731 721 859 748 totam
884 710 1096 748 ecclesiam
1121 710 1377 756 militantem,
1402 724 1491 747 cum
1526 723 1569 747 ex
1603 710 1680 747 fide
1713 722 1796 746 cre—

478 770 623 816 dimus,
668 772 777 819 quod
821 769 923 806 sicut
966 778 1128 818 oportet
1182 781 1343 805 omnem
1402 769 1640 805 salvandum
1686 767 1797 816 sequi

479 828 687 865 dominum
734 830 884 872 Jesum,
929 827 985 863 sic
1028 835 1186 876 oportet
1231 839 1392 863 omnem
1439 828 1687 863 sacerdotem
1721 826 1798 862 sal-

478 887 653 923 vandum
687 885 949 922 excellencius
994 894 1031 922 et
1076 884 1344 933 propinquius
1377 884 1490 933 sequi
1523 883 1670 932 ipsum,
1706 897 1797 920 cum
1820 897 1858 917 10

479 943 842 992 proposcionaliter
894 952 936 979 ut
983 942 1224 979 christianus
1276 942 1406 979 viator
1457 941 1576 979 fuerit
1628 941 1800 979 similior

481 1001 639 1039 Christo
672 1001 712 1037 in
745 1001 937 1048 moribus,
971 1000 1027 1037 sic
1059 1001 1099 1037 in
1124 1000 1370 1037 beatitudine
1404 1000 1478 1037 erit
1512 1000 1653 1037 maior.
1687 1001 1735 1036 Et
1768 998 1799 1035 si

483 1069 625 1108 stupor
672 1058 903 1096 mortiferus
947 1058 1185 1096 Antichristi
1229 1071 1311 1095 non
1356 1057 1658 1095 mortificaverit
1696 1057 1799 1094 vires

481 1117 673 1163 salvandi,
725 1117 799 1154 ista
844 1116 1048 1154 sentencia
1093 1117 1291 1154 catholica
1345 1116 1526 1153 homines
1573 1124 1799 1161 exterreret,

481 1185 519 1213 et
558 1175 742 1212 deliteret
789 1176 864 1212 ista
896 1174 1131 1212 Antichristi
1177 1175 1395 1225 sentencia,
1442 1187 1563 1222 quam
1596 1174 1682 1222 ipse
1720 1173 1857 1210 suisi'fi

482 1233 642 1271 discolis
691 1233 914 1271 deridendo
965 1242 1104 1270 narrat
1148 1233 1293 1271 Christi
1340 1233 1523 1270 fidelibus
1575 1231 1800 1269 volentibus

482 1292 593 1340 sequi
631 1291 776 1340 ipsum.
817 1293 850 1329 O
890 1291 961 1328 iste
996 1291 1177 1340 ypocrita
1215 1292 1299 1328 vult
1338 1304 1421 1328 esse
1462 1290 1648 1327 dominus
1690 1291 1802 1326 Jesus

483 1350 684 1397 Christus3
725 1351 793 1386 sed
834 1349 933 1386 sciat
973 1351 1082 1398 quod
1127 1363 1198 1386 sua
1242 1349 1493 1398 blasphemia
1538 1357 1596 1385 est
1641 1360 1685 1384 ex
1728 1359 1799 1384 sua

484 1407 733 1456 impotencia
766 1407 1038 1456 reprimenda.
1082 1407 1188 1445 Satis
1233 1416 1291 1444 est
1325 1420 1419 1456 ergo
1443 1409 1552 1456 quod
1586 1418 1799 1443 caveamus

484 1480 506 1503 a
529 1466 703 1514 peccatis
727 1465 1029 1514 gravibus,licet
1053 1465 1250 1514 parificati
1281 1479 1362 1502 non
1384 1464 1576 1502 fuerimus
1601 1462 1798 1501 Salvatori
1820 1477 1861 1498 20

484 1533 634 1561 nostro.

544 1584 621 1619 Ista
666 1591 800 1619 autem
855 1581 1067 1618 luciferina
1124 1581 1331 1618 excusacio
1387 1581 1427 1617 in
1471 1588 1638 1629 peccato
1683 1581 1801 1616 debet

486 1651 726 1688 cognoscere
759 1641 867 1689 quod
912 1652 993 1676 non
1037 1639 1282 1676 intendimus
1315 1639 1517 1687 parificari
1550 1638 1590 1674 in
1623 1637 1801 1674 moribus

484 1700 574 1734 Jesu
607 1707 745 1735 nostro
777 1699 845 1734 sed
878 1697 1007 1746 ipsum
1054 1697 1166 1746 sequi
1211 1706 1405 1746 quantum
1440 1696 1660 1733 sufficimus
1693 1697 1801 1744 quod

487 1769 530 1793 ex
563 1756 639 1792 fide
684 1755 884 1793 credimus
927 1768 1000 1792 nos
1047 1757 1204 1792 debere.
1249 1757 1329 1792 Nec
1377 1754 1563 1803 concipio
1597 1755 1802 1803 quomodo
1822 1758 1861 1789 25

488 1823 544 1850 est
583 1813 771 1862 possibile
805 1814 1068 1850 christianum
1109 1813 1284 1862 aliquem
1320 1815 1541 1861 dampnare
1579 1813 1639 1849 vel
1670 1812 1802 1849 vivere

488 1872 740 1920 culpabiliter
774 1871 837 1908 hic
870 1872 910 1908 in
943 1871 1019 1919 via,
1053 1871 1127 1908 nisi
1168 1884 1212 1908 ex
1244 1873 1320 1908 hoc
1353 1872 1462 1920 quod
1494 1871 1699 1908 abutendo
1731 1882 1802 1906 sua

488 1929 732 1966 sufficiencia
764 1930 983 1966 secundum
1018 1943 1130 1966 suam
1173 1929 1481 1978 possibilitatem
1516 1928 1659 1965 deserit
1692 1927 1802 1976 sequi

490 1988 706 2025 Christum.

252 2051 339 2079 Peter
360 2060 423 2090 was
549 2048 641 2082 Ideo
675 2058 814 2082 ornnes
848 2045 916 2094 qui
948 2045 988 2082 in
1021 2047 1142 2082 verbo
1165 2046 1225 2082 vel
1248 2058 1369 2093 opere
1393 2045 1530 2082 dicunt
1562 2044 1637 2081 ista
1671 2044 1804 2081 viden-
1825 2050 1866 2082 30

202 2086 476 2149 resbgkfipagotr'lliesss
491 2114 555 2141 tur
588 2117 756 2152 peccare
790 2106 906 2140 Petro
939 2103 1098 2152 gravius
1132 2104 1199 2152 qui
1232 2105 1281 2140 ad
1314 2112 1469 2151 partem
1504 2102 1657 2151 accepit
1691 2101 1804 2138 Chri-

491 2171 595 2198 stum
642 2171 678 2199 et
721 2161 975 2210 propositum
1028 2175 1143 2198 suum
1184 2170 1367 2198 sanctum
1414 2160 1632 2209 prohibuit.
1684 2160 1804 2205 Absit,

490 2220 632 2270 inquit,
671 2222 741 2256 hoc
774 2233 795 2255 a
834 2227 869 2256 te
900 2220 1078 2265 Domine,
1123 2221 1191 2256 sed
1237 2221 1392 2264 (Petrus
1431 2228 1474 2255 ut
1512 2227 1649 2255 narrat
1690 2231 1805 2254 evan-

490 2278 635 2325 gelium
676 2278 842 2314 Matthei
887 2279 985 2324 XVI,
1033 2278 1100 2320 23)
1140 2277 1291 2314 audivit
1330 2276 1509 2314 divinum
1549 2289 1803 2325 responsum:

499 2337 602 2371 Vade
628 2344 718 2384 post
750 2349 820 2380 me,
854 2336 1029 2372 sathana.
1088 2337 1206 2372 Tales
1239 2344 1372 2372 autem
1419 2334 1556 2371 dicunt
1589 2333 1803 2382 implicite:
1826 2337 1865 2370 35

491 2394 686 2430 Nolumus
720 2395 824 2430 hunc
856 2395 1042 2430 abbatem
1076 2406 1242 2441 regnare
1275 2406 1394 2441 super
1416 2406 1487 2429 nos
1520 2394 1588 2429 sed
1621 2393 1805 2429 volumus

494 2451 728 2499 religionem
765 2451 971 2488 meliorem
1002 2460 1039 2487 et
1062 2451 1135 2487 sibi
1160 2451 1404 2488 contrariam
1438 2451 1676 2498 exemplare.
1712 2451 1805 2486 Ideo

494 2508 679 2545 timerent
712 2511 810 2545 tales
843 2509 977 2546 stolidi
1016 2522 1135 2557 supra
1177 2510 1381 2557 apostolos
1419 2522 1459 2545 se
1491 2509 1675 2545 tollentes
1709 2520 1806 2556 quo-

496 2568 616 2603 modo
650 2576 882 2615 appetentes
905 2567 1125 2615 primatum
1151 2567 1352 2615 religionis
1377 2565 1690 2615 dampnabiliter
1723 2577 1806 2602 sese

565 2719 593 2746 ς).
615 2712 736 2743 Jesum:
772 2713 792 2738 Β
819 2713 848 2739 in
878 2721 944 2739 mar
968 2732 974 2739 .
1002 2713 1115 2740 addin:
1150 2712 1324 2745 Christmm
1355 2713 1394 2740 ib.
1426 2712 1464 2740 13:
1494 2712 1685 2739 sacerdotem
1713 2711 1806 2738 deest.

498 2755 538 2779 ιι.
561 2747 597 2773 13:
620 2750 788 2774 exerceret.
933 2756 940 2774 1
963 2768 968 2774 .
990 2747 1108 2775 C‹›dd.:
1130 2748 1190 2774 Ista
1211 2750 1322 2774 aulem.
1465 2755 1503 2774 21.
1526 2749 1565 2773 A:
1589 2749 1693 2773 nostro
1715 2747 1806 2772 deest.

497 2790 542 2813 24.
561 2782 596 2808 1³:
618 2780 689 2808 ,lesu
709 2782 841 2808 (Itzrssto.
949 2781 993 2808 30.
1015 2783 1053 2808 15:
1079 2782 1185 2809 verbis.
1295 2781 1342 2816 36,
1364 2781 1406 2817 37.
1429 2782 1467 2809 13:
1497 2782 1633 2809 volumus
1653 2781 1807 2808 meliorem

496 2820 524 2842 el
549 2817 610 2843 sihi
634 2817 825 2843 evulsas-z‘mn
852 2817 1037 2852 religionem
1059 2817 1241 2852 exemplare.

569 2878 621 2908 32.
650 2876 766 2907 Matth.
793 2878 880 2916 XVI,
909 2887 962 2908 22.
