2003 3322
154 216 232 251 204
853 212 971 243 OPUS
997 212 1332 243 EVANGELICUM
1549 200 1654 253 [CAP.
1677 209 1753 236 LVI.

441 318 542 366 quod
585 318 764 353 benevole
809 318 945 353 damus
990 325 1055 352 aut
1099 317 1301 353 reddituro
1349 318 1650 353 commodamus.
1706 318 1756 353 Et

436 376 666 425 plerumque
698 375 869 411 homines
900 375 966 424 qui
1004 375 1131 411 divino
1169 375 1373 424 proposito
1414 374 1567 424 premio
1611 376 1758 411 donare

436 434 573 483 parati
602 441 689 469 sunt
722 433 773 468 ad
806 433 976 468 dandum
1009 433 1110 482 quod
1141 440 1312 469 mutuum
1332 434 1481 482 petitur
1506 433 1620 483 pigri
1639 433 1756 482 fiunt,

440 491 551 540 quasi
582 491 675 527 nihil
707 491 901 540 recepturi
931 503 953 526 α
985 491 1167 535 Domino,
1200 503 1284 527 cum
1319 504 1399 527 rem
1434 503 1505 540 que
1545 492 1662 527 datur
1694 491 1758 526 ille

441 549 505 598 qui
536 549 674 598 accipit
696 549 888 587 exsolvat.
923 550 1040 584 Recte
1062 549 1188 598 itaque
1209 550 1260 584 czd
1282 550 1352 585 hoc
1375 549 1545 598 beneficii
1566 549 1789 584 tribuendi5

440 619 563 657 genus
608 620 675 643 nos
721 607 849 642 divina
896 607 1079 643 hortatur
1127 607 1342 643 auctoritas
1394 606 1542 643 dicens:
1592 606 1646 642 Et
1696 606 1760 655 qui

442 665 608 701 voluerit
651 678 673 700 a
719 672 754 700 te
798 665 971 700 mutuari
1014 677 1059 700 ne
1103 672 1306 701 aversatus
1339 664 1485 713 fueris,
1532 665 1571 700 id
1603 672 1670 711 est,
1714 677 1759 700 ne

436 730 650 772 propterea
690 723 925 758 voluntatem
972 723 1114 759 alienes
1161 723 1207 758 ab
1252 735 1293 759 eo
1338 723 1402 770 qui
1438 723 1548 771 petit,
1591 722 1679 772 quia
1723 729 1758 758 et

436 781 600 830 pecunia
627 788 692 816 tucz
716 780 868 816 vacabit
900 788 935 816 et
966 781 1073 816 Deus
1105 781 1172 816 tibi
1203 793 1275 816 non
1308 781 1533 817 redditurus
1571 788 1637 827 est,
1671 793 1755 816 cum

442 839 555 875 homo
589 838 819 883 reddiderit,
850 839 918 874 sed
950 851 1035 874 cnm
1069 839 1108 873 id
1140 850 1191 874 ex
1214 846 1399 888 precepto
1423 838 1620 887 Deifacis
1652 839 1756 887 apud
1776 853 1815 873 10

441 897 548 932 illum
588 897 654 946 qui
691 904 726 932 et
764 897 835 932 lzoc
879 897 991 943 iubet,
1036 897 1321 945 infructuosum
1367 909 1447 933 esse
1497 909 1568 932 non
1614 903 1755 945 potest.

442 956 525 991 Hec
557 954 817 1002 Augustinus.

499 1012 666 1048 Videtur
700 1013 805 1048 hunc
839 1021 1023 1048 sanctum
1058 1013 1204 1048 docere
1238 1024 1281 1048 ex
1314 1013 1390 1048 hoc
1419 1011 1624 1060 evangelio
1649 1013 1757 1060 quod

442 1071 482 1106 in
515 1070 625 1107 omni
660 1069 1038 1107 communicacione
1061 1069 1268 1106 christiani
1293 1083 1384 1106 curn
1417 1070 1580 1107 homine
1604 1069 1757 1106 miseri-

444 1128 618 1165 corditer
652 1137 708 1165 est
741 1129 957 1178 agendum,
1006 1129 1147 1164 saltem
1187 1129 1337 1164 bonum
1379 1128 1512 1164 anime
1545 1127 1586 1164 in
1619 1128 1755 1164 animo
1776 1132 1813 1162 15

442 1187 703 1229 intendendo,
738 1186 828 1222 ideo
863 1186 1051 1234 culpandi
1084 1195 1176 1222 sunt
1200 1186 1268 1234 qui
1291 1186 1375 1222 zelo
1398 1186 1572 1223 vindicte
1606 1195 1643 1222 et
1674 1199 1756 1222 non

443 1244 671 1281 intencione
705 1244 982 1281 misericordie
1006 1244 1178 1292 puniunt
1201 1253 1447 1292 peccatores,
1481 1244 1575 1293 quia
1608 1245 1684 1281 hoc
1716 1244 1756 1280 in

441 1303 564 1339 veteri
588 1311 830 1339 testamento
853 1315 935 1339 non
957 1302 1081 1339 licuit.
1117 1305 1165 1338 Et
1195 1302 1249 1338 ita
1274 1311 1331 1338 est
1355 1315 1456 1350 opus
1481 1301 1756 1339 misericordie

442 1361 626 1397 occidere
671 1361 856 1397 homines
903 1360 1008 1397 iusta
1054 1360 1296 1407 intencione,
1342 1369 1385 1396 ut
1430 1360 1469 1396 in
1513 1361 1600 1409 lege
1631 1360 1754 1397 veteri

441 1419 585 1467 legitur
619 1420 666 1455 de
699 1418 815 1455 Helia
849 1428 885 1455 et
917 1418 1054 1455 multis
1088 1418 1188 1465 aliis,
1224 1427 1261 1455 et
1293 1418 1334 1454 in
1367 1419 1451 1466 lege
1484 1418 1630 1466 gracie,
1664 1418 1757 1455 licet
1773 1431 1814 1453 20

442 1477 583 1523 rarius,
608 1478 656 1513 de
680 1478 797 1513 Petro
822 1485 858 1513 et
890 1477 991 1513 forte
1022 1479 1069 1513 de
1092 1476 1193 1523 aliis,
1227 1476 1322 1525 quia
1345 1489 1415 1524 per
1438 1477 1557 1513 talem
1585 1485 1755 1513 mortem

442 1535 667 1583 periculum
702 1534 856 1583 peccati
890 1544 1098 1571 evaserant
1137 1535 1177 1571 in
1217 1535 1325 1583 quod
1364 1534 1479 1571 aliter
1524 1534 1757 1571 incidissent

442 1594 501 1630 vel
534 1594 650 1630 aliter
683 1593 963 1630 continuantes
994 1593 1116 1631 vitam
1151 1605 1265 1629 suam
1299 1593 1458 1640 gravius
1482 1593 1757 1640 peccavissent

442 1652 503 1688 vel
535 1652 623 1700 plus
658 1651 823 1688 ecclesie
856 1651 1102 1698 nocuissent,
1142 1650 1233 1687 ideo
1274 1650 1499 1698 penitencie
1533 1659 1570 1687 et
1602 1650 1756 1688 racioni

444 1723 666 1747 consonum
683 1709 940 1757 interpretari
956 1709 1179 1759 quamlibet
1195 1709 1317 1745 talem
1335 1718 1506 1745 mortem
1525 1710 1574 1745 ad
1589 1710 1755 1755 bonum,
1774 1712 1813 1744 25

444 1781 535 1804 cum
569 1781 649 1804 non
684 1777 742 1804 est
774 1768 964 1816 possibile
988 1780 1236 1816 quemquam
1272 1766 1373 1803 mori
1407 1767 1483 1803 nisi
1507 1769 1612 1803 Deus
1645 1767 1754 1804 illam

445 1834 617 1863 mortem
651 1825 852 1862 inflixerit.

170 1903 230 1931 We
252 1908 334 1930 must
356 1907 408 1930 not
503 1885 617 1921 Unde
657 1884 763 1920 facta
801 1884 841 1920 in
879 1885 965 1932 lege
1003 1883 1126 1920 veteri
1167 1892 1204 1919 et
1240 1884 1326 1931 lege
1367 1882 1499 1931 gracie
1547 1896 1628 1919 non
1666 1891 1758 1919 sunt

200 1943 373 2009 veexiggzilrffie
444 1943 563 1978 stulte
597 1943 795 1978 trahenda
827 1942 868 1978 in
902 1941 1254 1990 consequenciam,
1289 1941 1365 1977 nisi
1390 1941 1526 1977 habita
1557 1941 1758 1989 completa

171 2009 275 2036 unless
295 2016 412 2047 weqaije
443 2000 707 2036 similitudine
761 2009 797 2036 et
850 2002 934 2036 Deo
987 1999 1215 2048 specialiter
1267 2001 1316 2035 ad
1369 2000 1570 2048 agendum
1624 1998 1757 2035 taliter
1773 2004 1815 2036 30

171 2044 411 2105 Siggdtvlgarvffiis
443 2058 671 2106 instigante.
697 2061 745 2094 Et
768 2058 861 2094 hinc
884 2057 1114 2106 reprobavit
1139 2056 1323 2094 Christus
1347 2058 1552 2105 apostolos
1576 2065 1757 2105 petentes

441 2116 661 2153 vindictam
686 2129 729 2153 ex
753 2116 1017 2152 similitudine
1040 2115 1156 2152 Helie
1180 2115 1221 2151 in
1242 2116 1328 2163 lege
1349 2115 1473 2152 veteri
1495 2114 1755 2160 vindicantis;

443 2183 660 2223 postquam
706 2174 810 2210 enim
858 2174 1038 2222 regnavit
1078 2172 1226 2210 Christi
1272 2173 1475 2210 humilitas
1516 2182 1573 2210 est
1617 2173 1757 2221 pocius

444 2232 720 2269 misericordie
765 2232 1055 2269 intendendum
1102 2232 1142 2268 in
1186 2240 1344 2268 tantum
1390 2232 1499 2280 quod
1542 2244 1621 2268 non
1665 2231 1758 2267 licet

443 2304 590 2339 penam
623 2291 684 2327 vel
718 2299 889 2327 mortem
924 2299 1106 2339 expetere
1129 2289 1204 2326 nisi
1228 2289 1458 2326 intencione
1484 2288 1757 2326 misericordie
1773 2292 1814 2325 35

443 2350 578 2397 quoad
612 2357 801 2385 mentem.

957 2439 1096 2479 CAP.
1130 2438 1251 2478 LVI.

189 2541 318 2576 lnjuries
339 2541 388 2568 for
500 2535 587 2570 Alie
621 2544 755 2571 autem
789 2542 880 2571 sunt
912 2542 1006 2570 note
1040 2535 1087 2570 de
1121 2533 1376 2581 exposicione
1409 2532 1526 2568 huius
1568 2532 1695 2568 sancti
1736 2545 1757 2568 a

203 2577 376 2638 segssilssssfffihon
446 2592 629 2629 fidelibus
663 2593 922 2641 excerpende,
972 2601 1015 2627 ut
1059 2592 1168 2640 quod
1202 2591 1309 2628 aliud
1349 2599 1407 2627 est
1446 2603 1569 2638 genus
1613 2589 1757 2626 iniurie

207 2646 375 2707 mgna‘ffftepe
445 2652 494 2687 ad
539 2663 661 2699 quarn
705 2664 787 2687 non
832 2659 889 2687 est
928 2649 1129 2698 possibilis
1175 2649 1384 2685 restitucio
1431 2647 1666 2696 corporalis,
1714 2655 1816 2692 ut4o

341 2702 347 2714 2

513 2817 543 2841 4.
557 2808 598 2834 A:
612 2807 667 2834 illi.
725 2815 753 2842 9.
769 2808 795 2834 A
807 2817 812 2835 :
823 2807 955 2835 vocabit.
1013 2815 1054 2834 10.
1065 2807 1086 2834 Β
1097 2816 1102 2834 :
1115 2810 1144 2834 et
1157 2814 1223 2834 cum
1237 2806 1278 2833 id.
1336 2805 1374 2833 13.
1384 2805 1450 2833 Ain
1462 2813 1557 2840 marg.
1571 2804 1756 2832 :Jolzannes.

445 2842 484 2870 15.
507 2842 543 2869 15:
566 2842 596 2869 in
617 2843 739 2869 animis.
867 2851 907 2876 17,
931 2841 970 2869 18.
998 2843 1043 2869 A:
1064 2842 1137 2876 quia
1160 2858 1190 2861 —
1212 2841 1298 2868 licuit
1319 2841 1416 2874 dccst;
1447 2840 1468 2867 Β
1489 2840 1518 2867 in
1541 2848 1637 2874 marg.
1659 2839 1755 2867 addit.
