2003 3322
180 237 234 273 92.

188 2071 254 2099 The
275 2082 356 2108 pope
375 2073 435 2100 and

193 2107 280 2134 other
301 2108 431 2143 prelates

172 2141 247 2168 have
268 2147 321 2169 not
341 2144 377 2170 all
398 2143 448 2170 the

886 237 1005 268 opus
1030 237 1367 270 EVANGELICUM
1524 227 1630 280 [CAP.
1653 237 1776 264 xxvn.

465 341 699 390 fugiendum
746 351 803 378 est
847 344 919 378 sub
969 344 1111 379 eodem
1156 345 1282 391 gradu
1327 343 1367 379 in
1412 343 1630 391 evangelio,
1685 344 1779 392 quia

465 408 606 436 auctor
637 399 814 437 veritatis
846 400 929 436 vult
961 413 1100 437 omnes
1132 401 1238 449 ipsas
1272 410 1480 450 tamquam
1513 402 1555 438 in
1578 401 1679 438 libro
1701 401 1780 439 vite

464 457 517 493 ibi
551 457 705 494 doceri:
739 470 812 494 nec
845 458 1066 494 sufficimus
1097 472 1382 507 quamcunque
1406 468 1561 507 partem
1586 459 1780 508 evangelii

464 515 505 551 in
548 515 611 552 via
656 516 999 563 comprehendere
1043 518 1113 553 sed
1157 517 1198 553 in
1241 517 1372 565 patria
1419 518 1524 554 clare
1568 530 1780 554 noscemus

464 573 616 620 omnia,
676 586 766 610 cum
806 575 923 622 plene
968 574 1229 611 didicerimus
1267 575 1414 611 librum
1461 575 1558 621 vite;
1603 588 1677 612 nec
1722 585 1779 612 est

464 630 609 679 aliquis
642 640 724 668 tam
759 632 869 668 rudis
903 631 1078 668 discolus
1111 632 1207 681 quin
1239 634 1359 670 verba
1390 632 1618 681 evangelica
1655 632 1781 681 possit

464 689 671 726 addiscere
703 691 925 726 secundum
960 690 1179 727 ruditatem
1220 703 1296 739 que
1335 690 1410 727 sibi
1449 700 1690 739 congrueret
1729 692 1780 727 ad

463 748 650 783 salutem.
674 748 766 784 Ideo
782 749 1104 784 verecundantur
1119 748 1374 797 grammatici
1390 758 1427 786 et
1441 749 1559 797 logici
1575 749 1780 786 naturales

462 814 500 841 et
533 805 821 852 mathematici,
867 806 1006 854 legiste
1045 815 1083 843 et
1121 806 1389 855 metaphisici‚
1436 806 1529 855 quia
1573 807 1605 843 si
1645 806 1781 855 aliqua

463 863 512 899 sit
544 863 690 899 veritas
730 864 947 909 laudanda,
993 864 1048 900 ibi
1086 866 1307 901 secundum
1348 877 1567 913 congruam
1606 865 1779 901 formam

462 922 641 967 docetur,
675 921 707 957 si
739 921 874 970 aliqua
906 922 956 958 sit
988 922 1139 959 falsitas
1172 922 1375 971 fugienda,
1420 922 1474 959 ibi
1508 923 1640 959 debite
1686 935 1779 959 con-

463 980 718 1027 dempnatur.
765 981 814 1016 Et
846 980 953 1016 istud
995 989 1173 1017 moveret
1206 993 1503 1029 quemcumque
1536 981 1696 1017 fidelem
1730 982 1780 1017 ad

463 1036 716 1085 evangelium
750 1037 1055 1085 addiscendum,
1102 1038 1197 1086 quia
1240 1038 1374 1087 prima
1416 1038 1563 1076 veritas
1603 1051 1679 1087 que
1723 1046 1781 1075 est

463 1094 645 1131 Christus
690 1104 748 1132 est
799 1095 1022 1132 subiectum
1074 1096 1191 1132 huius
1242 1096 1415 1134 sciencie
1467 1105 1505 1133 et
1556 1096 1640 1133 sine
1692 1095 1779 1144 ipso

462 1153 623 1201 cognito
663 1153 794 1190 forent
833 1154 1014 1190 homines
1062 1154 1186 1191 bestie
1224 1154 1326 1191 sicut
1365 1156 1494 1200 bruta,
1541 1163 1579 1191 et
1622 1153 1678 1191 sic
1722 1152 1780 1204 (ut

461 1223 554 1259 sepe
579 1210 727 1247 dictum
754 1215 826 1258 est)
860 1212 892 1248 si
924 1211 977 1248 sis
1000 1212 1142 1260 legista
1165 1212 1333 1261 papalis,
1367 1212 1602 1261 imperialis,
1628 1211 1778 1260 regalis

460 1269 521 1305 vel
553 1269 823 1317 provincialis,
858 1270 890 1306 si
922 1271 982 1306 lex
1010 1278 1079 1307 tua
1102 1270 1320 1319 quicquam
1343 1271 1487 1316 valeat,
1522 1270 1577 1306 ibi
1611 1271 1778 1307 docetur

462 1339 644 1374 expresse
675 1328 737 1363 vel
769 1328 903 1373 tacite,
951 1329 1170 1365 secundum
1211 1330 1381 1376 gradum
1421 1341 1502 1377 quo
1541 1337 1599 1365 est
1631 1327 1774 1365 valida.

461 1386 555 1421 Ideo
588 1385 832 1433 reprobandi
873 1395 965 1422 sunt
1004 1386 1144 1434 legiste
1177 1386 1245 1434 qui
1280 1395 1575 1434 contempnunt
1612 1385 1653 1423 in
1691 1386 1777 1433 lege

461 1442 596 1479 divina
634 1443 786 1480 fontem
826 1444 923 1492 legis
968 1456 1036 1480 sue
1082 1446 1303 1491 attendere,
1353 1457 1443 1481 cum
1491 1443 1632 1480 melius
1674 1444 1778 1480 foret

460 1514 607 1549 aquam
630 1501 821 1538 fontalem
847 1502 996 1539 claram
1022 1510 1059 1538 et
1081 1502 1297 1539 virtuosam
1324 1502 1459 1539 bibere
1483 1514 1605 1551 quarn
1629 1514 1774 1550 aquam

460 1558 663 1595 turbidam
704 1559 900 1596 viatorem
943 1573 965 1596 a
1005 1560 1252 1597 beatitudine
1301 1561 1586 1606 retardantem,
1641 1569 1678 1596 et
1721 1559 1777 1596 sic

460 1625 517 1653 est
541 1618 588 1652 de
612 1616 917 1667 quibuscunque
941 1617 1028 1654 aliis
1051 1618 1252 1665 scienciis;
1278 1627 1315 1655 et
1335 1618 1390 1655 ita
1414 1617 1578 1654 indubie
1601 1618 1777 1655 defectus

460 1674 609 1711 noticie
631 1687 722 1711 vere
749 1676 861 1720 lucis,
896 1677 1061 1713 tenebra
1093 1676 1326 1724 ignorancie
1349 1685 1386 1712 et
1410 1677 1585 1713 defectus
1609 1675 1776 1712 audacie

461 1745 504 1769 ex
537 1742 704 1781 peccato
738 1742 794 1770 est
828 1746 947 1771 causa
987 1747 1111 1782 quare
1150 1734 1225 1771 ista
1263 1734 1472 1783 responsio
1511 1747 1592 1771 non
1630 1733 1776 1770 sufficit

461 1791 510 1827 ad
543 1803 843 1840 quamcumque
876 1791 1092 1829 scienciam
1126 1792 1246 1829 aliam
1281 1793 1628 1829 substernendam.

928 1950 1068 1991 CAP.
1102 1951 1314 1992 XXVII.

521 2059 657 2094 Restat
690 2056 753 2093 hic
784 2057 919 2093 videre
953 2057 1232 2094 difficultatem
1266 2057 1520 2094 scolasticam
1552 2070 1595 2094 ex
1619 2058 1775 2094 cautela

464 2114 614 2151 diaboli
652 2114 772 2151 nimis
811 2115 1103 2162 absconditam,
1150 2115 1305 2152 scilicet
1344 2115 1375 2152 si
1408 2115 1552 2163 prelati
1593 2115 1775 2152 hodierni

189 2185 310 2211 powers
331 2177 430 2205 ofthe
462 2181 505 2209 ut
538 2186 655 2221 papa,
704 2172 941 2219 cardinales,
983 2173 1160 2222 episcopi
1194 2182 1231 2210 et
1264 2173 1538 2210 archidiaconi
1571 2186 1662 2210 cum
1695 2172 1774 2210 suis

240 2213 384 2247 apostles.

461 2230 630 2267 subditis
663 2230 740 2267 sint
766 2239 876 2267 tante
898 2231 1122 2279 potestatis,
1155 2231 1258 2268 sicut
1291 2240 1403 2268 erant
1435 2231 1607 2280 apostoli
1635 2230 1773 2279 primi-

459 2288 547 2335 tivi3
593 2298 630 2325 et
667 2297 826 2325 tenetur
864 2301 886 2325 a
926 2289 1061 2325 multis
1099 2289 1139 2325 in
1177 2290 1283 2326 facto
1322 2298 1365 2326 ut
1398 2289 1495 2325 fides
1528 2290 1636 2337 quod
1668 2288 1774 2325 istud

460 2346 656 2383 catholice
701 2346 750 2383 sit
794 2348 1052 2393 credendum,
1098 2346 1192 2395 quia
1237 2347 1353 2384 aliter
1395 2350 1453 2392 (ut
1490 2347 1689 2395 inquiunt)
1730 2359 1773 2383 ex

460 2405 615 2441 defectu
649 2404 797 2440 Christi
829 2404 979 2452 periret
1012 2404 1191 2442 ecclesia.
1225 2406 1301 2441 Sed
1325 2405 1421 2453 quid
1444 2404 1668 2441 infidelius?
1699 2417 1772 2441 nec

1800 879 1839 900 10

1800 1156 1836 1189 15

1795 1458 1837 1479 20

459 2462 575 2498 aliter
607 2463 801 2498 haberent
834 2462 1082 2499 evidenciam
1116 2464 1224 2511 quod
1263 2462 1371 2499 licite
1410 2463 1633 2508 absolvunt,
1680 2465 1828 2499 con-35

460 2521 606 2556 cedunt
638 2520 925 2568 indulgencias,
975 2529 1274 2568 prosequuntur
1313 2532 1500 2557 censuras
1540 2528 1577 2556 et
1617 2532 1772 2556 excom-

461 2577 757 2614 municaciones
791 2591 880 2614 cum
915 2577 1014 2624 aliis,
1049 2579 1274 2614 concedunt
1297 2578 1504 2626 privilegia
1528 2586 1566 2614 et
1590 2586 1772 2614 exercent

459 2635 555 2671 talia
601 2635 770 2671 infinita.
825 2635 936 2672 Sicut
981 2649 1074 2683 ergo
1124 2636 1326 2672 mediante
1379 2637 1516 2672 eadem
1571 2635 1771 2683 corporali

530 2836 558 2862 ς).
580 2828 607 2854 Α
628 2827 656 2854 in
680 2836 791 2862 marg:
818 2828 899 2855 Nola
920 2829 1002 2855 bene.
1097 2836 1136 2861 [4.
1158 2829 1201 2854 A:
1234 2827 1419 2854 huiusmodi.
1511 2827 1552 2854 16.
1573 2827 1616 2854 A:
1652 2827 1772 2863 regalis

460 2863 552 2890 deest.
627 2870 672 2897 29.
694 2863 721 2890 A
743 2863 771 2889 in
794 2871 907 2897 marga
930 2863 1070 2891 Dubium.
1144 2861 1186 2891 32.
1209 2862 1247 2889 B:
1268 2870 1287 2890 a
1308 2862 1408 2890 multis
1427 2861 1521 2890 deest.
