2003 3322
229 211 317 239 CAP.
338 204 476 249 xxva]
695 211 906 243 SECUNDA
934 211 1058 242 PARS.

287 322 414 368 Super
466 333 546 368 quo
598 320 864 368 Augustinus:
920 320 995 356 Hic
1047 327 1173 355 autem
1226 320 1330 354 mani
1354 318 1541 354 estissime

228 381 392 417 ostendit
424 392 495 415 non
529 381 596 417 hec
628 392 708 417 esse
730 380 944 429 appetenda
967 386 1163 427 tamquam
1186 379 1264 414 alia
1287 379 1384 414 bona
1408 385 1541 413 nostra

228 447 263 475 et
294 445 462 487 propter
493 438 576 487 ipsa
610 439 815 474 debeamus
847 438 939 474 bene
959 438 1102 486 facere
1139 437 1323 487 quidquid
1351 436 1541 485 facimus,

227 498 296 534 sed
317 504 444 532 tamen
478 508 558 533 esse
591 497 820 533 necessaria.
862 496 965 540 Quid
986 496 1082 532 enim
1108 495 1260 531 intersit
1282 495 1381 531 inter
1403 494 1540 530 bonum

195 553 330 604 §quod
360 555 615 605 appetendum
649 562 704 591 est
736 562 772 591 et
806 554 1062 590 necessarium
1087 553 1188 602 quod
1216 553 1443 589 sumendum
1474 559 1542 597 est,

226 613 420 651 sentencia
453 613 641 659 declarat,
676 625 759 649 cum
794 612 867 648 ait:
905 612 1065 656 Querite
1082 612 1255 661 primum
1281 623 1445 661 regnum
1470 609 1546 645 Dei

226 679 262 709 et
298 671 487 708 iusticiam
526 671 606 707 eius
642 677 677 707 et
716 671 783 706 hec
821 670 948 706 omnia
986 676 1230 719 apponentur
1274 669 1393 714 vobis,
1431 667 1544 717 quasi

225 730 368 766 scilicet
400 729 630 765 necessaria.
676 730 854 779 Regnum
888 728 1011 779 igitur
1043 735 1078 763 et
1116 727 1265 763 iusticia
1297 726 1374 762 Dei
1405 727 1541 761 bonum

226 795 402 825 nostrum
434 793 503 832 est,
537 794 572 823 et
603 786 675 823 hoc
706 799 828 835 supra
863 786 989 823 omnia
1022 785 1294 834 appetendum,
1327 791 1362 820 et
1384 783 1543 833 ibifinis

174 853 211 874 10
226 853 357 882 noster
388 844 676 881 constituendus
713 851 880 893 propter
917 844 1018 892 quod
1057 843 1184 879 omnia
1213 842 1416 891 faciamus
1454 853 1542 890 que-

224 915 369 953 cunque
389 903 576 951 facimus.
624 903 702 938 Sed
732 902 818 950 quia
852 903 887 938 in
921 903 993 938 hac
1025 901 1101 937 vita
1140 900 1363 946 militamus,
1414 906 1454 935 ut
1492 899 1544 935 ad

224 962 322 998 illud
354 973 520 1011 regnum
548 973 624 1009 per
657 960 804 996 domini
834 960 910 996 Dei
939 959 1065 996 nostri
1095 958 1405 995 misericordiam
1445 969 1543 1008 gra-

225 1019 365 1056 ciosam
390 1026 426 1055 et
447 1018 749 1068 copiosissimam
773 1025 808 1054 et
829 1018 908 1054 eius
930 1016 1336 1053 misericordissimam
1359 1015 1541 1066 graciam

221 1076 431 1126 pervenire
458 1076 666 1125 possimus,
712 1088 783 1124 que
827 1076 905 1112 vita
943 1076 1023 1112 sine
1062 1075 1137 1110 hiis
1168 1073 1398 1110 necessariis
1430 1072 1543 1109 huius

174 1133 301 1171 15v1'te
332 1135 403 1185 agi
433 1147 505 1170 non
524 1141 673 1183 potest:
704 1141 948 1183 apponentur
971 1134 1039 1169 hec
1062 1133 1179 1178 vobis,
1214 1132 1347 1180 inquit,
1378 1131 1448 1167 sed
1478 1142 1544 1167 vos

226 1205 390 1243 regnum
424 1192 501 1228 Dei
531 1199 566 1228 et
599 1191 788 1228 iusticiam
822 1192 902 1228 eius
934 1191 1081 1239 querite
1098 1190 1284 1240 primum.
1324 1189 1420 1224 Cum
1444 1188 1541 1225 enim

225 1250 327 1287 dixit
358 1250 458 1286 illud
489 1249 702 1299 ‘primum',
747 1249 983 1301 significavit
1015 1248 1101 1297 quia
1147 1248 1220 1284 hoc
1253 1247 1451 1297 posterius
1488 1254 1544 1282 est

225 1309 461 1357 querendum
499 1320 572 1343 non
611 1315 796 1356 tempore,
837 1308 906 1343 sed
951 1306 1161 1357 dignitate:
1204 1306 1302 1341 illud
1345 1313 1540 1353 tamquam

225 1367 363 1402 bonum
396 1372 584 1411 nostrum,
618 1366 690 1401 hoc
722 1373 918 1414 tamquam
952 1364 1210 1401 necessarium
1245 1370 1441 1408 nostrum‚·
1478 1374 1540 1398 ne-

168 1433 209 1453 20
224 1424 435 1460 cessarium
470 1431 595 1459 autem
624 1431 792 1473 propter
823 1423 922 1459 illud
954 1424 1106 1459 bonum.
1139 1422 1271 1470 Neque
1302 1421 1401 1457 enim
1436 1420 1545 1456 verbi

222 1482 364 1532 gracia
403 1482 487 1517 ideo
525 1481 707 1517 debemus
751 1481 1027 1532 evangelizare
1064 1488 1103 1516 ut
1142 1479 1429 1525 manducemus,
1474 1478 1543 1514 sed

225 1540 309 1576 ideo
353 1540 590 1575 manducare
632 1546 672 1574 ut
718 1537 1043 1591 evangelizemus.
1099 1538 1201 1574 Nam
1251 1537 1285 1573 si
1328 1543 1539 1586 propterea

225 1597 540 1649 evangelizamus
572 1603 612 1632 ut
644 1598 931 1642 manducemus,
956 1596 1069 1632 vilius
1091 1596 1274 1632 habemus
1295 1593 1538 1644 evangelium

225 1667 337 1703 quam
371 1655 508 1700 cibum,
543 1662 578 1690 et
610 1654 683 1690 erit
715 1655 791 1690 iam
825 1655 964 1691 bonum
989 1661 1163 1690 nostrum
1188 1653 1224 1689 in
1249 1652 1539 1697 manducando,

170 1713 209 1745 25
225 1713 481 1749 necessarium
506 1720 632 1748 autem
655 1712 691 1748 in
714 1712 1032 1764 evangelizando.
1062 1711 1177 1754 Quod
1198 1711 1317 1747 eciam
1334 1709 1541 1759 Apostolus

219 1771 363 1819 probat
395 1783 479 1806 cum
514 1770 625 1806 dicit:
668 1771 784 1806 licere
827 1770 898 1806 sibi
929 1770 1079 1819 quidem
1119 1777 1155 1805 et
1189 1769 1424 1818 permissum
1459 1779 1542 1803 esse

224 1841 245 1864 a
286 1829 467 1874 Domino,
513 1836 552 1864 ut
596 1828 661 1876 qui
697 1828 940 1878 evangelium
980 1827 1215 1863 annunciant
1254 1827 1300 1862 de
1338 1825 1540 1876 evangelio

226 1886 368 1932 vivant,
402 1886 442 1921 id
474 1895 545 1934 est,
577 1887 624 1921 de
655 1886 857 1936 evangelio
890 1886 1054 1922 habeant
1087 1897 1129 1921 ea
1154 1897 1224 1934 que
1246 1885 1333 1920 huic
1356 1884 1431 1920 vite
1452 1890 1541 1919 sunt

223 1944 461 1988 necessaria;
491 1945 560 1980 sed
591 1951 718 1980 tamen
750 1956 792 1980 se
823 1956 895 1980 non
929 1956 1010 1980 esse
1041 1944 1201 1979 abusum
1236 1943 1308 1978 hac
1335 1948 1538 1991 potestate.

168 2004 208 2035 30
224 2002 351 2037 Erant
394 2002 490 2038 enim
532 2003 643 2038 multi
678 2002 743 2050 qui
778 2002 1016 2038 occasionem
1057 2001 1199 2037 hahere
1236 2000 1439 2049 cupiebant
1470 2001 1538 2035 ad-

224 2060 402 2108 quirendi
432 2067 468 2096 et
501 2060 690 2096 vendendi
718 2059 963 2109 evangelium
985 2059 1073 2095 Jesu
1097 2058 1255 2103 Christi,
1289 2058 1422 2106 quibus
1455 2069 1537 2093 eam

223 2118 352 2153 volens
401 2125 606 2166 amputare
643 2117 850 2166 Apostolus
896 2117 1071 2153 manibus
1108 2116 1186 2152 suis
1237 2115 1376 2152 victum
1427 2127 1538 2151 suum

221 2175 412 2211 toleravit.
448 2176 509 2211 De
541 2175 612 2211 hiis
634 2175 731 2211 enim
756 2175 848 2211 alibi
870 2175 981 2211 dicit:
1009 2181 1049 2209 ut
1071 2181 1267 2223 amputem
1301 2173 1538 2209 occasionem

223 2233 275 2269 eis
318 2233 381 2281 qui
423 2240 586 2281 querunt
628 2240 697 2269 etc.
753 2232 939 2276 Quamvis
981 2239 1106 2268 autem
1141 2232 1260 2267 eciam
1294 2231 1391 2267 sicut
1422 2231 1541 2267 ceteri

168 2291 206 2324 35
223 2291 311 2326 boni
340 2291 508 2340 apostoli
532 2291 727 2339 permissu
761 2290 921 2327 Domini
952 2290 997 2326 de
1029 2290 1232 2340 evangelio
1265 2289 1424 2332 viveret,
1465 2301 1537 2324 non

224 2349 259 2383 in
294 2349 393 2384 victu
426 2348 679 2385 constitueret
700 2348 823 2398 finem
847 2348 1145 2400 evangelizandi
1171 2347 1240 2383 sed
1271 2347 1399 2397 magis
1422 2347 1539 2396 ipsius

225 2406 346 2442 victus
366 2406 559 2456 finemfin
591 2406 794 2456 evangelio
826 2406 1047 2450 collocaret,
1093 2405 1132 2440 id
1169 2412 1237 2447 est,
1284 2412 1325 2440 ut
1361 2405 1539 2453 superius

227 2464 322 2509 dixi,
372 2476 444 2500 non
485 2464 569 2500 ideo
602 2464 907 2515 evangelizaret,
940 2471 980 2499 ut
1012 2464 1064 2498 ad
1095 2463 1217 2499 cibum
1247 2462 1473 2512 perveniret
1504 2470 1540 2498 et

296 2645 316 2664 x.
337 2638 365 2664 A
379 2637 409 2663 in
428 2645 541 2672 marg:
563 2637 766 2674 Augustinus.
840 2645 865 2664 2.
886 2638 929 2664 A:
951 2640 1099 2672 tanquam
1118 2637 1207 2664 talia.
1281 2644 1322 2671 19.
1339 2638 1384 2663 A:
1400 2639 1538 2663 nostrum

226 2671 433 2699 necessarium
459 2672 552 2699 deest.
659 2670 702 2699 33.
722 2673 767 2699 A:
794 2672 948 2705 tolerant;
973 2672 1014 2699 ib.
1035 2671 1075 2699 B:
1103 2671 1266 2699 coloravit.
1374 2670 1421 2704 34.
1442 2672 1486 2699 A:
1510 2675 1539 2698 et

227 2706 319 2733 deest.
393 2704 439 2733 36.
460 2707 504 2734 A:
527 2706 758 2734 constituerent.

300 2787 327 2808 1.
341 2778 393 2809 De
407 2788 568 2810 sermone
582 2779 723 2810 Domini
738 2779 772 2809 in
786 2785 916 2817 monte,
930 2778 951 2809 1.
968 2789 995 2810 c.
1010 2788 1042 2820 p.
1060 2788 1137 2809 220.
1212 2778 1263 2810 25.
1280 2778 1304 2809 Ι.
1320 2778 1399 2809 Cor.
1417 2777 1471 2818 lx,
1487 2788 1536 2817 14.

227 2824 280 2856 3L
306 2825 380 2855 Act
405 2825 557 2865 XX‚34.
654 2825 771 2857 33.1L
799 2825 877 2857 Con
903 2825 958 2864 XL
990 2834 1039 2856 12

1753 199 1767 210 n

1752 198 1827 244 ³43

1600 321 1786 356 Augustino:

1608 356 1695 384 Food
1717 357 1776 383 and

1568 391 1717 426 covering
1737 395 1818 418 must

1601 430 1653 452 not
1673 427 1709 453 be
1729 434 1786 452 our

1572 460 1655 487 chief
1671 469 1751 494 care,
1773 465 1818 497 yet

1619 495 1690 531 they
1711 503 1762 522 are

1609 537 1785 566 necessary.

1575 1535 1634 1562 We
1654 1539 1736 1562 must
1757 1540 1809 1562 not

1602 1570 1774 1605 cvangehze

1566 1609 1596 1632 to
1617 1610 1675 1639 eat,
1697 1605 1749 1632 but
1768 1609 1815 1631 eat

1578 1644 1608 1667 to
1628 1639 1812 1672 evangelizo.

1595 1675 1745 1708 Example
1765 1674 1799 1701 of

1617 1710 1661 1738 St.
1683 1709 1766 1737 Paul.
