2062 3327
182 238 234 264 20

225 638 319 667 Some
339 646 407 666 men

186 675 274 702 when
295 673 373 701 cited
395 673 449 700 ask

242 710 290 737 for
309 708 388 736 their

203 752 350 780 expenses
371 743 430 770 and

209 786 373 807 assurance
394 778 429 805 of

266 814 372 849 safety.

222 989 310 1026 They
331 989 419 1018 make

219 1026 294 1061 light
314 1025 349 1052 of
363 1025 413 1052 the

225 1068 330 1087 curses
350 1059 414 1087 that

257 1094 373 1122 follow.

204 2501 231 2528 Α
252 2501 310 2528 few
331 2501 435 2529 words

238 2544 276 2563 on
298 2536 396 2572 pride.

889 233 1007 265 OPUS
1032 233 1367 266 EVANGELICUM
1584 221 1692 275 [CAP.
1716 228 1782 257 VII.

469 340 670 376 infernum
704 352 858 387 ponens
892 351 1005 376 ovem
1040 339 1239 388 perditam
1274 339 1314 375 in
1348 341 1536 376 humeros
1570 348 1607 376 et
1641 339 1784 376 detulit

469 399 519 434 ad
553 397 696 434 celeste
729 397 935 445 gaudium,
969 396 1237 434 Antichristus
1276 397 1416 435 evertit
1448 397 1567 434 istum
1600 396 1783 434 ordinem

471 464 508 492 et
539 454 646 504 cogit
668 467 781 492 ovem
806 467 927 504 quarn
952 454 1049 492 dicit
1078 467 1162 492 esse
1191 455 1416 492 morbidam
1446 455 1576 504 ipsum
1601 467 1783 504 querere,

469 513 562 551 licet
594 512 643 549 sit
675 513 715 550 in
747 512 890 550 itinere
923 525 1015 561 sepe
1047 514 1217 562 perdita,
1251 522 1333 551 tam
1368 514 1633 562 corporaliter
1665 526 1784 562 quarn

470 570 750 620 spiritualiter3
784 579 821 608 et
853 571 929 608 ista
963 579 1020 608 est
1052 580 1192 620 patens
1226 571 1411 608 condicio
1443 570 1689 609 Antichristi.
1804 571 1819 604 5

528 630 643 666 Unde
667 628 831 678 quidam
856 628 992 666 fideles
1015 629 1070 666 sic
1102 629 1295 667 obediunt
1318 629 1384 666 isti
1407 629 1613 667 citacioni:
1649 629 1788 666 dicunt

471 688 577 735 quod
600 688 739 724 volunt
761 687 933 724 libenter
956 689 1051 724 dare
1074 700 1187 725 suam
1218 700 1386 736 operam
1411 687 1466 724 sic
1489 689 1597 736 quod
1621 699 1788 736 expense

470 758 540 793 pre
583 745 768 782 manibus
809 744 1087 782 ministrentur
1131 754 1168 782 et
1214 745 1395 794 pericula
1439 745 1519 782 sive
1562 745 1704 782 insidie
1749 744 1788 781 in

469 803 609 840 itinere
642 816 713 852 per
735 803 945 840 citatorem
969 803 1200 840 huiusmodi
1228 805 1300 840 sub
1324 803 1537 841 securitate
1575 802 1789 840 sufficienti

470 861 600 898 citatis
640 869 883 898 evacuentur
923 870 960 898 et
1000 861 1116 899 aliter
1155 862 1297 898 nolunt
1343 871 1508 911 propter
1547 861 1848 899 citacionemxo

470 919 701 956 huiusmodi
735 932 990 967 comparere3
1032 928 1069 957 et
1102 921 1198 956 dum
1233 919 1402 957 citantes
1439 920 1696 966 maledicunt,
1731 918 1788 955 in-

470 977 611 1026 quiunt
663 979 772 1026 quod
817 986 1020 1026 exponunt
1063 977 1220 1027 copiam
1274 977 1334 1014 sui
1386 978 1564 1015 thesauri
1618 977 1685 1027 qui
1732 985 1789 1014 est

471 1035 722 1083 malediccio,
763 1037 831 1072 sed
865 1035 961 1084 ipsis
994 1035 1245 1073 servantibus
1279 1035 1479 1073 iusticiam
1514 1038 1619 1073 Deus
1644 1048 1663 1072 e
1696 1048 1790 1072 con-

469 1093 593 1131 trario
640 1093 852 1140 benedicit,
902 1093 996 1143 quia
1041 1094 1209 1131 Matthei
1242 1095 1275 1130 V
1310 1107 1395 1143 cap.
1436 1107 1476 1130 11
1518 1093 1633 1131 dicit:
1678 1093 1793 1129 Beati

469 1152 587 1198 eritis,
611 1164 696 1188 cum
720 1152 997 1188 maledixerint
1011 1152 1117 1189 vobis
1131 1152 1315 1189 homines.
1340 1154 1387 1189 Et
1405 1153 1548 1189 Psalm.
1567 1153 1698 1198 CVIII,
1719 1151 1788 1188 28:
1810 1155 1847 1188 15

468 1210 705 1246 Maledicent
736 1210 795 1246 illi
824 1218 859 1247 et
891 1217 931 1246 tu
967 1210 1176 1248 benedices.

526 1269 618 1305 ldeo
642 1267 718 1305 ista
741 1267 978 1306 Antichristi
1002 1267 1267 1317 exprobracio
1291 1268 1448 1317 signum
1474 1266 1790 1305 consolatorium

467 1335 524 1363 est
557 1325 684 1375 fideli3
718 1334 755 1363 et
788 1326 845 1363 sic
876 1326 1103 1375 amplitudo
1135 1326 1226 1364 talis
1260 1326 1555 1363 iurisdiccionis
1584 1338 1654 1374 per
1682 1324 1790 1374 prin-

468 1384 598 1433 cipem
633 1384 751 1421 huius
783 1384 923 1421 mundi
947 1397 991 1422 ex
1014 1384 1153 1422 innata
1186 1384 1376 1433 superbia
1410 1383 1641 1421 machinata
1674 1392 1790 1420 sonat

467 1442 507 1478 in
542 1442 820 1479 confusionem
845 1442 1114 1492 regulacionis
1137 1456 1304 1480 suorum
1329 1442 1587 1479 subditorum
1612 1450 1650 1478 et
1681 1449 1791 1490 pate·
1808 1455 1851 1477 20

467 1500 691 1538 faccionem
725 1501 1025 1538 notificacionis
1058 1514 1222 1539 suarum
1257 1501 1460 1538 fraudium
1499 1501 1731 1537 dolosarum
1755 1508 1793 1536 et

468 1571 538 1607 per
564 1559 649 1596 'Dei
690 1558 866 1607 graciam
912 1559 1085 1608 amplius
1118 1568 1210 1608 pate
1239 1556 1243 1612 l
1273 1559 1388 1602 fient;
1435 1568 1472 1596 et
1505 1558 1561 1595 sic
1594 1557 1792 1607 quidquid
1833 1559 1915 1595 3:35b

469 1616 654 1654 diabolus
689 1617 945 1655 machinatus
977 1617 1096 1655 fuerit
1135 1626 1275 1655 contra
1321 1616 1573 1654 christicolas
1607 1615 1710 1653 cedit
1742 1616 1792 1653 ad

468 1674 540 1711 Dei
579 1674 748 1724 gloriam
790 1685 828 1713 et
865 1688 1003 1713 eorum
1051 1675 1330 1713 extollenciam
1371 1684 1414 1712 ut
1452 1683 1623 1724 oportet,
1664 1682 1701 1710 et
1738 1673 1794 1710 sic

468 1733 739 1770 Antichristus
763 1747 804 1771 se
826 1733 958 1782 ipsum
976 1733 1191 1784 utrobique
1207 1733 1413 1782 redarguit
1437 1742 1473 1770 et
1498 1745 1619 1770 causa
1630 1731 1794 1769 Domini
1811 1737 1851 1770 25

469 1791 637 1840 preterit
668 1792 857 1840 gloriosa.

528 1851 643 1887 Unde
675 1859 718 1887 ut
751 1850 916 1899 quidam
958 1849 1233 1899 prenosticant
1276 1850 1385 1898 quod
1418 1848 1491 1886 iste
1535 1847 1794 1885 immediatus

468 1908 641 1945 vicarius
675 1907 871 1957 principis
904 1908 1022 1946 huius
1066 1908 1204 1945 mundi
1245 1907 1400 1945 ruinam
1443 1908 1612 1944 celerem
1648 1918 1691 1943 ex
1723 1919 1794 1942 sua

469 1965 627 2003 fallacia
671 1966 898 2004 necessario
942 1966 1137 2016 pacietur,
1184 1966 1278 2015 quia
1323 1967 1483 2003 Psalmo
1527 1966 1698 2011 XXXVI,
1746 1975 1795 2001 20

468 2024 675 2061 scribitur:
708 2025 859 2062 Inimici
896 2038 988 2062 vero
1013 2025 1173 2061 Domini
1194 2037 1290 2061 mox·
1311 2032 1351 2060 ut
1373 2023 1620 2074 honorificati
1640 2022 1796 2071 fuerint
1811 2028 1853 2060 30

468 2090 502 2118 et
534 2083 701 2119 exaltati
731 2083 946 2133 deficientes
985 2083 1309 2132 quemadmodum
1340 2083 1482 2131 sumus
1522 2081 1715 2131 deficient;
1758 2088 1796 2116 et

469 2153 559 2177 cum
592 2141 680 2178 Joh.
703 2142 748 2187 X,
781 2154 791 2178 1
833 2141 940 2179 dicat
972 2141 1154 2178 Veritas:
1196 2141 1273 2185 Qui
1301 2153 1373 2177 non
1397 2141 1517 2176 intrat
1544 2151 1619 2189 per
1657 2138 1794 2175 ostium

469 2199 504 2234 in
537 2199 637 2235 ovile
668 2199 795 2236 ovium
826 2201 895 2236 sed
926 2200 1106 2236 ascendit
1127 2199 1295 2243 aliunde,
1329 2199 1393 2235 ille
1412 2199 1492 2247 sur
1524 2205 1579 2234 est
1611 2204 1647 2233 et
1679 2196 1794 2242 latro,

469 2269 628 2294 necesse
661 2266 718 2294 est
750 2257 881 2306 ipsum
916 2270 960 2294 ex
992 2257 1179 2295 veritatis
1214 2256 1382 2295 victoria
1414 2256 1454 2293 in
1487 2256 1563 2292 fine
1597 2266 1794 2291 corruere.

993 2380 1132 2422 CAP.
1166 2380 1272 2423 VII.
1812 2387 1851 2420 35

529 2490 630 2526 Cum
665 2490 885 2526 secundum
920 2488 1184 2537 philosophos
1219 2487 1268 2525 sit
1314 2486 1611 2525 contrariorum
1647 2487 1785 2523 eadem

471 2547 681 2595 disciplina
714 2556 751 2584 et
785 2547 989 2584 humilitas
1013 2546 1194 2595 predicta
1217 2555 1337 2595 atque
1360 2547 1546 2595 superbia
1580 2544 1657 2582 sint
1690 2557 1788 2593 quo-

540 2711 580 2731 10.
613 2704 656 2731 A:
677 2704 771 2732 aliter
803 2704 906 2739 deest;
939 2704 981 2732 ib.
1009 2704 1054 2732 A:
1081 2704 1190 2732 noluit.
1335 2703 1373 2731 15.
1403 2703 1442 2730 B:
1473 2703 1503 2730 in
1532 2702 1653 2730 Psalmo
1689 2701 1794 2730 XVIII.

470 2747 509 2774 17.
531 2740 577 2766 A:
601 2737 727 2767 Christi.
801 2747 844 2766 22.
864 2740 910 2767 A:
926 2739 1089 2774 patefiant.
1163 2746 1208 2774 27.
1223 2739 1267 2766 A:
1288 2740 1319 2765 et
1336 2737 1477 2774 quidem;
1497 2737 1537 2764 ib.
1553 2738 1597 2764 A:
1629 2737 1712 2773 quod
1731 2737 1795 2764 iste.

539 2810 591 2843 35.
619 2812 652 2842 S.
679 2811 875 2853 Augustini,
908 2812 959 2842 De
993 2821 1156 2842 sermone
1199 2810 1337 2841 Domini
1374 2810 1406 2841 in
1440 2810 1568 2849 Monte,
1602 2809 1796 2840 secundum

469 2856 693 2897 Matthaeum‚
720 2858 813 2899 Opp.
840 2864 927 2889 tom.
954 2858 1009 2897 111,
1038 2867 1117 2899 pars
1146 2857 1183 2897 ΙΙ,
1219 2867 1295 2898 pag.
1329 2855 1402 2888 166.
