2003 3322
154 223 229 256 114

181 448 381 483 Augustine's

199 487 366 510 comment.

195 2247 379 2274 Distinction

161 2283 295 2309 between
319 2283 413 2309 moral

160 2318 218 2344 and
240 2317 422 2378 cleremouial

264 2360 319 2377 axv.

850 218 968 249 opus
994 218 1329 249 EVANGELICUM
1494 206 1599 260 [CAP.
1620 215 1743 243 xxxn.

433 325 501 360 sea‘
543 324 769 372 adimplere.
825 325 953 368 Quem
987 332 1136 359 textum
1171 323 1419 372 Augustinus
1453 324 1508 360 sic
1542 324 1743 360 connectit

434 380 632 417 subtiliter
664 382 713 417 ad
747 380 942 429 priorem:
978 382 1115 417 Postea
1149 382 1272 431 igitur
1304 394 1416 430 quam
1441 382 1667 418 cohortatus
1689 389 1743 418 est

434 440 642 479 audientes,
676 446 713 474 ut
745 451 784 475 se
812 446 1025 488 preparent
1058 440 1109 474 ad
1142 440 1267 475 onznia
1300 440 1519 475 sustinenda
1544 452 1620 488 pro
1644 440 1743 476 veri-

434 505 510 533 tate
553 504 664 545 atque
700 497 847 532 iusticia
888 504 922 532 et
961 503 999 532 ut
1038 509 1109 533 11071
1143 498 1420 533 absconderent
1465 497 1601 533 bonum
1645 498 1745 545 quod

434 562 545 591 erant
576 555 785 603 accepturi,
818 555 885 590 sed
917 567 959 590 ea
992 555 1256 590 benevolencia
1291 555 1494 602 discerent,
1528 562 1566 590 ut
1599 563 1745 591 ceteros

435 614 626 655 docerent,
660 624 731 647 non
764 613 815 647 ad
847 612 981 648 laudes
1013 613 1206 648 hominum
1242 625 1307 648 nec
1347 613 1398 648 ad
1441 613 1591 648 laudeni
1636 625 1744 649 suam

434 671 502 706 sed
532 670 584 705 ad
613 670 785 719 gloriam
826 670 902 705 Dei
932 671 1027 705 bona
1070 682 1187 719 opera
1232 683 1301 706 sua
1346 671 1571 719 referentes,
1617 670 1746 719 incipit

435 740 498 764 eos
529 728 745 776 informare
767 735 801 762 et
825 728 962 763 docere
994 727 1083 775 quid
1116 729 1288 773 doceant,
1321 735 1515 776 tamquam
1549 729 1582 764 si
1612 740 1743 776 quere-

435 792 519 821 rent
552 786 738 821 dicentes:
769 785 871 821 Ecce
904 786 1077 821 volumus
1110 786 1235 821 onznia
1273 786 1432 822 libenter
1453 786 1641 822 sustinere
1667 798 1744 835 pro

435 843 586 879 nomine
617 850 683 878 tuo
713 850 748 878 et
781 844 995 878 doctrinam
1031 851 1134 879 tuanz
1167 856 1239 879 77071
1271 844 1527 888 abscondere;
1557 844 1625 880 sed
1656 844 1747 892 quid

435 908 490 937 est
534 901 604 936 hoc
648 901 769 949 ipsum
804 902 904 949 quod
951 908 1056 936 vetas
1103 901 1287 937 abscondi
1337 908 1371 937 et
1409 914 1485 950 pro
1529 914 1601 950 quo
1644 902 1747 938 iubes

436 959 561 995 onznia
585 959 779 994 tolerari?
811 959 1008 1006 Numquid
1037 959 1113 994 alia
1140 959 1313 994 dicturus
1335 971 1374 995 es
1397 967 1530 995 contra
1554 972 1595 996 ea
1619 971 1688 1008 que
1710 960 1746 995 in

436 1017 521 1067 lege
542 1017 687 1065 scripta
710 1017 829 1052 sunt?
852 1017 951 1060 Non,
976 1017 1106 1064 inquit.
1133 1017 1264 1053 Nolite
1286 1017 1383 1052 enim
1402 1024 1545 1065 putare
1568 1018 1744 1066 quoniam

438 1074 523 1109 veni
551 1075 702 1110 solvere
735 1074 859 1124 legem
893 1082 959 1109 aut
985 1075 1220 1123 prophetas:
1252 1087 1324 1110 non
1358 1075 1444 1110 veni
1473 1075 1636 1121 solvere,
1680 1075 1748 1111 sed

434 1132 605 1181 implere.

492 1190 533 1225 In
566 1190 638 1225 hac
669 1190 858 1226 sentencia
893 1190 1039 1238 duplex
1071 1202 1203 1226 sensus
1234 1197 1310 1235 est;
1351 1191 1558 1226 secundum
1599 1197 1747 1226 utrum-

435 1260 505 1296 que
527 1247 649 1297 igitur
671 1248 918 1283 tractandum
943 1255 1007 1283 est.
1043 1248 1144 1283 Nam
1169 1248 1231 1296 qui
1253 1248 1362 1283 dicit:
1382 1249 1467 1284 Non
1492 1248 1577 1283 veni
1596 1249 1748 1285 soluere

436 1306 560 1355 legem
593 1306 661 1341 sed
700 1306 861 1354 implere
891 1313 957 1341 aut
988 1306 1165 1342 addendo
1201 1306 1293 1341 dicit
1325 1307 1426 1354 quod
1469 1306 1592 1342 minus
1634 1307 1747 1342 habet

435 1370 501 1399 aut
523 1363 710 1411 faciendo
744 1364 844 1412 quod
876 1364 997 1399 habet.
1054 1363 1156 1399 Illud
1183 1364 1296 1413 prius
1328 1364 1614 1400 consideremus
1646 1365 1747 1413 quod

432 1421 562 1470 primo
580 1422 722 1470 posuit.
757 1422 857 1456 Nam
882 1422 946 1469 qui
965 1422 1074 1457 aa'a'it
1097 1423 1197 1470 quod
1219 1422 1342 1457 minus
1361 1422 1484 1469 habet,
1518 1434 1589 1458 non
1620 1422 1747 1471 utique

435 1476 549 1516 solvit
592 1480 693 1527 quod
735 1479 875 1515 in2·eni't
911 1480 979 1515 sed
1010 1480 1138 1530 magis
1176 1480 1413 1529 perficiendo
1459 1480 1683 1530 confirma&
1713 1487 1748 1516 et

436 1537 520 1573 ideo
551 1537 742 1585 sequitur:
780 1537 832 1572 Et
865 1537 976 1573 dicit:
1007 1538 1125 1573 Amen
1160 1538 1243 1573 dico
1278 1538 1381 1573 vobis
1414 1539 1532 1573 donec
1575 1545 1748 1574 transeat

437 1595 556 1630 celum
591 1602 626 1630 et
657 1602 778 1641 terra,
812 1595 887 1630 iota
922 1608 1035 1630 unum
1069 1603 1134 1631 aut
1168 1608 1263 1631 unus
1295 1607 1398 1644 apex
1430 1608 1502 1631 non
1542 1596 1748 1644 preteribit

436 1665 457 1688 a
491 1653 588 1703 lege,
624 1653 742 1689 donec
774 1653 899 1688 onznia
932 1653 1049 1702 fiant.
1090 1653 1194 1688 Dum
1235 1653 1331 1689 enim
1367 1653 1473 1702 fiunt
1517 1653 1634 1689 eciam
1680 1654 1746 1689 illa

437 1706 507 1758 que
537 1711 734 1746 adduntur
766 1711 817 1746 ad
843 1711 1142 1759 perfeccionensz,
1166 1711 1286 1746 inulto
1310 1711 1437 1761 inagis
1458 1711 1565 1761 fiunt
1586 1711 1651 1746 illa
1678 1723 1748 1759 que

431 1769 622 1817 premissa
668 1776 755 1804 sunt
797 1770 847 1803 aa'
888 1769 1182 1805 inchoacionem.
1223 1770 1336 1812 Quod
1378 1777 1503 1805 autent
1549 1768 1622 1804 ait:
1664 1770 1747 1805 Iota

437 1838 550 1861 unum
583 1833 649 1861 aut
693 1839 789 1862 unus
831 1838 933 1875 apex
977 1839 1049 1862 77011
1094 1827 1256 1862 transiet
1300 1839 1321 1861 a
1355 1827 1452 1877 lege,
1499 1826 1592 1862 nihil
1620 1834 1748 1875 potest

437 1884 547 1920 aliud
579 1884 744 1934 intelligi
767 1884 839 1919 nisi
863 1884 1060 1920 vehemens
1083 1885 1282 1933 expressio
1300 1884 1572 1933 perfeccionis,
1597 1885 1747 1933 quando

433 1954 507 1991 per
545 1942 695 1978 litteras
739 1942 916 1992 singulas
961 1943 1223 1978 demonstrata
1269 1949 1343 1978 est:
1389 1942 1490 1978 inter
1536 1954 1629 1990 quas
1672 1943 1747 1978 iota

438 2000 561 2035 minus
593 2007 648 2035 est
679 2000 827 2046 ceteris,
872 2000 957 2048 quia
996 2012 1069 2036 uno
1114 2001 1229 2035 ductu
1261 2000 1327 2050 fit,
1374 2012 1477 2049 apex
1521 2007 1647 2036 autem
1693 2007 1749 2035 est

438 2058 555 2093 eciam
590 2057 708 2106 ipsius
740 2058 867 2106 aliqua
903 2058 938 2093 in
978 2070 1127 2094 summo
1170 2058 1380 2106 particula.
1434 2058 1579 2101 Quibus
1623 2058 1748 2094 verbis

439 2115 601 2151 ostendit
661 2116 696 2151 in
749 2115 836 2165 Iege
886 2116 937 2151 ad
988 2117 1159 2165 effectum
1212 2116 1330 2152 eciam
1393 2116 1547 2151 minima
1606 2127 1748 2164 queque

433 2173 610 2221 perduci.

498 2232 570 2266 Iste
604 2239 765 2267 sanctus
798 2239 835 2267 et
868 2230 1022 2267 subtilis
1057 2232 1199 2267 doctor
1231 2230 1389 2267 videtur
1421 2231 1539 2278 plane
1563 2231 1747 2278 detegere

440 2288 681 2325 sentenciam
722 2289 830 2324 verbi
864 2288 1023 2334 Christi,
1070 2301 1115 2325 ac
1148 2289 1179 2324 si
1224 2289 1446 2325 intenderet
1490 2301 1571 2324 non
1619 2289 1746 2324 solum

441 2347 608 2382 moralia
641 2346 738 2394 legis
770 2346 913 2382 veteris
947 2359 1072 2394 usque
1106 2348 1155 2383 ad
1191 2346 1401 2383 minimum
1427 2356 1518 2382 sunt
1541 2347 1745 2382 servanda.

441 2406 526 2449 Que
580 2404 748 2440 moralia
800 2413 892 2440 sunt
931 2405 1043 2452 quasi
1088 2404 1213 2449 litere,
1259 2404 1360 2441 sicut
1403 2403 1484 2440 iota
1530 2413 1586 2440 est
1632 2403 1746 2440 litera

441 2461 606 2498 minima
645 2463 712 2498 sed
746 2462 907 2507 vocalis,
953 2475 1089 2510 ymmo
1135 2462 1338 2498 iudicialia
1384 2471 1421 2498 et
1473 2460 1746 2498 cerimonialia

508 2670 532 2690 2.
554 2664 581 2690 A
603 2663 630 2690 in
655 2672 768 2699 marg:
795 2664 1003 2700 Augustinus;
1032 2664 1070 2691 ib.
1092 2665 1135 2691 A:
1157 2667 1325 2691 coartatus.
1435 2672 1475 2691 10.
1496 2665 1540 2691 A:
1570 2672 1631 2691 71071
1653 2664 1745 2691 deest.

439 2705 485 2732 20,
507 2706 545 2725 21.
567 2699 610 2725 A:
633 2698 711 2726 Nam
729 2714 762 2717 —-
781 2700 873 2726 solvit
893 2699 986 2726 deest.
1060 2699 1221 2734 24.s1'unt;
1244 2699 1265 2725 B
1286 2699 1428 2734 corrigit:
1448 2702 1527 2726 sunt.
1600 2698 1646 2732 34.
1668 2700 1696 2726 A
1716 2699 1745 2726 in

440 2740 552 2767 marg-‚t
572 2733 737 2760 Jolzannes.

510 2837 539 2859 2.
568 2829 615 2858 Dc
642 2839 743 2859 serm.
770 2829 871 2860 Dom.
900 2829 932 2859 in
960 2835 1088 2868 monte,
1117 2828 1136 2859 l.
1156 2839 1182 2860 c.
1203 2839 1233 2870 p.
1259 2839 1330 2870 171.
1428 2838 1479 2860 22.
1498 2828 1616 2859 Matth.
1635 2829 1676 2868 V,
1697 2827 1745 2859 18.

1766 859 1804 880 10

1767 1136 1802 1169 15

1763 1436 1805 1457 20

1765 1714 1804 1747 25

1765 2005 1806 2038 30

1765 2293 1804 2326 35
