2003 3322
166 225 248 268 418
868 233 986 265 opus
1012 234 1347 265 EVANGELICUM
1523 222 1629 276 [CAP.
1649 232 1770 260 xrvn.

176 347 243 374 The
264 348 332 374 four
354 350 432 373 sects
456 339 691 387 increpandi
743 351 786 375 ex
839 340 914 375 hoc
967 341 1075 387 quod
1127 352 1208 375 non
1253 340 1398 376 tollunt
1442 340 1579 387 iugum
1625 340 1771 376 Christi

167 382 431 444 areggpgggntshan
457 410 576 445 super
614 410 654 433 se
693 399 761 433 sed
801 398 1012 433 ambulant
1050 410 1121 445 per
1160 406 1289 434 sectas
1328 397 1427 434 alias
1467 398 1517 434 ad
1555 397 1771 435 infernum.

456 457 572 491 Secte
605 464 740 491 autem
774 463 949 503 quatuor
972 454 1076 491 infra
1107 455 1449 491 christianismum
1480 464 1571 492 sunt
1600 455 1773 504 amplius

456 513 715 561 increpande‚
751 512 845 561 quia
879 521 1089 549 assumunt
1121 525 1242 561 super
1274 525 1315 549 se
1347 513 1485 561 iugum
1520 513 1701 561 asperius
1735 523 1772 550 et

456 584 558 607 onus
590 570 769 618 gravius3
810 580 846 606 et
879 571 954 618 ipsi
994 571 1098 607 sicut
1129 583 1269 607 omnes
1310 571 1445 608 fideles
1477 571 1538 607 vix
1570 571 1808 608 sufficiunt5

456 631 676 665 secundum
717 628 776 664 sui
815 629 1004 665 ultimum
1044 630 1145 665 ferre
1185 642 1284 665 onus
1318 626 1323 682 Ι
1357 629 1454 677 legis
1488 629 1648 665 Christi.
1697 631 1775 667 Sed
1821 635 1901 677 399⁸

457 700 546 723 cum
596 687 763 734 quilibet
806 686 935 723 viator
978 699 1022 723 ex
1062 686 1134 723 Dei
1173 687 1309 735 gracia
1347 687 1495 723 sufficit
1534 688 1638 724 ferre
1678 687 1775 723 illud

456 757 571 791 onus,
605 745 636 780 si
669 758 751 780 non
784 753 937 792 ponant
970 745 1126 781 obicem
1162 745 1336 791 aliunde,
1371 758 1443 781 nec
1477 745 1621 793 aliquis
1649 745 1776 782 viator

457 811 515 839 est
547 812 628 838 tam
664 802 778 838 fortis
812 802 909 851 quin
941 802 1040 838 illud
1073 816 1175 839 onus
1208 803 1258 839 sit
1291 803 1477 851 potencie
1509 805 1775 851 adequatum3

207 868 296 904 They
316 876 402 894 serve
458 870 495 897 et
538 860 593 896 sic
633 860 701 908 qui
740 862 928 896 deserunt
966 870 1116 897 sectam
1158 861 1305 897 Christi
1346 870 1381 897 et
1419 861 1591 897 induunt
1628 874 1835 898 novum1o

193 903 418 965 ᾚζὲωᾷῃιιῖῗᾷᾶ
457 931 572 965 onus,
618 927 660 954 ut
706 927 816 966 patet
857 920 904 954 de
945 918 1030 954 istis
1076 928 1251 967 quatuor
1295 919 1516 966 ordinibus,
1562 919 1777 955 infideliter

458 978 646 1012 deserunt
679 976 882 1012 Christum
925 989 998 1024 pro
1037 978 1186 1025 regula,
1227 989 1273 1013 ac
1312 977 1343 1013 si
1382 976 1636 1013 intenderent
1669 978 1777 1026 quod

457 1048 538 1070 non
583 1043 675 1070 sunt
715 1034 899 1070 homines
940 1034 1000 1070 sui
1038 1036 1106 1071 sed
1147 1035 1330 1071 homines
1363 1035 1556 1071 habentes
1588 1035 1777 1071 virtutem

458 1102 495 1128 et
527 1101 769 1140 potestatem
806 1094 856 1129 ad
896 1092 1209 1129 ministrandum
1244 1093 1359 1129 alteri
1393 1092 1567 1141 principi
1601 1093 1775 1129 aliunde.

515 1152 564 1186 Et
604 1163 648 1186 ex
685 1150 760 1186 isto
803 1163 893 1186 curn
937 1151 1080 1187 morali
1113 1150 1314 1198 principio
1347 1151 1579 1199 supradicto
1613 1151 1778 1199 capiunt
1799 1156 1834 1187 15

459 1209 594 1244 fideles
635 1208 883 1245 evidenciam
924 1210 974 1245 ad
1012 1208 1220 1245 humiliter
1260 1209 1505 1257 loquendum
1548 1208 1633 1245 istis
1665 1209 1778 1246 novis

458 1266 680 1311 ordinibus,
726 1275 770 1302 ut
815 1266 1027 1303 intendant
1069 1266 1277 1303 sinceriter
1320 1267 1414 1315 iugo
1461 1267 1572 1304 suavi
1621 1276 1658 1303 et
1703 1267 1777 1304 levi

458 1324 571 1360 oneri
604 1333 709 1360 secte
743 1324 904 1361 Christi.
947 1326 995 1360 Et
1027 1325 1077 1361 ad
1110 1326 1184 1361 hoc
1217 1324 1368 1361 faciunt
1401 1325 1538 1362 fideles
1570 1324 1775 1361 racionem

459 1383 579 1419 talem
615 1395 691 1430 que
731 1391 909 1419 moveret
943 1391 1173 1430 compotem
1212 1382 1398 1420 racionis.
1441 1383 1619 1429 Quilibet
1650 1383 1779 1420 viator

459 1442 577 1476 debet
610 1449 691 1476 tam
726 1440 951 1489 propinque
985 1450 1021 1476 et
1053 1440 1236 1477 similiter
1267 1450 1462 1489 quantum
1492 1441 1639 1478 sufficit
1666 1440 1778 1489 sequi
1795 1455 1837 1476 20

460 1498 679 1537 Christum.
714 1500 818 1546 Ergo
851 1498 960 1535 iuxta
984 1498 1134 1535 dictum
1168 1499 1318 1535 morale
1342 1499 1586 1547 principium
1611 1499 1779 1548 quilibet

459 1556 589 1592 viator
635 1557 753 1592 debet
797 1557 895 1593 velle
939 1566 981 1592 ut
1025 1557 1230 1605 proximus
1274 1557 1405 1605 ipsum
1454 1557 1560 1594 iuvet
1614 1566 1650 1593 et
1696 1556 1780 1605 ipse

460 1614 565 1650 iuvet
610 1613 838 1662 proximum
883 1616 933 1651 ad
974 1615 1080 1651 hunc
1119 1615 1253 1662 finem,
1298 1615 1424 1651 immo
1463 1624 1505 1651 ut
1545 1616 1595 1652 ad
1634 1616 1709 1651 hoc
1748 1614 1779 1650 si

460 1681 647 1720 oporteat
680 1673 959 1720 compellatur.

212 1735 272 1763 We
293 1735 404 1763 should
519 1732 568 1766 Et
592 1730 684 1766 hinc
708 1730 910 1766 evidenter
933 1729 1114 1778 sequitur
1137 1732 1245 1778 quod
1277 1731 1400 1767 homo
1433 1739 1591 1767 moveat
1615 1739 1780 1767 cunctos
1797 1734 1837 1766 25

171 1771 446 1833 urffitffllnrpgztrgto
462 1788 614 1825 viantes
653 1797 696 1823 ut
728 1787 882 1824 sincere
921 1788 1121 1836 accipiant
1161 1797 1311 1825 sectam
1346 1788 1493 1825 Christi
1527 1797 1564 1824 et
1596 1789 1781 1825 deserant

194 1840 326 1868 Christ's
348 1844 421 1866 sect.
463 1855 626 1882 cunctas
661 1854 880 1892 extraneas,
916 1859 1006 1882 curn
1039 1847 1236 1883 seducunt
1269 1847 1318 1882 ab
1350 1846 1584 1883 imitacione
1617 1845 1780 1883 Domini

461 1894 557 1940 Jesu‘
587 1903 735 1940 Christi
769 1913 805 1940 et
838 1916 909 1952 per
942 1916 1190 1953 consequens
1224 1905 1431 1941 retardant
1462 1905 1523 1941 vel
1554 1904 1781 1952 impediunt

463 1963 513 1998 ad
546 1961 839 1998 beatitudinem
874 1961 1182 2010 acquirendum.

184 2025 419 2072 chrysostom:
521 2019 792 2056 Crisostomus
837 2029 970 2056 autem
1017 2033 1136 2069 super
1188 2020 1264 2057 isto
1316 2028 1424 2056 textu
1475 2019 1532 2056 sic
1584 2019 1839 2068 loquiturtsso

192 2059 376 2128 shissasrgfgg
398 2063 428 2085 to
470 2078 605 2113 Tercia
658 2078 725 2113 hec
776 2078 1048 2127 consequencia
1099 2079 1151 2114 ad
1201 2078 1362 2114 terciam
1415 2078 1603 2114 iusticiam
1657 2077 1785 2114 ieiunii

458 2135 641 2185 pertinet,
676 2143 711 2171 et
743 2143 799 2171 est
825 2148 925 2185 pars
948 2136 1122 2172 doctrine
1151 2137 1198 2172 de
1228 2136 1364 2172 ieiunio
1386 2137 1511 2184 facte,
1545 2143 1584 2171 ut
1613 2136 1662 2172 sit
1693 2136 1782 2172 talis

465 2194 562 2229 ordo
608 2194 875 2229 narracionis:
926 2194 980 2229 Tu
1023 2201 1150 2230 autern
1191 2207 1275 2230 cum
1321 2194 1477 2237 ieiunas,
1522 2206 1625 2244 unge
1668 2200 1782 2243 caput

465 2259 570 2287 tuum
595 2258 629 2286 et
643 2251 793 2299 faciem
814 2258 918 2287 tuam
944 2252 1047 2297 lava,
1082 2264 1128 2288 ne
1149 2264 1343 2301 appareas
1365 2251 1580 2288 hominibus
1612 2251 1782 2287 ieiunans

463 2309 533 2346 sed
565 2309 678 2358 patri
713 2317 776 2345 tuo
815 2309 881 2358 qui
922 2309 958 2344 in
996 2310 1087 2346 celis
1124 2317 1191 2356 est,
1235 2310 1271 2345 in
1311 2310 1557 2355 abscondit0‚·
1599 2316 1634 2345 et
1666 2316 1784 2359 pater
1799 2312 1838 2346 35

466 2375 564 2412 tuus,
598 2367 662 2415 qui
693 2367 796 2402 videt
828 2367 864 2402 in
897 2368 1136 2414 abscondito,
1170 2368 1308 2403 reddet
1339 2367 1416 2403 tibi.

523 2425 674 2460 Intrate
701 2437 776 2473 per
809 2432 1016 2475 angustam
1045 2432 1219 2474 portam,
1251 2425 1429 2475 quoniam
1472 2424 1594 2461 omnis
1630 2425 1781 2474 quidem

466 2482 613 2518 iusticie
659 2482 838 2518 introitus
881 2483 933 2518 aa'
977 2483 1094 2519 vitam
1139 2491 1310 2519 eternam
1356 2490 1545 2534 angustus
1588 2490 1644 2519 est
1682 2482 1786 2519 'omni

537 2646 562 2665 2.
585 2638 624 2665 B:
641 2646 702 2674 per
720 2638 845 2665 semitas
863 2638 968 2671 arias,·
993 2638 1022 2665 in
1044 2646 1156 2673 marg:
1187 2641 1288 2674 sectas:
1312 2639 1412 2673 avias.
1485 2647 1511 2674 7.
1533 2638 1595 2666 Hic
1613 2639 1697 2666 locus
1716 2646 1782 2666 cor-

467 2699 575 2730 ruptus
594 2704 658 2723 esse
678 2696 809 2723 videtur.
918 2704 960 2729 14.
980 2697 1024 2723 A:
1051 2696 1180 2723 aliunde
1197 2696 1294 2723 twice.
1393 2695 1430 2724 15.
1456 2697 1501 2724 A:
1529 2700 1631 2724 tamen
1659 2697 1782 2725 morali.

469 2730 508 2757 18.
538 2732 566 2757 A
596 2731 626 2758 in
656 2739 768 2765 marg:
791 2731 872 2758 Nola
899 2730 1067 2758 racionem.
1157 2729 1200 2758 23.
1221 2732 1265 2758 A:
1287 2731 1317 2758 si
1335 2731 1430 2759 deest.
1502 2730 1548 2759 30.
1569 2733 1598 2759 A
1617 2731 1648 2759 in
1669 2739 1783 2767 marg:

469 2764 684 2793 Crisostomus.
756 2764 799 2793 35.
821 2765 860 2792 13:
882 2768 928 2792 est
946 2765 1045 2792 twice.

540 2838 592 2869 30.
621 2838 687 2879 Op.
716 2838 811 2879 Imp„
840 2837 860 2868 l.
887 2848 915 2869 c.
942 2848 974 2879 p.
1000 2836 1117 2881 82576.
1214 2839 1267 2871 31.
1293 2837 1412 2870 Matth.
1438 2839 1494 2878 VI,
1519 2848 1552 2879 4,
1579 2838 1610 2879 6,
1641 2837 1691 2871 18.
