<?xml version="1.0" encoding="UTF-8"?>
<!DOCTYPE html PUBLIC "-//W3C//DTD XHTML 1.0 Transitional//EN"
    "http://www.w3.org/TR/xhtml1/DTD/xhtml1-transitional.dtd">
<html xmlns="http://www.w3.org/1999/xhtml" xml:lang="en" lang="en">
 <head>
  <title>
</title>
<meta http-equiv="Content-Type" content="text/html;charset=utf-8" />
  <meta name='ocr-system' content='tesseract 3.04.00' />
  <meta name='ocr-capabilities' content='ocr_page ocr_carea ocr_par ocr_line ocrx_word'/>
</head>
<body>
  <div class='ocr_page' id='page_1' title='image "./opusevangelicum12wycl/opusevangelicum12wycl_0205.png"; bbox 0 0 2003 3322; ppageno 0'>
   <div class='ocr_carea' id='block_1_1' title="bbox 188 201 989 255">
    <p class='ocr_par' dir='ltr' id='par_1_1' title="bbox 188 201 989 255">
     <span class='ocr_line' id='line_1_1' title="bbox 188 201 989 255; baseline 0.005 -16"><span class='ocrx_word' id='word_1_1' title='bbox 188 209 276 237; x_wconf 72' lang='lat' dir='ltr'><strong>cAp.</strong></span> <span class='ocrx_word' id='word_1_2' title='bbox 298 201 391 255; x_wconf 72' lang='lat' dir='ltr'><strong>Lm]</strong></span> <span class='ocrx_word' id='word_1_3' title='bbox 696 213 835 243; x_wconf 79' lang='lat' dir='ltr'><strong>PRIMA</strong></span> <span class='ocrx_word' id='word_1_4' title='bbox 864 213 989 243; x_wconf 79' lang='lat' dir='ltr'>PARS.</span> 
     </span>
    </p>
   </div>
   <div class='ocr_carea' id='block_1_2' title="bbox 157 318 1504 704">
    <p class='ocr_par' dir='ltr' id='par_1_2' title="bbox 157 318 1504 658">
     <span class='ocr_line' id='line_1_2' title="bbox 188 318 1504 368; baseline -0.004 -10"><span class='ocrx_word' id='word_1_5' title='bbox 188 321 399 358; x_wconf 82' lang='lat' dir='ltr'><strong>ministerio</strong></span> <span class='ocrx_word' id='word_1_6' title='bbox 452 319 667 356; x_wconf 77' lang='lat' dir='ltr'><strong>sacerdotis</strong></span> <span class='ocrx_word' id='word_1_7' title='bbox 704 331 777 354; x_wconf 83' lang='lat' dir='ltr'><strong>non</strong></span> <span class='ocrx_word' id='word_1_8' title='bbox 811 318 967 368; x_wconf 80' lang='lat' dir='ltr'><em>prebuit</em></span> <span class='ocrx_word' id='word_1_9' title='bbox 1012 319 1192 364; x_wconf 79' lang='lat' dir='ltr'><strong>alteram,</strong></span> <span class='ocrx_word' id='word_1_10' title='bbox 1235 318 1304 354; x_wconf 81' lang='lat' dir='ltr'><strong>sed</strong></span> <span class='ocrx_word' id='word_1_11' title='bbox 1347 318 1504 366; x_wconf 82' lang='lat' dir='ltr'><em>insuper</em></span> 
     </span>
     <span class='ocr_line' id='line_1_3' title="bbox 190 376 1502 425; baseline -0.003 -10"><span class='ocrx_word' id='word_1_12' title='bbox 190 379 310 415; x_wconf 82' lang='lat' dir='ltr'><strong>dixit.-</strong></span> <span class='ocrx_word' id='word_1_13' title='bbox 356 378 399 414; x_wconf 80' lang='lat' dir='ltr'><strong>Si</strong></span> <span class='ocrx_word' id='word_1_14' title='bbox 429 378 530 413; x_wconf 77' lang='lat' dir='ltr'><strong>male</strong></span> <span class='ocrx_word' id='word_1_15' title='bbox 563 378 711 413; x_wconf 80' lang='lat' dir='ltr'><strong>locutus</strong></span> <span class='ocrx_word' id='word_1_16' title='bbox 741 389 839 422; x_wconf 79' lang='lat' dir='ltr'><strong>sum,</strong></span> <span class='ocrx_word' id='word_1_17' title='bbox 872 377 1072 425; x_wconf 78' lang='lat' dir='ltr'><strong>exprobra</strong></span> <span class='ocrx_word' id='word_1_18' title='bbox 1106 376 1152 411; x_wconf 82' lang='lat' dir='ltr'><strong>de</strong></span> <span class='ocrx_word' id='word_1_19' title='bbox 1184 376 1301 423; x_wconf 82' lang='lat' dir='ltr'><strong>malo,</strong></span> <span class='ocrx_word' id='word_1_20' title='bbox 1333 376 1368 412; x_wconf 76' lang='lat' dir='ltr'><strong>si</strong></span> <span class='ocrx_word' id='word_1_21' title='bbox 1398 377 1502 422; x_wconf 84' lang='lat' dir='ltr'><strong>hene,</strong></span> 
     </span>
     <span class='ocr_line' id='line_1_4' title="bbox 187 434 1501 487; baseline -0.003 -14"><span class='ocrx_word' id='word_1_22' title='bbox 187 437 278 487; x_wconf 78' lang='lat' dir='ltr'><strong>quid</strong></span> <span class='ocrx_word' id='word_1_23' title='bbox 309 448 369 472; x_wconf 84' lang='lat' dir='ltr'><strong>me</strong></span> <span class='ocrx_word' id='word_1_24' title='bbox 400 436 532 473; x_wconf 74' lang='lat' dir='ltr'><strong>cedis?</strong></span> <span class='ocrx_word' id='word_1_25' title='bbox 563 435 649 471; x_wconf 87' lang='lat' dir='ltr'><strong>Non</strong></span> <span class='ocrx_word' id='word_1_26' title='bbox 684 442 810 470; x_wconf 76' lang='lat' dir='ltr'><strong>tamen</strong></span> <span class='ocrx_word' id='word_1_27' title='bbox 843 435 927 470; x_wconf 80' lang='lat' dir='ltr'>ideo</span> <span class='ocrx_word' id='word_1_28' title='bbox 957 442 1126 483; x_wconf 79' lang='lat' dir='ltr'><strong>paratus</strong></span> <span class='ocrx_word' id='word_1_29' title='bbox 1158 434 1277 470; x_wconf 83' lang='lat' dir='ltr'><strong>corde</strong></span> <span class='ocrx_word' id='word_1_30' title='bbox 1308 446 1381 470; x_wconf 80' lang='lat' dir='ltr'><strong>non</strong></span> <span class='ocrx_word' id='word_1_31' title='bbox 1405 434 1501 482; x_wconf 81' lang='lat' dir='ltr'><strong>fuit,</strong></span> 
     </span>
     <span class='ocr_line' id='line_1_5' title="bbox 188 492 1502 542; baseline -0.003 -11"><span class='ocrx_word' id='word_1_32' title='bbox 188 507 260 531; x_wconf 80' lang='lat' dir='ltr'><strong>non</strong></span> <span class='ocrx_word' id='word_1_33' title='bbox 282 495 406 531; x_wconf 75' lang='lat' dir='ltr'><strong>solum</strong></span> <span class='ocrx_word' id='word_1_34' title='bbox 430 494 465 529; x_wconf 80' lang='lat' dir='ltr'><strong>in</strong></span> <span class='ocrx_word' id='word_1_35' title='bbox 489 494 655 529; x_wconf 80' lang='lat' dir='ltr'><strong>alteram</strong></span> <span class='ocrx_word' id='word_1_36' title='bbox 681 493 886 528; x_wconf 77' lang='lat' dir='ltr'><strong>maxillam</strong></span> <span class='ocrx_word' id='word_1_37' title='bbox 920 492 1004 528; x_wconf 75' lang='lat' dir='ltr'><strong>cedi</strong></span> <span class='ocrx_word' id='word_1_38' title='bbox 1029 504 1105 542; x_wconf 81' lang='lat' dir='ltr'><strong>pro</strong></span> <span class='ocrx_word' id='word_1_39' title='bbox 1138 492 1262 528; x_wconf 80' lang='lat' dir='ltr'><strong>salute</strong></span> <span class='ocrx_word' id='word_1_40' title='bbox 1294 492 1502 537; x_wconf 77' lang='lat' dir='ltr'><strong>hominum,</strong></span> 
     </span>
     <span class='ocr_line' id='line_1_6' title="bbox 157 550 1504 600; baseline 0 -15"><span class='ocrx_word' id='word_1_41' title='bbox 157 552 255 589; x_wconf 61' lang='lat' dir='ltr'><strong>{used</strong></span> <span class='ocrx_word' id='word_1_42' title='bbox 297 552 416 588; x_wconf 83' lang='lat' dir='ltr'><strong>eciam</strong></span> <span class='ocrx_word' id='word_1_43' title='bbox 465 559 542 588; x_wconf 84' lang='lat' dir='ltr'><strong>toto</strong></span> <span class='ocrx_word' id='word_1_44' title='bbox 587 563 753 599; x_wconf 79' lang='lat' dir='ltr'><strong>corpore</strong></span> <span class='ocrx_word' id='word_1_45' title='bbox 797 550 987 600; x_wconf 77' lang='lat' dir='ltr'><strong>crucifigi,</strong></span> <span class='ocrx_word' id='word_1_46' title='bbox 1041 557 1082 585; x_wconf 81' lang='lat' dir='ltr'><strong>ut</strong></span> <span class='ocrx_word' id='word_1_47' title='bbox 1133 550 1209 585; x_wconf 80' lang='lat' dir='ltr'><strong>iam</strong></span> <span class='ocrx_word' id='word_1_48' title='bbox 1249 557 1370 599; x_wconf 80' lang='lat' dir='ltr'><strong>patet.</strong></span> <span class='ocrx_word' id='word_1_49' title='bbox 1420 551 1504 586; x_wconf 86' lang='lat' dir='ltr'><strong>Hec</strong></span> 
     </span>
     <span class='ocr_line' id='line_1_7' title="bbox 188 609 450 658; baseline 0.004 -12"><span class='ocrx_word' id='word_1_50' title='bbox 188 609 450 658; x_wconf 78' lang='lat' dir='ltr'><strong>Augustinus,</strong></span> 
     </span>
    </p>

    <p class='ocr_par' dir='ltr' id='par_1_3' title="bbox 246 664 1501 704">
     <span class='ocr_line' id='line_1_8' title="bbox 246 664 1501 704; baseline -0.002 0"><span class='ocrx_word' id='word_1_51' title='bbox 246 670 294 704; x_wconf 90' lang='lat' dir='ltr'><strong>Et</strong></span> <span class='ocrx_word' id='word_1_52' title='bbox 320 667 477 704; x_wconf 91' lang='lat' dir='ltr'><strong>videtur</strong></span> <span class='ocrx_word' id='word_1_53' title='bbox 510 667 630 703; x_wconf 88' lang='lat' dir='ltr'><strong>istum</strong></span> <span class='ocrx_word' id='word_1_54' title='bbox 655 674 841 702; x_wconf 85' lang='lat' dir='ltr'><strong>sanctum</strong></span> <span class='ocrx_word' id='word_1_55' title='bbox 865 664 1074 703; x_wconf 83' lang='lat' dir='ltr'>intendere</span> <span class='ocrx_word' id='word_1_56' title='bbox 1098 666 1162 703; x_wconf 91' lang='lat' dir='ltr'><strong>hic</strong></span> <span class='ocrx_word' id='word_1_57' title='bbox 1186 675 1223 702; x_wconf 90' lang='lat' dir='ltr'><strong>et</strong></span> <span class='ocrx_word' id='word_1_58' title='bbox 1247 665 1342 702; x_wconf 89' lang='lat' dir='ltr'><strong>alibi</strong></span> <span class='ocrx_word' id='word_1_59' title='bbox 1367 666 1501 702; x_wconf 90' lang='lat' dir='ltr'><strong>multis</strong></span> 
     </span>
    </p>
   </div>
   <div class='ocr_carea' id='block_1_3' title="bbox 1717 202 1789 248">
    <p class='ocr_par' dir='ltr' id='par_1_4' title="bbox 1717 202 1789 248">
     <span class='ocr_line' id='line_1_9' title="bbox 1717 202 1789 248; baseline 0 -12"><span class='ocrx_word' id='word_1_60' title='bbox 1717 202 1789 248; x_wconf 80' lang='lat'><strong>195</strong></span> 
     </span>
    </p>
   </div>
   <div class='ocr_carea' id='block_1_4' title="bbox 1570 669 1738 732">
    <p class='ocr_par' dir='ltr' id='par_1_5' title="bbox 1570 669 1738 732">
     <span class='ocr_line' id='line_1_10' title="bbox 1574 669 1737 697; baseline 0 0"><span class='ocrx_word' id='word_1_61' title='bbox 1574 669 1633 697; x_wconf 87' lang='lat' dir='ltr'><strong>We</strong></span> <span class='ocrx_word' id='word_1_62' title='bbox 1654 674 1737 697; x_wconf 85' lang='lat' dir='ltr'><strong>must</strong></span> 
     </span>
     <span class='ocr_line' id='line_1_11' title="bbox 1570 705 1738 732; baseline 0.006 -1"><span class='ocrx_word' id='word_1_63' title='bbox 1570 705 1687 732; x_wconf 83' lang='lat' dir='ltr'><strong>submit</strong></span> <span class='ocrx_word' id='word_1_64' title='bbox 1708 709 1738 732; x_wconf 86' lang='lat' dir='ltr'><strong>to</strong></span> 
     </span>
    </p>
   </div>
   <div class='ocr_carea' id='block_1_5' title="bbox 187 722 1771 775">
    <p class='ocr_par' dir='ltr' id='par_1_6' title="bbox 187 722 1771 775">
     <span class='ocr_line' id='line_1_12' title="bbox 187 722 1771 775; baseline -0.001 -13"><span class='ocrx_word' id='word_1_65' title='bbox 187 726 284 762; x_wconf 90' lang='lat' dir='ltr'><strong>locis</strong></span> <span class='ocrx_word' id='word_1_66' title='bbox 317 727 425 774; x_wconf 85' lang='lat' dir='ltr'><strong>quod</strong></span> <span class='ocrx_word' id='word_1_67' title='bbox 465 726 537 762; x_wconf 87' lang='lat' dir='ltr'><strong>hec</strong></span> <span class='ocrx_word' id='word_1_68' title='bbox 571 723 756 760; x_wconf 90' lang='lat' dir='ltr'><strong>doctrina</strong></span> <span class='ocrx_word' id='word_1_69' title='bbox 780 722 928 759; x_wconf 82' lang='lat' dir='ltr'>Christi</span> <span class='ocrx_word' id='word_1_70' title='bbox 962 724 1025 761; x_wconf 90' lang='lat' dir='ltr'><strong>hic</strong></span> <span class='ocrx_word' id='word_1_71' title='bbox 1049 733 1241 772; x_wconf 90' lang='lat' dir='ltr'><strong>precepta</strong></span> <span class='ocrx_word' id='word_1_72' title='bbox 1265 732 1302 760; x_wconf 88' lang='lat' dir='ltr'><strong>et</strong></span> <span class='ocrx_word' id='word_1_73' title='bbox 1327 736 1502 772; x_wconf 84' lang='lat' dir='ltr'><strong>congrue</strong></span> <span class='ocrx_word' id='word_1_74' title='bbox 1546 740 1678 775; x_wconf 78' lang='lat' dir='ltr'><strong>worldly</strong></span> <span class='ocrx_word' id='word_1_75' title='bbox 1698 740 1771 766; x_wconf 80' lang='lat' dir='ltr'><strong>hurt</strong></span> 
     </span>
    </p>
   </div>
   <div class='ocr_carea' id='block_1_6' title="bbox 131 781 1501 2573">
    <p class='ocr_par' dir='ltr' id='par_1_7' title="bbox 131 781 1501 2573">
     <span class='ocr_line' id='line_1_13' title="bbox 189 781 1455 830; baseline -0.001 -10"><span class='ocrx_word' id='word_1_76' title='bbox 189 792 352 820; x_wconf 81' lang='lat' dir='ltr'>executa</span> <span class='ocrx_word' id='word_1_77' title='bbox 390 783 537 819; x_wconf 86' lang='lat' dir='ltr'><strong>sufficit</strong></span> <span class='ocrx_word' id='word_1_78' title='bbox 581 782 807 830; x_wconf 82' lang='lat' dir='ltr'><strong>cuicunque</strong></span> <span class='ocrx_word' id='word_1_79' title='bbox 846 781 970 818; x_wconf 84' lang='lat' dir='ltr'><strong>vianti</strong></span> <span class='ocrx_word' id='word_1_80' title='bbox 1011 784 1061 818; x_wconf 90' lang='lat' dir='ltr'><strong>ad</strong></span> <span class='ocrx_word' id='word_1_81' title='bbox 1102 781 1393 818; x_wconf 83' lang='lat' dir='ltr'>beatitudinem</span> <span class='ocrx_word' id='word_1_82' title='bbox 1434 795 1455 819; x_wconf 86' lang='lat' dir='ltr'><strong>a</strong></span> 
     </span>
     <span class='ocr_line' id='line_1_14' title="bbox 136 840 1501 891; baseline -0.001 -13"><span class='ocrx_word' id='word_1_83' title='bbox 136 853 173 873; x_wconf 90' lang='lat'><strong>10</strong></span> <span class='ocrx_word' id='word_1_84' title='bbox 187 841 443 891; x_wconf 85' lang='lat' dir='ltr'><strong>quirendam:</strong></span> <span class='ocrx_word' id='word_1_85' title='bbox 478 842 520 877; x_wconf 81' lang='lat' dir='ltr'><strong>Si</strong></span> <span class='ocrx_word' id='word_1_86' title='bbox 550 841 632 890; x_wconf 79' lang='lat' dir='ltr'><strong>quis</strong></span> <span class='ocrx_word' id='word_1_87' title='bbox 665 847 700 876; x_wconf 86' lang='lat' dir='ltr'><strong>te</strong></span> <span class='ocrx_word' id='word_1_88' title='bbox 726 841 967 889; x_wconf 79' lang='lat' dir='ltr'><strong>percusserit</strong></span> <span class='ocrx_word' id='word_1_89' title='bbox 989 841 1024 876; x_wconf 86' lang='lat' dir='ltr'><strong>in</strong></span> <span class='ocrx_word' id='word_1_90' title='bbox 1049 841 1254 876; x_wconf 76' lang='lat' dir='ltr'><strong>dexteram</strong></span> <span class='ocrx_word' id='word_1_91' title='bbox 1278 840 1501 886; x_wconf 74' lang='lat' dir='ltr'><strong>maxillam,</strong></span> 
     </span>
     <span class='ocr_line' id='line_1_15' title="bbox 182 898 1501 949; baseline -0.002 -13"><span class='ocrx_word' id='word_1_92' title='bbox 182 900 302 949; x_wconf 82' lang='lat' dir='ltr'>prebe</span> <span class='ocrx_word' id='word_1_93' title='bbox 335 900 394 935; x_wconf 83' lang='lat' dir='ltr'><strong>illi</strong></span> <span class='ocrx_word' id='word_1_94' title='bbox 424 906 459 935; x_wconf 83' lang='lat' dir='ltr'><strong>et</strong></span> <span class='ocrx_word' id='word_1_95' title='bbox 490 900 670 945; x_wconf 76' lang='lat' dir='ltr'><strong>alteram,</strong></span> <span class='ocrx_word' id='word_1_96' title='bbox 705 910 795 934; x_wconf 87' lang='lat' dir='ltr'><strong>cum</strong></span> <span class='ocrx_word' id='word_1_97' title='bbox 826 910 948 935; x_wconf 88' lang='lat' dir='ltr'><strong>nemo</strong></span> <span class='ocrx_word' id='word_1_98' title='bbox 981 898 1149 935; x_wconf 86' lang='lat' dir='ltr'><strong>offendit</strong></span> <span class='ocrx_word' id='word_1_99' title='bbox 1182 898 1223 934; x_wconf 87' lang='lat' dir='ltr'><strong>in</strong></span> <span class='ocrx_word' id='word_1_100' title='bbox 1258 900 1386 934; x_wconf 91' lang='lat' dir='ltr'><strong>Deum</strong></span> <span class='ocrx_word' id='word_1_101' title='bbox 1421 898 1501 935; x_wconf 88' lang='lat' dir='ltr'><strong>sive</strong></span> 
     </span>
     <span class='ocr_line' id='line_1_16' title="bbox 189 955 1501 1004; baseline -0.001 -11"><span class='ocrx_word' id='word_1_102' title='bbox 189 957 317 993; x_wconf 87' lang='lat' dir='ltr'><strong>maior</strong></span> <span class='ocrx_word' id='word_1_103' title='bbox 349 956 469 993; x_wconf 84' lang='lat' dir='ltr'><strong>fuerit</strong></span> <span class='ocrx_word' id='word_1_104' title='bbox 501 957 581 994; x_wconf 86' lang='lat' dir='ltr'><strong>sive</strong></span> <span class='ocrx_word' id='word_1_105' title='bbox 616 955 760 1003; x_wconf 85' lang='lat' dir='ltr'><strong>minor,</strong></span> <span class='ocrx_word' id='word_1_106' title='bbox 793 956 869 992; x_wconf 91' lang='lat' dir='ltr'><strong>nisi</strong></span> <span class='ocrx_word' id='word_1_107' title='bbox 892 956 1166 1004; x_wconf 80' lang='lat' dir='ltr'>prevaricatus</span> <span class='ocrx_word' id='word_1_108' title='bbox 1189 955 1308 993; x_wconf 90' lang='lat' dir='ltr'><strong>fuerit</strong></span> <span class='ocrx_word' id='word_1_109' title='bbox 1333 956 1373 992; x_wconf 89' lang='lat' dir='ltr'><strong>in</strong></span> <span class='ocrx_word' id='word_1_110' title='bbox 1395 956 1501 993; x_wconf 89' lang='lat' dir='ltr'><strong>istud</strong></span> 
     </span>
     <span class='ocr_line' id='line_1_17' title="bbox 189 1014 1501 1054; baseline -0.002 -2"><span class='ocrx_word' id='word_1_111' title='bbox 189 1014 401 1052; x_wconf 90' lang='lat' dir='ltr'><strong>consilium</strong></span> <span class='ocrx_word' id='word_1_112' title='bbox 431 1016 492 1051; x_wconf 91' lang='lat' dir='ltr'><strong>vel</strong></span> <span class='ocrx_word' id='word_1_113' title='bbox 526 1016 776 1054; x_wconf 82' lang='lat' dir='ltr'><strong>mandatum,</strong></span> <span class='ocrx_word' id='word_1_114' title='bbox 812 1014 1037 1051; x_wconf 82' lang='lat' dir='ltr'><strong>Consilium</strong></span> <span class='ocrx_word' id='word_1_115' title='bbox 1072 1014 1177 1050; x_wconf 92' lang='lat' dir='ltr'><strong>enim</strong></span> <span class='ocrx_word' id='word_1_116' title='bbox 1211 1014 1312 1051; x_wconf 88' lang='lat' dir='ltr'><strong>tanti</strong></span> <span class='ocrx_word' id='word_1_117' title='bbox 1346 1014 1501 1051; x_wconf 91' lang='lat' dir='ltr'><strong>domini</strong></span> 
     </span>
     <span class='ocr_line' id='line_1_18' title="bbox 188 1072 1501 1121; baseline 0 -11"><span class='ocrx_word' id='word_1_118' title='bbox 188 1082 246 1110; x_wconf 89' lang='lat' dir='ltr'><strong>est</strong></span> <span class='ocrx_word' id='word_1_119' title='bbox 291 1074 541 1110; x_wconf 88' lang='lat' dir='ltr'><strong>mandatum.</strong></span> <span class='ocrx_word' id='word_1_120' title='bbox 594 1072 763 1108; x_wconf 88' lang='lat' dir='ltr'><strong>Videtur</strong></span> <span class='ocrx_word' id='word_1_121' title='bbox 807 1081 941 1109; x_wconf 85' lang='lat' dir='ltr'><strong>autern</strong></span> <span class='ocrx_word' id='word_1_122' title='bbox 987 1072 1234 1121; x_wconf 85' lang='lat' dir='ltr'><strong>Augustinus</strong></span> <span class='ocrx_word' id='word_1_123' title='bbox 1280 1072 1501 1121; x_wconf 87' lang='lat' dir='ltr'><strong>intelligere</strong></span> 
     </span>
     <span class='ocr_line' id='line_1_19' title="bbox 136 1130 1501 1179; baseline 0.001 -14"><span class='ocrx_word' id='word_1_124' title='bbox 136 1131 257 1179; x_wconf 78' lang='lat' dir='ltr'><strong>15per</strong></span> <span class='ocrx_word' id='word_1_125' title='bbox 291 1131 493 1168; x_wconf 85' lang='lat' dir='ltr'><strong>maxillam</strong></span> <span class='ocrx_word' id='word_1_126' title='bbox 528 1132 705 1168; x_wconf 79' lang='lat' dir='ltr'>dextram</span> <span class='ocrx_word' id='word_1_127' title='bbox 741 1139 777 1167; x_wconf 89' lang='lat' dir='ltr'><strong>et</strong></span> <span class='ocrx_word' id='word_1_128' title='bbox 810 1130 1011 1167; x_wconf 81' lang='lat' dir='ltr'><strong>sinistram</strong></span> <span class='ocrx_word' id='word_1_129' title='bbox 1053 1139 1262 1179; x_wconf 88' lang='lat' dir='ltr'><strong>aspectum</strong></span> <span class='ocrx_word' id='word_1_130' title='bbox 1298 1130 1501 1167; x_wconf 88' lang='lat' dir='ltr'><strong>interioris</strong></span> 
     </span>
     <span class='ocr_line' id='line_1_20' title="bbox 187 1188 1501 1237; baseline 0 -12"><span class='ocrx_word' id='word_1_131' title='bbox 187 1189 363 1226; x_wconf 88' lang='lat' dir='ltr'><strong>hominis</strong></span> <span class='ocrx_word' id='word_1_132' title='bbox 386 1190 436 1226; x_wconf 87' lang='lat' dir='ltr'><strong>ad</strong></span> <span class='ocrx_word' id='word_1_133' title='bbox 457 1190 563 1226; x_wconf 88' lang='lat' dir='ltr'><strong>bona</strong></span> <span class='ocrx_word' id='word_1_134' title='bbox 587 1188 814 1237; x_wconf 79' lang='lat' dir='ltr'><strong>spiritualia</strong></span> <span class='ocrx_word' id='word_1_135' title='bbox 836 1189 1003 1237; x_wconf 84' lang='lat' dir='ltr'><strong>pociora</strong></span> <span class='ocrx_word' id='word_1_136' title='bbox 1027 1197 1064 1225; x_wconf 88' lang='lat' dir='ltr'><strong>et</strong></span> <span class='ocrx_word' id='word_1_137' title='bbox 1093 1197 1300 1237; x_wconf 88' lang='lat' dir='ltr'><strong>aspectum</strong></span> <span class='ocrx_word' id='word_1_138' title='bbox 1335 1189 1418 1225; x_wconf 91' lang='lat' dir='ltr'><strong>eius</strong></span> <span class='ocrx_word' id='word_1_139' title='bbox 1451 1190 1501 1226; x_wconf 91' lang='lat' dir='ltr'><strong>ad</strong></span> 
     </span>
     <span class='ocr_line' id='line_1_21' title="bbox 187 1247 1501 1295; baseline 0 -11"><span class='ocrx_word' id='word_1_140' title='bbox 187 1249 292 1284; x_wconf 89' lang='lat' dir='ltr'><strong>bona</strong></span> <span class='ocrx_word' id='word_1_141' title='bbox 336 1247 577 1295; x_wconf 88' lang='lat' dir='ltr'><strong>temporalia</strong></span> <span class='ocrx_word' id='word_1_142' title='bbox 614 1248 676 1284; x_wconf 90' lang='lat' dir='ltr'><strong>vel</strong></span> <span class='ocrx_word' id='word_1_143' title='bbox 713 1247 792 1283; x_wconf 90' lang='lat' dir='ltr'><strong>alia</strong></span> <span class='ocrx_word' id='word_1_144' title='bbox 837 1247 969 1283; x_wconf 88' lang='lat' dir='ltr'><strong>minus</strong></span> <span class='ocrx_word' id='word_1_145' title='bbox 1008 1248 1134 1293; x_wconf 84' lang='lat' dir='ltr'><strong>bona;</strong></span> <span class='ocrx_word' id='word_1_146' title='bbox 1176 1259 1221 1283; x_wconf 92' lang='lat' dir='ltr'><strong>ac</strong></span> <span class='ocrx_word' id='word_1_147' title='bbox 1254 1247 1285 1283; x_wconf 90' lang='lat' dir='ltr'><strong>si</strong></span> <span class='ocrx_word' id='word_1_148' title='bbox 1319 1247 1501 1284; x_wconf 85' lang='lat' dir='ltr'><strong>Christus</strong></span> 
     </span>
     <span class='ocr_line' id='line_1_22' title="bbox 187 1305 1501 1354; baseline 0 -13"><span class='ocrx_word' id='word_1_149' title='bbox 187 1306 305 1342; x_wconf 88' lang='lat' dir='ltr'><strong>vellet</strong></span> <span class='ocrx_word' id='word_1_150' title='bbox 348 1305 556 1341; x_wconf 85' lang='lat' dir='ltr'><strong>intendere</strong></span> <span class='ocrx_word' id='word_1_151' title='bbox 599 1305 632 1341; x_wconf 89' lang='lat' dir='ltr'><strong>si</strong></span> <span class='ocrx_word' id='word_1_152' title='bbox 666 1305 764 1354; x_wconf 46' lang='lat' dir='ltr'><strong>¹quis</strong></span> <span class='ocrx_word' id='word_1_153' title='bbox 808 1305 941 1342; x_wconf 86' lang='lat' dir='ltr'>leserit</span> <span class='ocrx_word' id='word_1_154' title='bbox 980 1305 1040 1341; x_wconf 92' lang='lat' dir='ltr'><strong>vel</strong></span> <span class='ocrx_word' id='word_1_155' title='bbox 1085 1306 1240 1342; x_wconf 86' lang='lat' dir='ltr'><strong>auferre</strong></span> <span class='ocrx_word' id='word_1_156' title='bbox 1284 1305 1501 1342; x_wconf 87' lang='lat' dir='ltr'><strong>intenderit</strong></span> 
     </span>
     <span class='ocr_line' id='line_1_23' title="bbox 190 1363 1501 1411; baseline 0.001 -12"><span class='ocrx_word' id='word_1_157' title='bbox 190 1363 377 1400; x_wconf 85' lang='lat' dir='ltr'><strong>affectum</strong></span> <span class='ocrx_word' id='word_1_158' title='bbox 402 1364 462 1399; x_wconf 85' lang='lat' dir='ltr'><strong>vel</strong></span> <span class='ocrx_word' id='word_1_159' title='bbox 495 1372 703 1411; x_wconf 89' lang='lat' dir='ltr'><strong>aspectum</strong></span> <span class='ocrx_word' id='word_1_160' title='bbox 727 1373 841 1399; x_wconf 90' lang='lat' dir='ltr'><strong>tuum</strong></span> <span class='ocrx_word' id='word_1_161' title='bbox 867 1363 906 1399; x_wconf 90' lang='lat' dir='ltr'><strong>in</strong></span> <span class='ocrx_word' id='word_1_162' title='bbox 930 1365 1048 1400; x_wconf 86' lang='lat' dir='ltr'><strong>rebus</strong></span> <span class='ocrx_word' id='word_1_163' title='bbox 1072 1363 1349 1411; x_wconf 86' lang='lat' dir='ltr'><strong>spiritualibus</strong></span> <span class='ocrx_word' id='word_1_164' title='bbox 1373 1363 1501 1411; x_wconf 84' lang='lat' dir='ltr'><strong>magis</strong></span> 
     </span>
     <span class='ocr_line' id='line_1_24' title="bbox 132 1421 1500 1470; baseline 0.001 -13"><span class='ocrx_word' id='word_1_165' title='bbox 132 1438 173 1458; x_wconf 62' lang='grc' dir='ltr'><strong>ρο</strong></span> <span class='ocrx_word' id='word_1_166' title='bbox 189 1421 317 1468; x_wconf 84' lang='lat' dir='ltr'><strong>bonis,</strong></span> <span class='ocrx_word' id='word_1_167' title='bbox 343 1423 451 1470; x_wconf 87' lang='lat' dir='ltr'><strong>quod</strong></span> <span class='ocrx_word' id='word_1_168' title='bbox 480 1429 537 1457; x_wconf 86' lang='lat' dir='ltr'><strong>est</strong></span> <span class='ocrx_word' id='word_1_169' title='bbox 561 1423 697 1457; x_wconf 85' lang='lat' dir='ltr'><strong>dextra</strong></span> <span class='ocrx_word' id='word_1_170' title='bbox 721 1421 893 1467; x_wconf 80' lang='lat' dir='ltr'><strong>maxilla,</strong></span> <span class='ocrx_word' id='word_1_171' title='bbox 918 1422 1014 1458; x_wconf 87' lang='lat' dir='ltr'><strong>cede</strong></span> <span class='ocrx_word' id='word_1_172' title='bbox 1038 1421 1072 1458; x_wconf 92' lang='lat' dir='ltr'><strong>ei</strong></span> <span class='ocrx_word' id='word_1_173' title='bbox 1096 1422 1229 1458; x_wconf 87' lang='lat' dir='ltr'><strong>dando</strong></span> <span class='ocrx_word' id='word_1_174' title='bbox 1259 1421 1500 1470; x_wconf 89' lang='lat' dir='ltr'><strong>temporalia</strong></span> 
     </span>
     <span class='ocr_line' id='line_1_25' title="bbox 187 1479 1500 1528; baseline 0.001 -13"><span class='ocrx_word' id='word_1_175' title='bbox 187 1480 248 1516; x_wconf 86' lang='lat' dir='ltr'><strong>vel</strong></span> <span class='ocrx_word' id='word_1_176' title='bbox 271 1479 348 1516; x_wconf 88' lang='lat' dir='ltr'><strong>alia</strong></span> <span class='ocrx_word' id='word_1_177' title='bbox 375 1479 505 1515; x_wconf 88' lang='lat' dir='ltr'><strong>minus</strong></span> <span class='ocrx_word' id='word_1_178' title='bbox 529 1481 635 1516; x_wconf 90' lang='lat' dir='ltr'><strong>bona</strong></span> <span class='ocrx_word' id='word_1_179' title='bbox 668 1479 892 1528; x_wconf 86' lang='lat' dir='ltr'><strong>spiritualia</strong></span> <span class='ocrx_word' id='word_1_180' title='bbox 915 1481 1025 1528; x_wconf 86' lang='lat' dir='ltr'><strong>quod</strong></span> <span class='ocrx_word' id='word_1_181' title='bbox 1049 1488 1106 1516; x_wconf 88' lang='lat' dir='ltr'><strong>est</strong></span> <span class='ocrx_word' id='word_1_182' title='bbox 1135 1479 1296 1516; x_wconf 86' lang='lat' dir='ltr'><strong>sinistra</strong></span> <span class='ocrx_word' id='word_1_183' title='bbox 1326 1480 1500 1525; x_wconf 85' lang='lat' dir='ltr'><strong>maxilla,</strong></span> 
     </span>
     <span class='ocr_line' id='line_1_26' title="bbox 187 1537 1501 1586; baseline 0 -12"><span class='ocrx_word' id='word_1_184' title='bbox 187 1546 231 1574; x_wconf 92' lang='lat' dir='ltr'><strong>ut</strong></span> <span class='ocrx_word' id='word_1_185' title='bbox 275 1539 380 1574; x_wconf 90' lang='lat' dir='ltr'><strong>bona</strong></span> <span class='ocrx_word' id='word_1_186' title='bbox 423 1537 591 1586; x_wconf 86' lang='lat' dir='ltr'><strong>pociora</strong></span> <span class='ocrx_word' id='word_1_187' title='bbox 634 1537 675 1574; x_wconf 93' lang='lat' dir='ltr'><strong>in</strong></span> <span class='ocrx_word' id='word_1_188' title='bbox 720 1537 880 1574; x_wconf 85' lang='lat' dir='ltr'><strong>maxilla</strong></span> <span class='ocrx_word' id='word_1_189' title='bbox 924 1538 1062 1575; x_wconf 89' lang='lat' dir='ltr'><strong>dextra</strong></span> <span class='ocrx_word' id='word_1_190' title='bbox 1105 1537 1183 1574; x_wconf 87' lang='lat' dir='ltr'><strong>sint</strong></span> <span class='ocrx_word' id='word_1_191' title='bbox 1227 1539 1392 1575; x_wconf 86' lang='lat' dir='ltr'><strong>salvata.</strong></span> <span class='ocrx_word' id='word_1_192' title='bbox 1453 1540 1501 1574; x_wconf 93' lang='lat' dir='ltr'><strong>Et</strong></span> 
     </span>
     <span class='ocr_line' id='line_1_27' title="bbox 188 1595 1501 1645; baseline 0.001 -13"><span class='ocrx_word' id='word_1_193' title='bbox 188 1595 229 1632; x_wconf 93' lang='lat' dir='ltr'><strong>in</strong></span> <span class='ocrx_word' id='word_1_194' title='bbox 271 1595 346 1632; x_wconf 91' lang='lat' dir='ltr'><strong>ista</strong></span> <span class='ocrx_word' id='word_1_195' title='bbox 390 1595 573 1633; x_wconf 87' lang='lat' dir='ltr'><strong>doctrina</strong></span> <span class='ocrx_word' id='word_1_196' title='bbox 619 1595 862 1632; x_wconf 83' lang='lat' dir='ltr'><strong>offendimus</strong></span> <span class='ocrx_word' id='word_1_197' title='bbox 907 1596 1028 1632; x_wconf 89' lang='lat' dir='ltr'><strong>nimis</strong></span> <span class='ocrx_word' id='word_1_198' title='bbox 1074 1596 1359 1643; x_wconf 79' lang='lat' dir='ltr'><strong>communiter,</strong></span> <span class='ocrx_word' id='word_1_199' title='bbox 1408 1596 1501 1645; x_wconf 89' lang='lat' dir='ltr'><strong>quia</strong></span> 
     </span>
     <span class='ocr_line' id='line_1_28' title="bbox 188 1653 1501 1703; baseline 0 -13"><span class='ocrx_word' id='word_1_200' title='bbox 188 1654 276 1702; x_wconf 89' lang='lat' dir='ltr'><strong>plus</strong></span> <span class='ocrx_word' id='word_1_201' title='bbox 309 1653 543 1691; x_wconf 88' lang='lat' dir='ltr'><strong>affectamus</strong></span> <span class='ocrx_word' id='word_1_202' title='bbox 576 1655 749 1691; x_wconf 85' lang='lat' dir='ltr'><strong>honores</strong></span> <span class='ocrx_word' id='word_1_203' title='bbox 784 1655 1011 1691; x_wconf 90' lang='lat' dir='ltr'><strong>mundanos</strong></span> <span class='ocrx_word' id='word_1_204' title='bbox 1051 1655 1111 1691; x_wconf 89' lang='lat' dir='ltr'><strong>vel</strong></span> <span class='ocrx_word' id='word_1_205' title='bbox 1153 1654 1309 1702; x_wconf 86' lang='lat' dir='ltr'><strong>copiam</strong></span> <span class='ocrx_word' id='word_1_206' title='bbox 1345 1663 1501 1703; x_wconf 86' lang='lat' dir='ltr'><strong>tempo—</strong></span> 
     </span>
     <span class='ocr_line' id='line_1_29' title="bbox 132 1711 1501 1761; baseline 0.001 -14"><span class='ocrx_word' id='word_1_207' title='bbox 132 1716 170 1749; x_wconf 79' lang='lat'><strong>25</strong></span> <span class='ocrx_word' id='word_1_208' title='bbox 188 1711 333 1748; x_wconf 79' lang='lat' dir='ltr'><strong>salium</strong></span> <span class='ocrx_word' id='word_1_209' title='bbox 375 1725 495 1760; x_wconf 88' lang='lat' dir='ltr'><strong>quam</strong></span> <span class='ocrx_word' id='word_1_210' title='bbox 536 1713 730 1749; x_wconf 87' lang='lat' dir='ltr'><strong>honorem</strong></span> <span class='ocrx_word' id='word_1_211' title='bbox 772 1711 844 1748; x_wconf 90' lang='lat' dir='ltr'><strong>Dei</strong></span> <span class='ocrx_word' id='word_1_212' title='bbox 886 1721 923 1749; x_wconf 89' lang='lat' dir='ltr'><strong>et</strong></span> <span class='ocrx_word' id='word_1_213' title='bbox 966 1714 1070 1749; x_wconf 88' lang='lat' dir='ltr'><strong>bona</strong></span> <span class='ocrx_word' id='word_1_214' title='bbox 1108 1712 1255 1761; x_wconf 89' lang='lat' dir='ltr'><strong>patrie;</strong></span> <span class='ocrx_word' id='word_1_215' title='bbox 1302 1712 1501 1750; x_wconf 88' lang='lat' dir='ltr'><strong>discurrat</strong></span> 
     </span>
     <span class='ocr_line' id='line_1_30' title="bbox 188 1770 1499 1820; baseline 0.002 -14"><span class='ocrx_word' id='word_1_216' title='bbox 188 1771 364 1818; x_wconf 88' lang='lat' dir='ltr'><strong>prudens</strong></span> <span class='ocrx_word' id='word_1_217' title='bbox 405 1782 475 1818; x_wconf 91' lang='lat' dir='ltr'><strong>per</strong></span> <span class='ocrx_word' id='word_1_218' title='bbox 512 1770 774 1818; x_wconf 87' lang='lat' dir='ltr'><strong>operaciones</strong></span> <span class='ocrx_word' id='word_1_219' title='bbox 819 1779 900 1806; x_wconf 87' lang='lat' dir='ltr'><strong>tam</strong></span> <span class='ocrx_word' id='word_1_220' title='bbox 948 1779 1126 1807; x_wconf 88' lang='lat' dir='ltr'><strong>statuum</strong></span> <span class='ocrx_word' id='word_1_221' title='bbox 1160 1784 1283 1820; x_wconf 88' lang='lat' dir='ltr'><strong>quam</strong></span> <span class='ocrx_word' id='word_1_222' title='bbox 1317 1784 1499 1819; x_wconf 82' lang='lat' dir='ltr'><strong>persone,</strong></span> 
     </span>
     <span class='ocr_line' id='line_1_31' title="bbox 188 1827 1500 1876; baseline 0.002 -12"><span class='ocrx_word' id='word_1_223' title='bbox 188 1837 225 1864; x_wconf 90' lang='lat' dir='ltr'><strong>et</strong></span> <span class='ocrx_word' id='word_1_224' title='bbox 255 1827 404 1865; x_wconf 85' lang='lat' dir='ltr'><strong>videbit</strong></span> <span class='ocrx_word' id='word_1_225' title='bbox 437 1830 545 1876; x_wconf 88' lang='lat' dir='ltr'><strong>quod</strong></span> <span class='ocrx_word' id='word_1_226' title='bbox 577 1828 617 1864; x_wconf 89' lang='lat' dir='ltr'><strong>in</strong></span> <span class='ocrx_word' id='word_1_227' title='bbox 649 1828 726 1865; x_wconf 91' lang='lat' dir='ltr'><strong>isto</strong></span> <span class='ocrx_word' id='word_1_228' title='bbox 759 1828 1001 1865; x_wconf 85' lang='lat' dir='ltr'><strong>offendimus</strong></span> <span class='ocrx_word' id='word_1_229' title='bbox 1039 1828 1159 1866; x_wconf 89' lang='lat' dir='ltr'><strong>nimis</strong></span> <span class='ocrx_word' id='word_1_230' title='bbox 1199 1831 1352 1876; x_wconf 80' lang='lat' dir='ltr'><strong>crebro,</strong></span> <span class='ocrx_word' id='word_1_231' title='bbox 1393 1838 1430 1866; x_wconf 91' lang='lat' dir='ltr'><strong>et</strong></span> <span class='ocrx_word' id='word_1_232' title='bbox 1469 1831 1500 1866; x_wconf 90' lang='lat' dir='ltr'><strong>si</strong></span> 
     </span>
     <span class='ocr_line' id='line_1_32' title="bbox 188 1886 1500 1934; baseline 0.002 -12"><span class='ocrx_word' id='word_1_233' title='bbox 188 1887 349 1934; x_wconf 90' lang='lat' dir='ltr'><strong>quando</strong></span> <span class='ocrx_word' id='word_1_234' title='bbox 373 1886 551 1934; x_wconf 84' lang='lat' dir='ltr'><strong>percussi</strong></span> <span class='ocrx_word' id='word_1_235' title='bbox 574 1899 710 1923; x_wconf 84' lang='lat' dir='ltr'><strong>sumus</strong></span> <span class='ocrx_word' id='word_1_236' title='bbox 734 1887 774 1923; x_wconf 89' lang='lat' dir='ltr'><strong>in</strong></span> <span class='ocrx_word' id='word_1_237' title='bbox 798 1887 959 1923; x_wconf 88' lang='lat' dir='ltr'><strong>maxilla</strong></span> <span class='ocrx_word' id='word_1_238' title='bbox 982 1887 1156 1934; x_wconf 83' lang='lat' dir='ltr'><strong>sinistra,</strong></span> <span class='ocrx_word' id='word_1_239' title='bbox 1188 1896 1328 1924; x_wconf 84' lang='lat' dir='ltr'><strong>contra</strong></span> <span class='ocrx_word' id='word_1_240' title='bbox 1351 1887 1500 1924; x_wconf 89' lang='lat' dir='ltr'><strong>Christi</strong></span> 
     </span>
     <span class='ocr_line' id='line_1_33' title="bbox 187 1944 1500 1994; baseline 0.002 -14"><span class='ocrx_word' id='word_1_241' title='bbox 187 1944 413 1980; x_wconf 86' lang='lat' dir='ltr'><strong>doctrinam</strong></span> <span class='ocrx_word' id='word_1_242' title='bbox 461 1944 662 1981; x_wconf 87' lang='lat' dir='ltr'><strong>maxillam</strong></span> <span class='ocrx_word' id='word_1_243' title='bbox 712 1946 891 1981; x_wconf 87' lang='lat' dir='ltr'><strong>dextram</strong></span> <span class='ocrx_word' id='word_1_244' title='bbox 936 1945 1178 1992; x_wconf 81' lang='lat' dir='ltr'><strong>offerrimus,</strong></span> <span class='ocrx_word' id='word_1_245' title='bbox 1231 1945 1325 1994; x_wconf 87' lang='lat' dir='ltr'><strong>quia</strong></span> <span class='ocrx_word' id='word_1_246' title='bbox 1369 1946 1500 1994; x_wconf 89' lang='lat' dir='ltr'><strong>parvi-</strong></span> 
     </span>
     <span class='ocr_line' id='line_1_34' title="bbox 132 2002 1500 2053; baseline 0.001 -14"><span class='ocrx_word' id='word_1_247' title='bbox 132 2007 172 2039; x_wconf 73' lang='lat'><strong>30</strong></span> <span class='ocrx_word' id='word_1_248' title='bbox 188 2002 400 2050; x_wconf 91' lang='lat' dir='ltr'><strong>pendimus</strong></span> <span class='ocrx_word' id='word_1_249' title='bbox 433 2004 537 2038; x_wconf 91' lang='lat' dir='ltr'><strong>bona</strong></span> <span class='ocrx_word' id='word_1_250' title='bbox 565 2002 698 2039; x_wconf 90' lang='lat' dir='ltr'><strong>anime</strong></span> <span class='ocrx_word' id='word_1_251' title='bbox 721 2003 886 2051; x_wconf 85' lang='lat' dir='ltr'><strong>pociora</strong></span> <span class='ocrx_word' id='word_1_252' title='bbox 919 2012 956 2040; x_wconf 90' lang='lat' dir='ltr'><strong>et</strong></span> <span class='ocrx_word' id='word_1_253' title='bbox 987 2004 1075 2051; x_wconf 90' lang='lat' dir='ltr'><strong>plus</strong></span> <span class='ocrx_word' id='word_1_254' title='bbox 1109 2003 1311 2051; x_wconf 80' lang='lat' dir='ltr'><strong>diligimus</strong></span> <span class='ocrx_word' id='word_1_255' title='bbox 1344 2013 1500 2053; x_wconf 88' lang='lat' dir='ltr'><strong>tempo-</strong></span> 
     </span>
     <span class='ocr_line' id='line_1_35' title="bbox 188 2059 1499 2099; baseline 0.002 -4"><span class='ocrx_word' id='word_1_256' title='bbox 188 2059 288 2096; x_wconf 90' lang='lat' dir='ltr'><strong>ralia</strong></span> <span class='ocrx_word' id='word_1_257' title='bbox 320 2060 450 2096; x_wconf 91' lang='lat' dir='ltr'><strong>minus</strong></span> <span class='ocrx_word' id='word_1_258' title='bbox 484 2061 602 2097; x_wconf 90' lang='lat' dir='ltr'><strong>bona.</strong></span> <span class='ocrx_word' id='word_1_259' title='bbox 644 2061 901 2097; x_wconf 88' lang='lat' dir='ltr'><strong>Contrarium</strong></span> <span class='ocrx_word' id='word_1_260' title='bbox 937 2070 1070 2098; x_wconf 89' lang='lat' dir='ltr'><strong>autem</strong></span> <span class='ocrx_word' id='word_1_261' title='bbox 1103 2062 1283 2098; x_wconf 88' lang='lat' dir='ltr'><strong>fecerunt</strong></span> <span class='ocrx_word' id='word_1_262' title='bbox 1317 2062 1499 2099; x_wconf 88' lang='lat' dir='ltr'><strong>Christus</strong></span> 
     </span>
     <span class='ocr_line' id='line_1_36' title="bbox 188 2119 1499 2168; baseline 0.002 -14"><span class='ocrx_word' id='word_1_263' title='bbox 188 2126 224 2154; x_wconf 86' lang='lat' dir='ltr'><strong>et</strong></span> <span class='ocrx_word' id='word_1_264' title='bbox 257 2130 350 2154; x_wconf 90' lang='lat' dir='ltr'><strong>suus</strong></span> <span class='ocrx_word' id='word_1_265' title='bbox 384 2119 606 2166; x_wconf 81' lang='lat' dir='ltr'><strong>apostolus.</strong></span> <span class='ocrx_word' id='word_1_266' title='bbox 641 2121 742 2155; x_wconf 91' lang='lat' dir='ltr'><strong>Nam</strong></span> <span class='ocrx_word' id='word_1_267' title='bbox 778 2120 940 2167; x_wconf 86' lang='lat' dir='ltr'><strong>quando</strong></span> <span class='ocrx_word' id='word_1_268' title='bbox 966 2119 1148 2156; x_wconf 89' lang='lat' dir='ltr'><strong>Christus</strong></span> <span class='ocrx_word' id='word_1_269' title='bbox 1181 2132 1394 2168; x_wconf 86' lang='lat' dir='ltr'><strong>percussus</strong></span> <span class='ocrx_word' id='word_1_270' title='bbox 1426 2120 1499 2156; x_wconf 90' lang='lat' dir='ltr'><strong>fuit</strong></span> 
     </span>
     <span class='ocr_line' id='line_1_37' title="bbox 185 2174 1498 2226; baseline 0.002 -14"><span class='ocrx_word' id='word_1_271' title='bbox 185 2174 273 2213; x_wconf 85' lang='lat' dir='ltr'><strong>Joh.</strong></span> <span class='ocrx_word' id='word_1_272' title='bbox 307 2177 438 2222; x_wconf 84' lang='lat' dir='ltr'><strong>XVIII,</strong></span> <span class='ocrx_word' id='word_1_273' title='bbox 475 2177 523 2212; x_wconf 86' lang='lat'><strong>23</strong></span> <span class='ocrx_word' id='word_1_274' title='bbox 560 2189 581 2212; x_wconf 92' lang='lat' dir='ltr'><strong>a</strong></span> <span class='ocrx_word' id='word_1_275' title='bbox 616 2176 799 2213; x_wconf 87' lang='lat' dir='ltr'><strong>ministro</strong></span> <span class='ocrx_word' id='word_1_276' title='bbox 826 2177 1029 2225; x_wconf 84' lang='lat' dir='ltr'><strong>pontificis</strong></span> <span class='ocrx_word' id='word_1_277' title='bbox 1063 2179 1184 2214; x_wconf 89' lang='lat' dir='ltr'><strong>dante</strong></span> <span class='ocrx_word' id='word_1_278' title='bbox 1218 2177 1292 2214; x_wconf 86' lang='lat' dir='ltr'><strong>sibi</strong></span> <span class='ocrx_word' id='word_1_279' title='bbox 1326 2179 1498 2226; x_wconf 79' lang='lat' dir='ltr'><strong>alapam,</strong></span> 
     </span>
     <span class='ocr_line' id='line_1_38' title="bbox 186 2233 1500 2284; baseline 0.002 -15"><span class='ocrx_word' id='word_1_280' title='bbox 186 2246 268 2270; x_wconf 92' lang='lat' dir='ltr'><strong>non</strong></span> <span class='ocrx_word' id='word_1_281' title='bbox 301 2234 445 2270; x_wconf 89' lang='lat' dir='ltr'><strong>obtulit</strong></span> <span class='ocrx_word' id='word_1_282' title='bbox 470 2233 672 2270; x_wconf 89' lang='lat' dir='ltr'><strong>maxillam</strong></span> <span class='ocrx_word' id='word_1_283' title='bbox 696 2234 898 2272; x_wconf 87' lang='lat' dir='ltr'><strong>sinistram</strong></span> <span class='ocrx_word' id='word_1_284' title='bbox 933 2237 983 2272; x_wconf 89' lang='lat' dir='ltr'><strong>ad</strong></span> <span class='ocrx_word' id='word_1_285' title='bbox 1015 2235 1173 2272; x_wconf 89' lang='lat' dir='ltr'><strong>literam</strong></span> <span class='ocrx_word' id='word_1_286' title='bbox 1199 2237 1267 2272; x_wconf 89' lang='lat' dir='ltr'><strong>sed</strong></span> <span class='ocrx_word' id='word_1_287' title='bbox 1292 2245 1500 2284; x_wconf 89' lang='lat' dir='ltr'><strong>contemp-</strong></span> 
     </span>
     <span class='ocr_line' id='line_1_39' title="bbox 131 2293 1499 2342; baseline 0.002 -15"><span class='ocrx_word' id='word_1_288' title='bbox 131 2295 170 2327; x_wconf 75' lang='lat'><strong>35</strong></span> <span class='ocrx_word' id='word_1_289' title='bbox 187 2293 320 2328; x_wconf 89' lang='lat' dir='ltr'><strong>nendo</strong></span> <span class='ocrx_word' id='word_1_290' title='bbox 348 2293 520 2328; x_wconf 86' lang='lat' dir='ltr'><strong>honores</strong></span> <span class='ocrx_word' id='word_1_291' title='bbox 557 2294 781 2329; x_wconf 88' lang='lat' dir='ltr'><strong>mundanos</strong></span> <span class='ocrx_word' id='word_1_292' title='bbox 807 2306 852 2330; x_wconf 93' lang='lat' dir='ltr'><strong>ac</strong></span> <span class='ocrx_word' id='word_1_293' title='bbox 875 2293 1209 2342; x_wconf 84' lang='lat' dir='ltr'><strong>tranquillitatem</strong></span> <span class='ocrx_word' id='word_1_294' title='bbox 1236 2294 1295 2330; x_wconf 91' lang='lat' dir='ltr'><strong>sui</strong></span> <span class='ocrx_word' id='word_1_295' title='bbox 1319 2295 1499 2342; x_wconf 91' lang='lat' dir='ltr'><strong>corporis</strong></span> 
     </span>
     <span class='ocr_line' id='line_1_40' title="bbox 188 2348 1499 2399; baseline 0.003 -15"><span class='ocrx_word' id='word_1_296' title='bbox 188 2348 283 2385; x_wconf 88' lang='lat' dir='ltr'><strong>dixit</strong></span> <span class='ocrx_word' id='word_1_297' title='bbox 315 2349 372 2385; x_wconf 90' lang='lat' dir='ltr'><strong>illi</strong></span> <span class='ocrx_word' id='word_1_298' title='bbox 407 2349 589 2386; x_wconf 90' lang='lat' dir='ltr'><strong>ministro</strong></span> <span class='ocrx_word' id='word_1_299' title='bbox 624 2359 660 2387; x_wconf 90' lang='lat' dir='ltr'><strong>et</strong></span> <span class='ocrx_word' id='word_1_300' title='bbox 692 2352 842 2399; x_wconf 92' lang='lat' dir='ltr'><strong>populo</strong></span> <span class='ocrx_word' id='word_1_301' title='bbox 874 2352 1082 2388; x_wconf 90' lang='lat' dir='ltr'><strong>veritatem</strong></span> <span class='ocrx_word' id='word_1_302' title='bbox 1117 2361 1155 2388; x_wconf 87' lang='lat' dir='ltr'><strong>et</strong></span> <span class='ocrx_word' id='word_1_303' title='bbox 1187 2352 1242 2388; x_wconf 86' lang='lat' dir='ltr'><strong>sic</strong></span> <span class='ocrx_word' id='word_1_304' title='bbox 1276 2352 1432 2389; x_wconf 89' lang='lat' dir='ltr'><strong>mistice</strong></span> <span class='ocrx_word' id='word_1_305' title='bbox 1465 2353 1499 2388; x_wconf 92' lang='lat' dir='ltr'><strong>ei</strong></span> 
     </span>
     <span class='ocr_line' id='line_1_41' title="bbox 188 2406 1499 2458; baseline 0.003 -16"><span class='ocrx_word' id='word_1_306' title='bbox 188 2406 389 2444; x_wconf 88' lang='lat' dir='ltr'><strong>maxillam</strong></span> <span class='ocrx_word' id='word_1_307' title='bbox 414 2408 534 2444; x_wconf 88' lang='lat' dir='ltr'><strong>aliam</strong></span> <span class='ocrx_word' id='word_1_308' title='bbox 558 2409 814 2456; x_wconf 84' lang='lat' dir='ltr'><strong>presentavit.</strong></span> <span class='ocrx_word' id='word_1_309' title='bbox 850 2410 901 2456; x_wconf 84' lang='lat' dir='ltr'><strong>Si,</strong></span> <span class='ocrx_word' id='word_1_310' title='bbox 932 2409 1076 2458; x_wconf 85' lang='lat' dir='ltr'><strong>inquit,</strong></span> <span class='ocrx_word' id='word_1_311' title='bbox 1101 2410 1201 2446; x_wconf 79' lang='lat' dir='ltr'><strong>male</strong></span> <span class='ocrx_word' id='word_1_312' title='bbox 1224 2411 1373 2447; x_wconf 78' lang='lat' dir='ltr'><strong>locutus</strong></span> <span class='ocrx_word' id='word_1_313' title='bbox 1401 2423 1499 2458; x_wconf 83' lang='lat' dir='ltr'><strong>sum,</strong></span> 
     </span>
     <span class='ocr_line' id='line_1_42' title="bbox 187 2465 1501 2518; baseline 0.004 -18"><span class='ocrx_word' id='word_1_314' title='bbox 187 2465 443 2501; x_wconf 79' lang='lat' dir='ltr'><strong>testimonium</strong></span> <span class='ocrx_word' id='word_1_315' title='bbox 478 2467 641 2515; x_wconf 82' lang='lat' dir='ltr'><strong>perhibe</strong></span> <span class='ocrx_word' id='word_1_316' title='bbox 681 2468 727 2503; x_wconf 81' lang='lat' dir='ltr'>de</span> <span class='ocrx_word' id='word_1_317' title='bbox 766 2468 882 2513; x_wconf 79' lang='lat' dir='ltr'><strong>malo,</strong></span> <span class='ocrx_word' id='word_1_318' title='bbox 927 2468 961 2504; x_wconf 82' lang='lat' dir='ltr'><strong>si</strong></span> <span class='ocrx_word' id='word_1_319' title='bbox 997 2475 1123 2504; x_wconf 81' lang='lat' dir='ltr'><strong>autem</strong></span> <span class='ocrx_word' id='word_1_320' title='bbox 1164 2469 1267 2515; x_wconf 80' lang='lat' dir='ltr'><strong>bene,</strong></span> <span class='ocrx_word' id='word_1_321' title='bbox 1314 2469 1405 2518; x_wconf 80' lang='lat' dir='ltr'><strong>quid</strong></span> <span class='ocrx_word' id='word_1_322' title='bbox 1442 2482 1501 2505; x_wconf 84' lang='lat' dir='ltr'><strong>me</strong></span> 
     </span>
     <span class='ocr_line' id='line_1_43' title="bbox 187 2523 1499 2573; baseline 0.003 -15"><span class='ocrx_word' id='word_1_323' title='bbox 187 2523 321 2559; x_wconf 78' lang='lat' dir='ltr'><strong>cedis?</strong></span> <span class='ocrx_word' id='word_1_324' title='bbox 368 2525 441 2560; x_wconf 87' lang='lat' dir='ltr'><strong>Per</strong></span> <span class='ocrx_word' id='word_1_325' title='bbox 480 2525 556 2560; x_wconf 91' lang='lat' dir='ltr'><strong>hoc</strong></span> <span class='ocrx_word' id='word_1_326' title='bbox 598 2533 731 2561; x_wconf 87' lang='lat' dir='ltr'><strong>autern</strong></span> <span class='ocrx_word' id='word_1_327' title='bbox 773 2527 880 2573; x_wconf 88' lang='lat' dir='ltr'><strong>quod</strong></span> <span class='ocrx_word' id='word_1_328' title='bbox 930 2525 1112 2562; x_wconf 88' lang='lat' dir='ltr'><strong>Christus</strong></span> <span class='ocrx_word' id='word_1_329' title='bbox 1152 2526 1216 2562; x_wconf 90' lang='lat' dir='ltr'><strong>hic</strong></span> <span class='ocrx_word' id='word_1_330' title='bbox 1254 2539 1337 2563; x_wconf 91' lang='lat' dir='ltr'><strong>non</strong></span> <span class='ocrx_word' id='word_1_331' title='bbox 1373 2527 1499 2564; x_wconf 86' lang='lat' dir='ltr'><strong>tacuit</strong></span> 
     </span>
    </p>
   </div>
   <div class='ocr_carea' id='block_1_7' title="bbox 186 2692 1500 2788">
    <p class='ocr_par' dir='ltr' id='par_1_8' title="bbox 186 2692 1500 2788">
     <span class='ocr_line' id='line_1_44' title="bbox 257 2692 1499 2731; baseline 0.004 -13"><span class='ocrx_word' id='word_1_332' title='bbox 257 2699 298 2731; x_wconf 52' lang='lat'><strong>14.</strong></span> <span class='ocrx_word' id='word_1_333' title='bbox 337 2692 380 2730; x_wconf 73' lang='lat' dir='ltr'><strong>A:</strong></span> <span class='ocrx_word' id='word_1_334' title='bbox 412 2695 514 2731; x_wconf 63' lang='lat' dir='ltr'><strong>nutem</strong></span> <span class='ocrx_word' id='word_1_335' title='bbox 547 2693 640 2720; x_wconf 86' lang='lat' dir='ltr'><strong>deest.</strong></span> <span class='ocrx_word' id='word_1_336' title='bbox 779 2694 819 2721; x_wconf 80' lang='lat'><strong>16.</strong></span> <span class='ocrx_word' id='word_1_337' title='bbox 852 2695 896 2721; x_wconf 91' lang='lat' dir='ltr'><strong>A:</strong></span> <span class='ocrx_word' id='word_1_338' title='bbox 923 2695 1003 2721; x_wconf 79' lang='lat' dir='ltr'><strong>hona</strong></span> <span class='ocrx_word' id='word_1_339' title='bbox 1041 2695 1222 2730; x_wconf 77' lang='lat' dir='ltr'><strong>spiritualia</strong></span> <span class='ocrx_word' id='word_1_340' title='bbox 1249 2703 1306 2728; x_wconf 81' lang='lat' dir='ltr'><strong>ac‚·</strong></span> <span class='ocrx_word' id='word_1_341' title='bbox 1343 2696 1380 2723; x_wconf 81' lang='lat' dir='ltr'><strong>B:</strong></span> <span class='ocrx_word' id='word_1_342' title='bbox 1407 2697 1499 2731; x_wconf 74' lang='lat' dir='ltr'><strong>spiri-</strong></span> 
     </span>
     <span class='ocr_line' id='line_1_45' title="bbox 186 2726 1500 2788; baseline 0.004 -36"><span class='ocrx_word' id='word_1_343' title='bbox 186 2726 442 2788; x_wconf 47' lang='lat' dir='ltr'><strong>{palczgllegcgpmn</strong></span> <span class='ocrx_word' id='word_1_344' title='bbox 550 2735 594 2762; x_wconf 84' lang='lat'><strong>22,</strong></span> <span class='ocrx_word' id='word_1_345' title='bbox 615 2726 658 2755; x_wconf 82' lang='lat'><strong>23.</strong></span> <span class='ocrx_word' id='word_1_346' title='bbox 678 2729 722 2755; x_wconf 89' lang='lat' dir='ltr'><strong>A:</strong></span> <span class='ocrx_word' id='word_1_347' title='bbox 756 2731 790 2756; x_wconf 84' lang='lat' dir='ltr'><strong>ut</strong></span> <span class='ocrx_word' id='word_1_348' title='bbox 808 2730 837 2755; x_wconf 79' lang='lat' dir='ltr'><strong>in</strong></span> <span class='ocrx_word' id='word_1_349' title='bbox 858 2729 924 2756; x_wconf 68' lang='lat' dir='ltr'><strong>isla.</strong></span> <span class='ocrx_word' id='word_1_350' title='bbox 1033 2737 1077 2764; x_wconf 83' lang='lat'><strong>27,</strong></span> <span class='ocrx_word' id='word_1_351' title='bbox 1099 2729 1142 2757; x_wconf 69' lang='lat'><strong>28.</strong></span> <span class='ocrx_word' id='word_1_352' title='bbox 1169 2731 1214 2757; x_wconf 90' lang='lat' dir='ltr'><strong>A:</strong></span> <span class='ocrx_word' id='word_1_353' title='bbox 1245 2733 1275 2757; x_wconf 83' lang='lat' dir='ltr'><strong>et</strong></span> <span class='ocrx_word' id='word_1_354' title='bbox 1291 2731 1336 2758; x_wconf 71' lang='lat' dir='ltr'><strong>sic</strong></span> <span class='ocrx_word' id='word_1_355' title='bbox 1355 2731 1500 2766; x_wconf 68' lang='lat' dir='ltr'><strong>qnando,-</strong></span> 
     </span>
    </p>
   </div>
   <div class='ocr_carea' id='block_1_8' title="bbox 257 2832 840 2874">
    <p class='ocr_par' dir='ltr' id='par_1_9' title="bbox 257 2832 840 2874">
     <span class='ocr_line' id='line_1_46' title="bbox 257 2832 840 2874; baseline 0.007 -12"><span class='ocrx_word' id='word_1_356' title='bbox 257 2840 287 2862; x_wconf 88' lang='lat'><strong>2.</strong></span> <span class='ocrx_word' id='word_1_357' title='bbox 313 2832 390 2863; x_wconf 86' lang='lat' dir='ltr'><strong>Joh.</strong></span> <span class='ocrx_word' id='word_1_358' title='bbox 418 2833 535 2873; x_wconf 83' lang='lat' dir='ltr'><strong>XVIII,</strong></span> <span class='ocrx_word' id='word_1_359' title='bbox 566 2835 617 2867; x_wconf 82' lang='lat'><strong>23.</strong></span> <span class='ocrx_word' id='word_1_360' title='bbox 717 2836 769 2874; x_wconf 68' lang='lat'><strong>37.</strong></span> <span class='ocrx_word' id='word_1_361' title='bbox 797 2835 840 2866; x_wconf 81' lang='lat' dir='ltr'><strong>ib.</strong></span> 
     </span>
    </p>
   </div>
   <div class='ocr_carea' id='block_1_9' title="bbox 1461 775 1782 818">
    <p class='ocr_par' dir='ltr' id='par_1_10' title="bbox 1461 775 1782 818">
     <span class='ocr_line' id='line_1_47' title="bbox 1461 775 1782 818; baseline 0.003 -18"><span class='ocrx_word' id='word_1_362' title='bbox 1461 784 1501 818; x_wconf 55' lang='lat' dir='ltr'><strong>d,</strong></span> <span class='ocrx_word' id='word_1_363' title='bbox 1535 775 1638 801; x_wconf 81' lang='lat' dir='ltr'><strong>rather</strong></span> <span class='ocrx_word' id='word_1_364' title='bbox 1659 775 1731 801; x_wconf 83' lang='lat' dir='ltr'><strong>than</strong></span> <span class='ocrx_word' id='word_1_365' title='bbox 1752 779 1782 801; x_wconf 90' lang='lat' dir='ltr'><strong>to</strong></span> 
     </span>
    </p>
   </div>
   <div class='ocr_carea' id='block_1_10' title="bbox 1583 809 1734 844">
    <p class='ocr_par' dir='ltr' id='par_1_11' title="bbox 1583 809 1734 844">
     <span class='ocr_line' id='line_1_48' title="bbox 1583 809 1734 844; baseline 0.007 -9"><span class='ocrx_word' id='word_1_366' title='bbox 1583 809 1734 844; x_wconf 79' lang='lat' dir='ltr'><strong>spiritual.</strong></span> 
     </span>
    </p>
   </div>
  </div>
 </body>
</html>
