2062 3327
211 262 262 294 40
921 254 1039 285 opus
1064 253 1401 285 EVANGELICUM
1608 241 1713 297 [CAP.
1735 251 1815 279 xm.

500 371 557 399 est
597 361 703 398 Petri
742 361 926 406 vicarius,
967 360 1057 396 ideo
1096 368 1255 408 oportet
1294 361 1456 397 credere
1495 361 1604 409 quod
1641 361 1689 396 de
1727 360 1815 409 ipso

498 419 725 457 verificetur
748 420 820 455 hec
844 419 954 455 fides.
984 418 1181 455 Admittat
1204 431 1297 466 ergo
1316 418 1442 454 fidelis
1462 419 1538 455 hoc
1563 427 1815 467 assumptum

500 477 773 525 evangelicum
808 486 845 514 et
879 485 1083 525 supponat
1115 475 1343 513 adversario
1386 485 1637 525 assumptum
1677 489 1817 514 secun-

501 537 611 582 dum,
655 535 747 572 licet
792 536 839 572 de
882 535 970 583 ipso
1015 534 1065 570 sit
1108 534 1269 571 evidens
1307 534 1438 582 ipsum
1477 547 1559 571 non
1593 547 1676 571 esse
1709 535 1816 571 Petri

210 601 276 627 Tne
295 600 419 638 pope-is
435 604 487 627 not
500 593 712 640 vicarium,
747 606 836 630 cum
883 595 1022 629 Petrus
1054 605 1135 629 non
1168 605 1287 630 ausus
1320 592 1439 629 fuerit
1471 593 1573 629 hanc
1606 597 1848 642 presump-5

239 635 342 662 Peters
363 643 456 662 v1car.
501 652 658 689 cionem
706 652 987 699 blasphemam
1033 659 1070 687 et
1113 650 1373 687 temerariam
1418 659 1645 699 acceptare,
1689 651 1816 687 immo

500 709 709 759 supposito
744 710 852 758 quod
887 711 1027 746 Petrus
1058 709 1120 746 vel
1152 709 1316 757 angelus
1340 709 1388 745 de
1411 709 1496 745 celo
1520 709 1818 758 attemptaverit

500 768 556 805 sic
594 768 750 804 solvere
793 767 855 804 vel
898 766 1034 815 ligare,
1081 779 1164 804 non
1196 775 1330 816 potest
1373 766 1430 803 sic
1474 767 1619 813 facere,
1658 767 1736 803 nisi
1769 769 1816 804 de

500 834 651 875 quanto
697 825 980 862 consonaverit
1024 825 1147 874 capiti
1206 824 1373 862 ecclesie
1417 824 1722 873 triumphantis.
1768 827 1817 862 Et

499 884 602 921 sicut
651 883 728 920 ista
777 883 1049 920 consonancia
1094 892 1153 920 est
1195 882 1400 931 incognita
1444 882 1614 930 illusori,
1659 883 1715 920 sic
1759 892 1874 920 eStIO

499 941 705 979 inevidens
739 941 847 979 fideli
892 942 1043 990 populo
1088 941 1187 978 illud
1232 940 1523 978 commercium
1568 940 1816 978 diabolicum

501 999 775 1048 cognoscenti.

1000 1135 1141 1177 CAP.
1174 1136 1311 1177 XIII.

210 1259 484 1287 Fifthbeatitude:
560 1255 774 1292 Beatitudo
819 1255 958 1304 quinta
1003 1255 1045 1291 in
1090 1256 1174 1303 lege
1219 1254 1383 1292 Domini
1433 1255 1616 1304 sequitur
1660 1255 1699 1291 in
1743 1256 1816 1292 hec

217 1295 481 1357 Blesrggcriciaffiel'the
501 1315 639 1351 verba:
684 1314 798 1350 Beati
836 1314 1123 1361 misericordes,
1167 1314 1344 1363 quoniam
1384 1314 1459 1363 ipsi
1506 1314 1872 1350 misericordiam&

501 1379 791 1421 consequentur.
826 1373 956 1420 Super
983 1385 1063 1420 quo
1088 1371 1352 1420 Augustinus:
1394 1372 1543 1408 Talium
1577 1372 1818 1408 miserebitur

501 1430 713 1475 Dominus;
755 1430 886 1467 beatos
923 1442 1009 1466 esse
1042 1430 1133 1466 dicit
1165 1430 1230 1479 qui
1264 1429 1490 1466 subveniunt
1529 1430 1692 1477 miseris,
1731 1430 1818 1479 quia

502 1489 555 1525 eis
588 1489 639 1524 ita
672 1489 911 1538 rependitur,
945 1495 984 1524 ut
1018 1489 1064 1524 de
1097 1488 1251 1525 miseria
1285 1488 1509 1524 liberentur.

222 1550 267 1588 AS
288 1558 303 1576 a
324 1558 393 1577 man
416 1551 471 1577 has
561 1548 616 1582 Ex
638 1546 724 1583 istis
746 1545 877 1583 verbis
900 1546 1113 1594 Augustini
1137 1559 1227 1583 cum
1252 1545 1435 1582 doctrina
1457 1545 1635 1582 veritatis
1659 1545 1817 1583 elicitur

212 1584 613 1653 11¹{Vssg⁷sfflas1-¹ffj²i2¹<'1‚qtiod
653 1604 946 1653 qualiscunque
991 1603 1055 1641 hic
1101 1604 1242 1641 vixerit
1281 1612 1317 1640 et
1363 1603 1509 1640 finierit
1552 1604 1642 1640 talis
1682 1603 1755 1641 erit
1794 1617 1874 1641 azo

504 1662 681 1699 Domino
725 1671 816 1711 post
860 1662 966 1699 diem
1012 1661 1149 1699 iudicii
1204 1670 1501 1712 augmentatus,
1552 1670 1594 1698 ut
1645 1661 1676 1698 si
1728 1662 1816 1711 quis

504 1729 761 1757 conversatus
794 1720 912 1757 fuerit
933 1720 990 1757 sic
1013 1720 1128 1766 iuste,
1153 1719 1469 1756 misericorditer
1492 1728 1560 1756 aut
1586 1719 1663 1768 pie,
1697 1720 1816 1757 istam

502 1778 783 1827 triplicitatem
825 1778 987 1815 habebit
1025 1778 1066 1815 in
1105 1778 1354 1815 beatitudine
1393 1778 1658 1823 maioratam;
1705 1786 1742 1815 et
1786 1778 1817 1815 si

502 1836 558 1873 sic
590 1836 730 1873 vixerit
762 1836 921 1883 iniuste,
962 1836 1339 1873 immisericorditer
1361 1845 1397 1873 et
1420 1836 1556 1884 impie,
1591 1835 1724 1873 taliter
1757 1849 1818 1873 ex-

502 1894 717 1931 cellencius
750 1894 790 1931 in
822 1894 985 1931 tartaris
1009 1895 1210 1943 pacietur3
1245 1894 1413 1943 quilibet
1446 1894 1551 1931 enim
1576 1895 1818 1943 dampnatus
1835 1898 1874 1930 25

502 1952 665 1989 cuilibet
703 1952 798 1990 facit
837 1952 1081 1989 iniusticiam
1123 1953 1316 1990 maiorem
1358 1965 1479 2002 quam
1525 1961 1583 1989 est
1628 1952 1818 2001 possibile

500 2011 695 2048 viatorem
736 2011 883 2048 inferre
921 2011 1109 2048 iniuriam
1151 2010 1265 2048 fratri
1306 2023 1391 2047 suo.
1446 2012 1494 2047 Et
1532 2019 1729 2059 quantum
1768 2012 1819 2047 ad

501 2068 883 2106 immisericordiam
907 2077 944 2105 et
967 2069 1233 2117 impietatem,
1251 2078 1389 2105 notum
1408 2078 1466 2105 est
1482 2071 1591 2118 quod
1610 2069 1818 2117 dampnati

502 2127 724 2175 precellunt
758 2127 961 2175 quoslibet
990 2127 1177 2164 viatores.
1231 2127 1424 2173 Quamvis
1457 2126 1564 2163 enim
1598 2129 1705 2163 Deus
1736 2140 1818 2164 non

501 2193 652 2233 peccet,
687 2194 823 2222 tamen
858 2186 963 2222 mala
986 2198 1064 2233 que
1086 2194 1230 2222 sonant
1263 2185 1304 2221 in
1326 2198 1473 2233 penam
1507 2186 1690 2233 adauget,
1725 2184 1818 2234 quia
1834 2188 1876 2220 30

502 2244 573 2279 hec
606 2252 723 2280 sonat
756 2245 806 2279 ad
830 2243 901 2280 Dei
926 2243 1140 2290 iusticiam,
1176 2243 1248 2280 Dei
1273 2243 1595 2280 misericordiam
1620 2256 1665 2280 ae
1690 2243 1816 2280 eciam

501 2301 707 2349 pietatem.

560 2359 832 2396 Crisostomus
856 2368 990 2396 autem
1015 2372 1134 2408 super
1157 2359 1232 2396 isto
1266 2368 1374 2396 textu
1408 2359 1464 2396 sic
1497 2360 1695 2408 loquitur:
1731 2361 1817 2396 Non

501 2425 649 2453 tantum
695 2418 760 2453 ille
803 2418 1026 2454 misericors
1066 2425 1121 2454 est
1158 2418 1223 2466 qui
1259 2418 1466 2455 miseretur
1504 2426 1569 2454 aut
1604 2431 1817 2468 pauperem

571 2606 599 2631 4.
621 2599 665 2625 A:
686 2599 724 2625 de
735 2597 830 2634 facta
849 2599 889 2626 sit
909 2599 1040 2626 evidens.
1184 2598 1208 2626 5.
1229 2599 1257 2626 A
1270 2609 1274 2626 :
1287 2598 1365 2635 suit.
1509 2607 1535 2633 7.
1557 2600 1600 2626 A:
1622 2601 1817 2634 attemptare.

504 2632 543 2659 16.
560 2632 625 2659 Ain
638 2641 732 2667 marg.
745 2643 749 2659 :
761 2634 970 2669 Aug-ustinus,·
983 2634 1063 2668 Aug.
1079 2634 1097 2660 1.
1112 2642 1137 2661 c.
1152 2644 1157 2660 ς
1176 2634 1270 2661 Beati
1288 2633 1512 2667 misericordes,
1528 2634 1672 2668 quoniam
1683 2634 1818 2669 ipsorum

501 2667 699 2694 miserebitur.
721 2668 837 2695 Beatos
858 2677 932 2695 esse.
950 2690 955 2695 .
972 2689 977 2694 .
996 2690 1000 2695 .
1075 2676 1116 2702 19.
1138 2670 1165 2696 A
1186 2669 1215 2696 in
1238 2677 1351 2703 marga
1372 2668 1540 2696 Jolzannes.
1614 2676 1658 2703 27.
1679 2668 1819 2705 offerre,-

503 2702 540 2728 13:
558 2701 673 2736 serre,·
700 2710 780 2729 corr.
814 2703 843 2730 in
871 2711 985 2742 marg:
1004 2702 1128 2739 facere.
1272 2702 1311 2731 33.
1340 2704 1367 2730 A
1394 2704 1423 2730 in
1453 2712 1565 2738 marga
1603 2703 1816 2731 Crisostomus.

503 2736 546 2771 33,
563 2737 608 2770 34.
624 2738 667 2764 A:
685 2745 744 2764 non
759 2741 882 2770 tamem,-
896 2738 1082 2765 Cnsostom.
1100 2738 1227 2765 rectius:
1243 2741 1298 2765 aut
1306 2739 1443 2773 pauperi
1453 2738 1637 2774 autpupillo
1651 2741 1705 2765 aut
1717 2738 1816 2765 vidue.

579 2833 628 2863 13.
655 2832 774 2863 Matth.
801 2834 841 2872 V,
869 2844 900 2875 7.
1049 2843 1097 2873 14.
1124 2835 1172 2864 St.
1199 2834 1383 2875 Augustini
1412 2834 1461 2864 De
1489 2844 1649 2864 sermone
1675 2834 1815 2864 Domini

505 2878 537 2907 in
565 2884 694 2917 monte,
721 2879 741 2909 l.
769 2889 796 2909 c.
825 2889 856 2920 p.
889 2878 961 2920 167.
1060 2881 1112 2912 33.
1141 2880 1208 2921 Op.
1236 2880 1332 2921 Imp„
1360 2880 1379 2911 l.
1408 2890 1434 2911 c.
1463 2890 1494 2920 p.
1522 2889 1600 2922 700.
