2062 3327
193 252 281 281 CAP.
301 243 386 297 vn]
695 255 834 286 PRIMA
862 255 987 287 PARS.
1741 249 1789 286 23

192 369 374 415 appetunt
396 370 431 398 et
453 363 621 413 diligunt
644 374 767 412 regna
790 369 1011 398 terrarum:
1033 362 1146 398 Beati
1165 370 1291 399 autem
1310 374 1506 412 pauperes

192 421 344 471 spiritu,
376 421 552 469 quoniam
585 420 756 469 ipsorum
789 427 844 456 est
875 433 1041 470 regnum
1074 420 1258 457 celorum.

251 481 358 515 Loco
404 486 538 515 autern
584 477 737 526 peccati
782 477 967 526 superbie
1011 477 1132 515 inseri
1171 487 1303 526 potest
1341 487 1507 527 quartus

193 535 396 574 abusionis
442 537 588 584 gradus
632 548 751 584 quern
794 536 1039 584 Augustinus
1077 536 1216 573 inserit
1253 536 1344 573 loco
1378 535 1504 573 dicto:
1556 546 1756 581 Augustine’s

160 595 176 627 5
199 596 384 641 Quartus,
418 594 561 644 inquit,
594 594 786 631 abusionis
807 595 962 644 gradus
984 602 1039 631 est
1065 595 1171 631 dives
1194 595 1276 632 sine
1301 595 1505 631 elemosina
1522 581 1795 643 f‘ssiffihmaaffiffixfiffioa

194 653 258 702 qui
305 653 501 703 superflua
553 652 861 689 conversacionis
916 665 984 689 sue
1042 665 1113 701 que
1166 653 1414 689 custodienda
1469 653 1504 688 in
1544 651 1694 713 doesaffss}
1712 650 1778 685 give

189 718 389 761 posterum
436 711 609 747 recondit
646 710 905 761 indigentibus
948 718 983 747 et
1020 711 1137 747 nichil
1173 711 1396 747 habentibus
1434 723 1506 746 non
1699 706 1704 711 ’

195 769 409 805 distribuit:
448 781 524 818 per
568 769 669 817 quod
705 769 888 819 efficitur,
931 776 971 804 ut
1009 769 1098 805 dum
1138 769 1173 805 in
1216 776 1324 805 terra
1363 769 1507 817 quesita

195 827 375 877 diligenti
415 839 509 862 cura
559 827 737 873 custodit,
788 827 935 863 celestis
984 827 1112 875 patrie
1159 839 1368 876 perennem
1428 827 1507 863 the-

142 897 354 922 tosaurum
401 885 563 920 amittat.
615 884 677 919 Ad
720 897 829 933 quem
881 884 1107 921 thesaurum
1159 885 1351 921 Dominus
1399 885 1509 921 Jesus

194 943 472 979 adolescentem
518 942 671 978 divitem
718 943 783 991 qui
818 942 927 978 illum
971 943 1018 979 de
1053 943 1302 992 perfeccione
1342 942 1508 979 interro-

193 1008 361 1052 gaverat
403 1001 453 1036 ita
500 1000 735 1049 respondens
776 1001 970 1036 invitavit:
1013 1000 1057 1036 Si
1093 1001 1149 1037 vis
1181 1001 1384 1050 perfectus
1416 1013 1508 1047 esse,

195 1060 293 1095 vade
353 1066 388 1095 et
445 1059 564 1094 vende
615 1058 740 1094 omnia
793 1070 862 1106 que
916 1059 1031 1095 habes
1083 1066 1117 1096 et
1169 1060 1217 1094 da
1271 1059 1509 1108 pauperibus

195 1125 230 1153 et
277 1117 363 1153 veni
403 1124 437 1152 et
478 1128 637 1165 sequere
678 1129 750 1163 me,
793 1124 828 1152 et
870 1117 1023 1153 habebis
1066 1117 1291 1153 thesaurum
1335 1117 1370 1152 in
1416 1117 1508 1153 celo.

144 1176 179 1208 15
201 1176 324 1225 Quem
357 1175 581 1211 thesaurum
615 1175 743 1210 nullus
776 1187 941 1223 unquam
979 1175 1172 1211 hominum
1215 1175 1356 1211 habere
1383 1182 1511 1224 potest

196 1233 269 1269 nisi
319 1233 383 1281 qui
426 1232 665 1281 pauperibus
713 1232 857 1268 solacia
914 1240 1068 1282 prestat
1118 1240 1184 1268 aut
1239 1245 1315 1281 per
1374 1240 1509 1269 semet-

196 1292 319 1341 ipsum
360 1303 514 1340 pauper
552 1297 618 1326 est.
672 1291 759 1326 Non
798 1303 895 1341 ergo
935 1291 1105 1327 dormiat
1143 1292 1179 1326 in
1212 1291 1405 1327 thesauris
1438 1291 1511 1326 tuis

197 1350 297 1398 quod
333 1360 546 1398 pauperem
591 1348 765 1384 dormire
806 1361 878 1384 non
919 1349 1019 1384 sinit.
1073 1349 1193 1385 Dives
1240 1361 1402 1397 namque
1444 1349 1514 1384 etsi

197 1407 317 1443 multa
355 1406 673 1457 congregaverit,
712 1406 770 1442 his
798 1406 893 1454 frui
933 1407 1038 1442 solus
1082 1419 1319 1455 nequaquam
1356 1407 1511 1455 poterit,

142 1479 183 1499 20
199 1465 285 1514 quia
338 1465 448 1501 unius
507 1464 671 1500 hominis
729 1471 869 1500 natura
926 1464 1057 1501 multis
1115 1466 1228 1501 rebus
1281 1465 1382 1501 vesci
1436 1476 1508 1500 non

200 1523 372 1572 requirit.
432 1520 536 1566 Quid
580 1535 678 1573 ergo
725 1522 884 1558 stulcius
930 1530 985 1559 est
1036 1535 1148 1571 quam
1184 1530 1352 1572 propter
1402 1523 1512 1558 unius

199 1581 362 1617 hominis
406 1581 545 1616 victum
594 1588 629 1616 et
674 1580 848 1616 vestitum
898 1587 1015 1616 totam
1068 1582 1184 1631 regni
1229 1581 1377 1617 celestis
1419 1593 1511 1630 per-

199 1640 357 1676 hennem
391 1638 660 1675 iocunditatem
692 1639 862 1687 perdere
894 1646 929 1674 et
961 1646 1112 1675 eternos
1144 1639 1292 1688 inferni
1319 1639 1514 1675 cruciatus

199 1698 340 1746 absque
381 1696 657 1733 consolacionis
705 1697 989 1745 prestolacione
1036 1697 1196 1734 subire?
1253 1697 1369 1747 Quod
1415 1709 1513 1748 ergo

144 1760 183 1792 25
199 1756 404 1804 aliquando
441 1767 516 1804 per
551 1755 811 1791 necessitatem
844 1755 1122 1791 admittendum
1171 1762 1238 1801 est,
1272 1768 1349 1804 pro
1382 1763 1512 1791 eterna

200 1813 514 1850 remuneracione
564 1820 698 1861 sponte
746 1813 1052 1849 distribuendum
1099 1821 1165 1850 est.
1225 1813 1362 1849 Omnia
1414 1814 1511 1850 enim

199 1884 269 1921 que
307 1872 486 1907 videntur
522 1871 753 1920 temporalia
790 1878 890 1918 sunt,
936 1883 1005 1920 que
1049 1878 1174 1907 autem
1221 1883 1294 1907 non
1335 1872 1515 1908 videntur

200 1937 330 1966 eterna
373 1936 471 1965 sunt.
524 1929 719 1979 Quamdiu
760 1941 921 1978 namque
958 1930 1193 1978 temporales
1234 1942 1380 1976 sumus,
1417 1937 1511 1965 tem-

195 1988 398 2037 poralibus
450 1987 679 2036 temporalia
734 1987 966 2032 deserviunt,
1021 1995 1055 2023 et
1107 2000 1192 2023 cum
1245 1988 1514 2024 transierimus

144 2052 186 2083 30
201 2045 342 2082 eternis
373 2052 504 2081 eterna
535 2045 678 2082 solacia
706 2046 998 2094 prestabuntur.
1044 2046 1196 2082 Idcirco
1229 2058 1301 2081 non
1336 2046 1515 2082 debemus

202 2105 367 2154 diligere
406 2116 448 2139 ea
489 2116 559 2152 que
598 2116 670 2140 non
717 2116 870 2152 semper
912 2104 1144 2150 habebimus,
1178 2104 1389 2153 presertim
1429 2117 1514 2140 cum

200 2169 399 2212 expertem
454 2162 620 2198 racionis
679 2161 834 2197 divitem
895 2161 1070 2198 thesauri
1123 2162 1188 2198 sui
1243 2169 1278 2198 et
1335 2162 1430 2212 agri
1480 2169 1514 2198 et

201 2221 326 2256 omnia
360 2232 430 2268 que
468 2221 579 2256 habet
620 2220 835 2264 ostendunt,
882 2220 947 2268 qui
979 2226 1057 2255 toto
1096 2221 1226 2256 cordis
1258 2220 1393 2255 intuitu
1425 2220 1515 2256 illas

202 2291 263 2315 res
309 2286 413 2313 amat
464 2290 533 2326 que
577 2290 768 2326 nunquam
819 2290 859 2314 se
904 2278 1082 2328 diligunt.
1139 2278 1183 2314 Si
1231 2278 1329 2314 enim
1373 2291 1514 2314 aurum

145 2340 184 2373 35
201 2344 236 2373 et
267 2343 474 2386 argentum
515 2343 550 2372 et
587 2347 710 2386 agros
749 2343 783 2371 et
823 2336 1044 2372 vestimenta
1085 2343 1120 2372 et
1157 2337 1259 2372 cibos
1290 2343 1326 2372 et
1358 2337 1513 2372 metalla

202 2402 236 2431 et
268 2395 380 2430 bruta
413 2393 595 2429 animalia
628 2394 710 2442 quis
743 2394 938 2441 dilexerit,
969 2394 1037 2430 hec
1069 2401 1104 2430 et
1136 2395 1261 2430 omnia
1295 2394 1413 2430 vicem
1446 2394 1518 2430 sibi

202 2452 347 2488 amoris
379 2451 591 2501 rependere
630 2464 703 2487 non
740 2464 854 2500 posse
885 2452 966 2501 ipsa
1001 2465 1133 2488 rerum
1167 2460 1306 2488 natura
1340 2453 1514 2488 ostendit.

210 2510 313 2554 Quid
344 2522 441 2560 ergo
474 2522 495 2545 a
519 2510 673 2545 racione
706 2510 860 2560 longius
899 2517 953 2546 est
992 2522 1103 2558 quam
1146 2511 1312 2562 diligere
1349 2511 1451 2559 quod
1482 2518 1517 2547 te

274 2678 299 2706 3.
321 2680 364 2707 A:
391 2679 470 2706 Loco
492 2683 594 2707 autem
611 2683 739 2715 peccato
765 2681 834 2707 loco
858 2683 961 2708 autem
978 2681 1107 2715 peccati.
1249 2681 1273 2709 5.
1300 2681 1328 2708 A
1349 2681 1379 2708 in
1401 2688 1516 2713 mar-gs

204 2721 244 2746 aa
263 2715 369 2754 abusio
392 2714 604 2755 Augustinus..
672 2716 712 2743 16.
734 2715 882 2750 August.:
904 2719 960 2742 aut
978 2716 1033 2751 qui
1045 2723 1106 2750 per
1124 2724 1164 2743 se.
1251 2716 1297 2743 26.
1320 2715 1436 2743 Codd.:
1460 2715 1522 2750 Qui

204 2750 373 2784 (quonlam)
396 2757 475 2776 enim
495 2758 553 2784 que
572 2750 723 2777 videntur.
798 2749 844 2777 30.
866 2750 903 2777 B:
921 2751 1152 2785 prestabzcntur.

281 2843 307 2864 1.
333 2832 453 2865 Matth.
482 2832 522 2872 V,
552 2834 582 2865 3.
711 2843 745 2873 4.
772 2834 956 2875 Augustini
984 2834 1034 2865 De
1061 2834 1248 2865 duodecim
1280 2834 1520 2875 abusionibus,

206 2878 227 2911 1.
255 2888 282 2910 c.
311 2888 386 2910 212.
491 2888 542 2910 12.
569 2878 690 2910 Matth.
715 2879 802 2919 XIX,
831 2889 884 2911 21.
981 2878 1034 2912 26.
1060 2880 1099 2911 ΙΙ.
1126 2880 1204 2911 Cor.
1229 2881 1286 2920 lV,
1316 2879 1370 2912 18.
