2003 3322
179 214 251 239 100
872 208 991 240 opus
1017 207 1354 240 EVANGELICUM
1547 194 1653 250 [CAP.
1675 203 1785 232 xxm.

178 323 237 352 We
258 323 368 351 should
390 327 443 350 not
524 318 578 352 Ex
611 315 696 352 istis
729 324 867 364 patent
894 316 1069 363 quedam
1101 316 1281 351 notanda
1314 314 1498 351 fidelibus
1521 314 1653 363 primo
1676 315 1786 364 quod

190 358 438 428 obteffeegg1ggsof
466 373 647 410 neutrius
692 372 861 410 istorum
902 386 1100 422 paparum
1139 374 1201 410 vel
1240 372 1410 410 alicuius
1449 385 1553 421 pape
1593 374 1786 410 debemus

173 427 452 499 i1{cgss{3??(igiigts
467 444 609 480 parere
644 431 819 478 monitis,
859 431 935 467 nisi
974 433 1022 468 de
1062 440 1214 479 quanto
1253 440 1399 468 sonant
1438 430 1478 467 in
1512 430 1661 468 Christi
1694 433 1787 468 obe-

468 489 668 526 dienciam
704 498 741 526 et
774 489 1077 526 observanciam
1111 489 1209 538 legis
1242 501 1324 526 sue.
1371 488 1555 526 Christus
1588 488 1695 526 enim
1730 497 1788 525 est

466 550 573 584 Deus
613 556 651 584 et
690 548 812 584 homo
851 546 920 596 qui
959 559 1095 584 errare
1133 560 1216 584 non
1257 547 1419 596 poterit,
1469 560 1587 596 quem
1627 546 1821 596 oportet5

465 618 628 642 omnem
673 605 879 642 hominem
926 604 1086 642 fidelem
1131 604 1245 654 sequi
1290 618 1335 642 ex
1379 605 1470 653 fide,
1517 605 1549 642 si
1592 617 1788 654 umquam

465 663 705 711 salvabitur;
739 672 777 700 et
809 663 865 700 sic
896 663 1051 700 nullum
1075 663 1277 711 prelatum
1311 663 1436 700 alium
1461 663 1574 712 sequi
1597 663 1639 700 in
1658 662 1789 701 verbis

465 730 534 758 aut
561 721 756 768 moribus,
790 721 866 757 nisi
892 722 939 758 de
962 729 1115 770 quanto
1139 721 1224 770 ipse
1248 730 1408 758 secutus
1431 721 1554 758 fuerit
1576 721 1789 759 dominum

463 781 597 816 Jesum
644 779 865 816 Christum.
918 781 1106 816 Secundo
1144 788 1256 828 patet
1295 781 1404 829 quod
1443 778 1570 817 instar
1608 779 1787 816 fidelium

463 839 683 875 Judeorum
730 846 768 874 et
813 837 1063 886 sapienciurn
1110 838 1331 874 Grecorum
1377 839 1569 875 debemus
1616 838 1849 887 lugend010

465 896 701 944 permittere
719 895 902 933 diabolos
918 908 1002 933 sese
1019 896 1265 933 confundere
1280 896 1342 933 vel
1356 897 1513 933 orando
1530 905 1567 933 et
1583 897 1790 945 operando

465 955 497 991 si
530 967 745 1003 possumus
779 967 942 991 causam
976 954 1036 991 sui
1069 954 1224 1003 peccati
1258 955 1506 993 subtrahere.

220 1247 287 1293 We'
300 1268 413 1292 cannot
530 1248 585 1282 Ex
617 1245 702 1283 istis
735 1254 846 1295 patet
879 1246 987 1294 quod
1020 1246 1154 1282 nullus
1186 1245 1317 1283 viator
1350 1246 1468 1282 debet
1510 1257 1705 1294 pompare
1744 1245 1792 1281 de

219 1300 414 1370 kgg'vffefg}
471 1304 720 1353 plenitudine
735 1304 947 1353 potestatis
965 1303 1091 1340 instar
1106 1304 1400 1352 apostolorum,
1425 1312 1622 1353 quantum
1645 1302 1793 1340 sufficit
1812 1301 1849 1334 15

277 1373 362 1398 nave.
472 1364 692 1399 secundum
732 1363 861 1411 legem
902 1362 974 1399 Dei
1018 1362 1215 1411 proficere
1261 1362 1427 1399 ecclesie
1474 1361 1673 1398 militanti.
1730 1362 1792 1397 Ad

471 1423 547 1458 hoc
581 1421 686 1458 enim
721 1420 904 1457 Christus
944 1420 1146 1458 ordinavit
1184 1429 1427 1469 potestatem
1467 1421 1668 1458 viatorum
1709 1431 1793 1456 esse

473 1479 528 1516 eis
578 1479 875 1525 absconditam,
920 1487 963 1515 ut
1001 1491 1121 1516 nemo
1163 1480 1212 1515 de
1253 1478 1464 1527 potestatis
1515 1491 1585 1516 sue
1638 1477 1793 1526 magni-

471 1537 610 1574 tudine
643 1537 848 1586 glorietur.
894 1539 975 1574 Nec
1007 1538 1112 1574 valet
1144 1536 1260 1574 nobis
1302 1546 1478 1574 tractare
1511 1536 1599 1586 quis
1632 1545 1794 1585 aposto-

472 1596 604 1633 lorum
633 1595 827 1632 maiorem
852 1603 1094 1644 potestatem
1128 1595 1326 1642 habuerit,
1361 1608 1452 1632 cum
1476 1595 1625 1631 scimus
1649 1607 1693 1631 ex
1716 1594 1794 1631 fide
1812 1601 1853 1622 20

471 1655 581 1702 quod
620 1653 685 1691 isti
725 1653 940 1690 duodecim
982 1653 1156 1701 apostoli
1195 1653 1347 1690 inserto
1386 1654 1511 1690 Paulo
1550 1661 1587 1690 et
1628 1652 1795 1689 dimisso

472 1711 657 1749 Scarioth
696 1713 924 1748 habuerunt
962 1720 1117 1748 tantam
1163 1720 1407 1760 potestatem
1453 1720 1646 1761 quantam
1693 1711 1795 1747 desi-

473 1772 617 1807 derant
649 1770 849 1816 habuisse,
890 1778 928 1806 et
958 1769 1326 1818 proporcionaliter
1358 1778 1402 1807 ut
1434 1770 1524 1818 plus
1557 1769 1795 1818 profuerunt

474 1827 640 1865 ecclesie
680 1837 717 1865 et
754 1836 846 1865 sunt
885 1827 1090 1865 beaciores
1127 1828 1169 1865 in
1209 1829 1294 1865 celo
1333 1829 1561 1865 habuerunt
1599 1827 1641 1864 in
1679 1826 1795 1864 terris

473 1894 717 1935 potestatem
751 1886 1020 1935 apostolicam
1055 1886 1181 1935 magis
1214 1887 1407 1935 amplam.
1812 1880 1852 1913 25

532 1946 660 1981 Immo
692 1944 862 1992 videtur,
898 1957 989 1981 cum
1022 1944 1159 1982 omnia
1182 1957 1259 1993 que
1283 1944 1464 1982 evenient
1487 1945 1536 1981 de
1558 1943 1796 1981 necessitate

475 2002 672 2049 evenient,
712 2003 821 2051 quod
860 2015 941 2039 non
972 2011 1191 2050 potuerunt
1224 2011 1465 2051 potestatem
1507 2002 1701 2039 maiorem
1735 2001 1797 2039 vel

476 2060 596 2097 aliam
630 2060 838 2107 habuisse;
884 2069 922 2097 et
953 2060 1009 2097 sic
1040 2061 1145 2097 foret
1177 2060 1345 2109 quilibet
1376 2060 1507 2098 viator
1538 2060 1715 2097 incertus
1748 2060 1796 2096 de

477 2118 757 2167 magnitudine
781 2131 850 2156 sue
872 2119 1100 2167 potestatis,
1134 2119 1238 2157 sicut
1261 2128 1319 2156 est
1342 2119 1517 2159 incertus
1541 2118 1572 2155 si
1597 2119 1673 2155 hoc
1695 2130 1797 2166 opus

476 2176 595 2213 faciet
626 2178 687 2214 vel
726 2177 853 2225 possit
885 2177 1031 2224 facere,
1078 2176 1289 2225 supposito
1328 2177 1404 2214 isto
1442 2176 1643 2225 principio
1688 2176 1797 2225 quod
1814 2173 1855 2206 30

477 2235 508 2271 si
542 2236 616 2272 hoc
648 2248 731 2272 non
764 2235 896 2281 faciet,
942 2237 1018 2272 hoc
1057 2248 1138 2272 non
1176 2244 1308 2283 potest
1351 2236 1494 2282 facere,
1541 2234 1635 2284 quia
1668 2235 1798 2271 deter-

478 2292 697 2330 minacioni
721 2293 792 2330 Dei
827 2302 960 2330 eterne
994 2302 1191 2341 repugnat
1223 2295 1333 2342 quod
1365 2293 1463 2329 illud
1496 2293 1627 2330 faciet.
1660 2294 1709 2329 Et
1741 2291 1798 2329 sic

477 2351 634 2399 quesito
680 2364 702 2388 a
746 2363 991 2400 quocunque
1036 2352 1192 2399 prelato
1238 2351 1267 2388 si
1317 2352 1392 2388 hoc
1436 2364 1537 2400 opus
1588 2350 1797 2399 spirituale

477 2417 609 2457 potest
631 2410 775 2456 facere,
800 2422 882 2447 non
905 2409 1144 2458 simpliciter
1168 2410 1389 2446 affirmaret
1413 2410 1520 2458 quod
1544 2408 1643 2445 illud
1667 2416 1798 2457 potest

478 2466 622 2514 facere,
656 2469 725 2504 sed
757 2469 852 2504 dum
876 2467 1056 2504 sonuerit
1083 2467 1123 2504 in
1147 2467 1354 2505 caritatem
1380 2475 1510 2516 potest
1534 2466 1667 2504 dicere
1690 2467 1798 2515 quod
1815 2463 1854 2496 35

478 2526 555 2562 hoc
587 2534 718 2574 potest
750 2526 894 2574 facere,
927 2525 958 2562 si
992 2528 1098 2562 Deus
1130 2525 1311 2563 voluerit.

550 2731 579 2756 b.
600 2730 644 2756 A.
666 2729 817 2756 hominem
838 2729 932 2756 deest.
1008 2730 1035 2765 8,
1056 2738 1084 2764 9.
1106 2731 1150 2758 A:
1163 2728 1269 2765 suerit
1285 2729 1386 2757 lesum
1406 2737 1475 2756 ηοςι
1472 2731 1556 2756 rum.
1631 2737 1666 2756 n.
1687 2730 1730 2757 A:
1752 2730 1800 2757 vel

481 2764 654 2799 operando.
729 2772 775 2791 20
796 2766 839 2791 A:
861 2772 1007 2791 cumcurn
1027 2772 1065 2792 ex
1074 2764 1153 2799 fide.
1226 2772 1266 2792 21.
1287 2765 1331 2792 A:
1353 2764 1403 2791 illi
1420 2763 1507 2795 XIII,·
1534 2764 1555 2790 Β
1576 2763 1647 2791 XIII
1665 2764 1798 2791 correxit

481 2798 592 2861 maXII.
666 2798 709 2833 278
726 2807 772 2834 29.
789 2800 832 2826 A:
845 2799 928 2826 de—
942 2799 1079 2827 incertus
1094 2800 1189 2827 deest.
1262 2798 1309 2826 30.
1325 2800 1369 2826 A.
1374 2798 1511 2835 faceret.
1585 2797 1632 2833 34.
1648 2799 1692 2826 A:
1707 2798 1798 2835 affir—

533 2842 567 2861 re
