2003 3322
195 198 285 226 CAP.
306 187 461 241 xxvnl]
674 200 885 232 SECUNDA
914 201 1039 231 PARS.
1723 190 1799 237 347

196 309 300 344 bono
335 307 515 344 minimo.
550 308 641 343 Ideo
665 306 869 354 signanter
899 316 1013 344 notat
1035 307 1283 355 Augustinus
1306 309 1513 355 quomodo

196 366 377 403 Christus
410 365 527 402 dicit:
562 367 629 402 hec
658 366 783 402 omnia
816 370 1059 415 apponentur
1092 366 1196 403 vobis
1224 366 1284 402 vel
1312 374 1356 401 ut
1385 374 1513 401 textus

194 433 330 461 noster
368 425 487 461 habet
524 425 741 461 adicientur
779 425 896 468 vobis,
942 426 1046 460 Deus
1090 423 1194 460 enim
1235 423 1304 472 qui
1342 423 1382 459 in
1423 425 1514 459 sub-

196 482 349 519 stancia
381 495 462 519 non
494 490 625 530 potest
659 481 842 527 deficere,
882 495 965 518 non
999 482 1189 518 deficeret
1220 481 1260 517 in
1293 480 1512 518 accidente.

162 541 386 586 5Quamvis
419 540 526 577 enim
561 541 673 577 color
696 539 787 588 equi
811 540 934 589 empti
958 549 1123 588 propter
1154 540 1331 576 valorem
1364 538 1514 575 venditi

194 598 244 635 sit
259 600 497 645 notandum,
523 607 660 635 tamen
676 607 835 647 emptor
853 611 932 635 non
950 600 1066 634 debet
1089 611 1206 647 super
1229 597 1317 645 ipso
1333 597 1514 645 proicere

194 669 306 693 suam
341 656 652 693 sollicitudinem
687 657 753 692 sed
788 669 906 704 super
947 656 1127 693 bonitate
1164 655 1225 693 vel
1264 655 1342 691 fine
1380 655 1513 692 valido

196 714 287 763 equi
321 715 458 763 empti.

252 775 301 808 Et
334 785 378 809 ex
410 772 486 809 isto
518 780 627 821 patet
661 772 875 809 correlarie
908 773 1016 820 quod
1049 784 1168 808 nemo
1193 772 1310 808 debet
1332 770 1515 819 accipere
1534 777 1584 804 No
1605 785 1663 804 one
1684 776 1795 804 should

142 845 180 866 10
196 838 343 867 statum
392 829 693 878 evangelizandi
742 839 906 878 propter
959 829 1165 866 lauticiam
1221 828 1402 877 corporis
1453 830 1515 866 vel
1542 812 1792 882 {Zesseclgffqzitnue

195 889 457 925 commodum
490 889 730 936 temporale3
775 890 882 924 unde
921 888 997 924 hoc
1031 887 1127 924 dicit
1165 886 1413 935 Augustinus
1453 899 1514 923 ex-

197 946 369 995 pressius
403 954 707 994 cousequenter.
743 947 836 982 Ideo
870 945 966 982 dicit
993 947 1101 993 quod
1134 954 1231 982 nota
1264 944 1514 981 infidelitatis

196 1013 254 1040 est
300 1004 572 1053 evangelizare
626 1012 792 1052 propter
844 1005 1104 1041 commodum
1157 1003 1393 1051 temporale,
1446 1004 1515 1039 sed

196 1071 360 1099 econtra
393 1062 608 1111 prandium
650 1071 687 1099 et
726 1063 877 1098 bonum
917 1062 1141 1109 temporale
1182 1070 1341 1109 oportet
1373 1073 1516 1108 capere

142 1125 178 1157 15
196 1129 361 1168 propter
394 1120 572 1157 officium
615 1119 864 1168 predicandi,
904 1119 1007 1156 sicut
1046 1119 1192 1156 medici
1231 1119 1369 1155 dicunt
1407 1120 1516 1167 quod

195 1178 378 1214 homines
422 1191 504 1215 non
551 1179 699 1215 debent
735 1178 865 1215 vivere
904 1187 947 1214 ut
987 1179 1201 1214 comedant
1244 1178 1313 1213 sed
1352 1186 1515 1213 econtra

196 1237 401 1273 moderate
434 1237 645 1273 comedere
677 1245 720 1272 ut
752 1236 792 1272 in
827 1235 1004 1272 moribus
1038 1237 1136 1272 bene
1165 1235 1310 1272 vivant.
1348 1234 1516 1271 Videtur

194 1302 330 1330 tamen
376 1293 616 1342 quibusdam
657 1295 766 1343 quod
809 1294 904 1330 licet
951 1293 1126 1330 intencio
1172 1294 1428 1329 sacerdotum
1474 1292 1514 1328 in
1565 1287 1765 1314 Asimoniac

194 1351 396 1400 principio
429 1352 479 1388 sit
512 1361 715 1400 corrupta,
750 1360 887 1388 tamen
911 1364 955 1387 ex
979 1351 1050 1387 Dei
1084 1350 1218 1399 gracia
1251 1351 1511 1399 postmodum
1531 1322 1723 1391 rcpeffiiffliii
1744 1361 1796 1382 not

137 1424 178 1445 20
194 1418 250 1446 est
288 1419 505 1455 corrector,
551 1410 642 1446 ideo
680 1409 839 1458 signum
885 1409 1117 1457 cupiditatis
1161 1409 1221 1446 vel
1265 1408 1514 1445 infidelitatis
1541 1391 1793 1461 Offffss‘ss'ffldmssuy

194 1476 250 1504 est
271 1469 381 1516 quod
404 1467 636 1517 quicunque
660 1476 821 1504 curatus
845 1467 1065 1504 simoniace
1088 1467 1243 1504 intrans
1276 1465 1513 1503 ecclesiasti-
1547 1462 1568 1488 it
1588 1460 1720 1530 bafflgpsg
1737 1462 1787 1487 ΗΝ

194 1538 280 1561 cam
306 1525 556 1574 dignitatem⁷
591 1527 709 1562 debet
731 1525 762 1561 si
786 1525 931 1562 salvari
954 1524 1124 1561 voluerit
1148 1525 1275 1573 ipsam
1307 1524 1348 1560 in
1372 1537 1515 1560 manus

195 1596 296 1631 pape
331 1583 532 1632 resignare
572 1593 609 1620 et
648 1584 909 1632 postmodum
942 1583 1068 1631 ipsam
1105 1584 1276 1619 emendo
1310 1583 1358 1618 de
1392 1594 1515 1618 manu

193 1653 264 1677 sua
296 1641 484 1689 recipere.
520 1644 621 1678 Nam
658 1640 901 1678 rectificacio
933 1640 1174 1677 intencionis
1207 1653 1250 1676 ex
1275 1639 1346 1676 Dei
1380 1639 1515 1687 gracia

137 1702 176 1736 25
194 1712 282 1735 cum
304 1700 407 1735 bona
423 1699 501 1736 vita
525 1708 582 1736 est
606 1708 744 1736 curato
759 1699 1008 1747 prestancior
1032 1698 1139 1734 mille
1154 1697 1270 1735 bullis
1293 1697 1515 1746 papalibus.

250 1757 393 1794 Tercio
427 1766 536 1805 patet
559 1757 837 1805 principaliter
870 1769 914 1793 ex
947 1756 1063 1793 dictis
1096 1756 1214 1792 huius
1247 1755 1375 1793 sancti
1408 1756 1516 1803 quod

196 1815 321 1851 multa
353 1824 445 1852 sunt
467 1815 575 1851 licita
600 1824 637 1852 et
660 1824 797 1852 tamen
821 1815 923 1851 fiunt
945 1824 1111 1862 propter
1136 1815 1337 1851 defectum
1362 1813 1515 1849 ordinis

192 1872 354 1918 viciosa‚
388 1882 431 1909 ut
462 1872 616 1909 licitum
653 1882 709 1909 est
743 1885 886 1921 capere
919 1872 1160 1920 temporalia
1195 1873 1403 1908 moderate
1436 1884 1515 1908 ser·

192 1938 283 1966 vata
315 1931 554 1967 rectitudine
586 1930 828 1968 intencionis
860 1930 900 1966 in
934 1930 1270 1978 evangelizando3
1311 1938 1348 1965 et
1380 1937 1515 1965 tamen
1560 1936 1651 1975 Many
1672 1936 1776 1974 things

138 1987 280 2035 3oipsa
324 1989 463 2037 capcio
508 1989 613 2025 facta
658 1998 715 2025 est
758 2001 945 2036 perversa
984 1988 1213 2025 intencione
1259 1971 1804 2040 capienciumthenssffl‘lessnmay

192 2057 406 2092 venenosa,
452 2047 558 2083 unde
601 2055 767 2095 propter
811 2045 1130 2083 declinacionem
1164 2045 1254 2082 talis
1308 2044 1513 2093 capcionis
1581 2040 1746 2110 czari-iifptffi

192 2115 389 2140 venenose
412 2105 629 2152 Apostolus
662 2105 873 2141 laborabat
905 2104 1091 2140 manibus
1123 2103 1218 2150 suis,
1259 2103 1361 2139 sicut
1394 2115 1514 2139 evan·
1753 2095 1759 2100 ¹

194 2161 408 2209 gelizantes
441 2163 587 2198 debent
619 2162 688 2210 qui
720 2171 811 2198 sunt
844 2161 960 2210 proni
994 2163 1043 2198 ad
1075 2160 1369 2209 perversionem
1398 2160 1515 2196 huius

194 2219 411 2266 capcionis.
472 2222 520 2256 Et
565 2232 608 2256 ex
655 2220 730 2256 isto
775 2219 951 2256 inferunt
997 2219 1161 2267 quidam
1208 2218 1425 2255 correlarie
1471 2231 1515 2254 ex

138 2280 177 2313 35
195 2276 311 2313 dictis
333 2277 460 2313 sancti
476 2277 658 2325 Apostoli
682 2287 719 2314 et
743 2277 859 2314 huius
883 2277 1058 2314 doctoris
1082 2278 1188 2325 quod
1220 2275 1514 2324 evangelizacio

195 2335 311 2371 debet
344 2347 427 2372 esse
459 2335 686 2372 voluntaria
720 2344 757 2372 et
790 2348 871 2371 non
903 2335 1142 2371 necessitata
1181 2347 1252 2383 per
1291 2334 1514 2382 temporale

195 2391 439 2440 stipendium
474 2402 681 2442 tamquam
717 2393 854 2439 finem,
894 2393 988 2441 quia
1020 2402 1115 2429 tunc
1150 2404 1336 2440 perverso
1370 2391 1515 2428 ordine

194 2450 283 2497 plus
334 2450 537 2498 appetitur
589 2451 813 2499 temporale
866 2452 1124 2487 commodum
1180 2462 1301 2498 quam
1364 2461 1514 2485 merces

196 2507 392 2555 evangelii
425 2510 532 2556 quod
566 2517 622 2545 est
656 2507 891 2545 hereticum.

136 2580 181 2610 40
254 2567 303 2601 Et
335 2565 374 2601 in
406 2565 482 2602 isto
515 2575 683 2614 possunt
717 2566 854 2602 fideles
887 2567 1137 2614 perpendere
1170 2565 1201 2601 si
1235 2566 1377 2602 fratres
1410 2574 1513 2601 tam·
1529 2571 1633 2598 Faults
1654 2571 1804 2598 offriars.

197 2635 317 2670 quam
351 2623 517 2660 heretici
550 2623 590 2659 in
622 2624 698 2660 hoc
730 2632 882 2672 puncto
916 2623 1120 2661 deficiunt.
1155 2623 1196 2659 Si
1220 2622 1326 2659 enim
1352 2631 1515 2670 captant

197 2819 209 2846 i
248 2792 314 2854 ἐξά
341 2786 384 2812 A:
418 2785 597 2820 cupiditatis
620 2785 765 2820 infidelis.
875 2786 923 2813 26.
945 2786 1023 2813 Ain
1048 2794 1162 2821 marg:
1183 2794 1217 2820 3.
1325 2794 1375 2819 40.
1406 2787 1449 2813 A:
1477 2785 1519 2812 Et

210 2828 227 2846 n
318 2840 324 2846 .
