2003 3322
145 830 181 851 10

140 1119 175 1140 ΙΙ)

134 1407 174 1427 ’ΖΟ

129 1975 170 2006 30

206 185 293 214 cAr.
315 177 411 230 xm]
686 187 897 219 sEcoNoA
924 187 1050 218 PARS.
1722 177 1801 223 289

204 298 379 332 Vocatur
411 304 544 330 autem
575 293 800 330 cotidianus
824 294 949 341 panis,
985 293 1078 341 quia
1109 293 1333 341 indigemus
1364 293 1510 329 cotidie

203 354 270 391 illo
310 365 429 401 pane3
478 352 566 400 quis
605 364 702 399 rogo
742 364 822 387 non
862 351 1011 399 indiget
1046 351 1109 387 hic
1148 350 1189 386 in
1221 350 1283 387 via
1316 351 1508 387 alimento

204 421 239 447 et
278 418 509 458 tegumento
552 409 611 445 sui
649 409 854 456 corporis?
899 411 999 445 Nam
1034 421 1097 445 sex
1131 421 1192 445 res
1225 410 1427 445 naturales
1461 410 1508 445 de

201 469 344 517 quibus
376 468 594 516 loquuntur
628 466 773 503 medici
807 476 897 503 sunt
931 466 1119 503 continue
1151 466 1375 503 necessarie
1403 466 1507 502 sani-

201 527 283 563 tati.
321 527 697 573 Quomodocunque
721 524 770 560 sit
795 526 842 561 de
866 524 1101 561 necessariis
1125 524 1298 571 corpori,
1333 525 1381 560 de
1404 537 1506 572 pane
1523 527 1582 555 We
1604 529 1678 566 need
1701 528 1800 566 God's

200 584 344 630 anime,
387 596 522 619 sumus
565 582 660 619 certi
694 584 802 631 quod
834 596 915 619 non
954 583 1083 619 solum
1124 581 1272 618 cotidie
1310 583 1379 618 sed
1413 595 1505 618 con·
1539 564 1773 631 §pisffufgloffood

198 642 307 678 tinue
339 653 500 677 necesse
532 642 727 677 habemus
761 642 869 689 quod
902 643 1007 677 Deus
1039 640 1171 688 ipsun]
1204 640 1360 676 influat.
1402 639 1505 675 Peti-
1562 632 1763 668 continually.

198 713 284 736 mus
307 708 440 736 autem
463 708 506 735 ut
529 701 634 735 Deus
667 707 847 735 recenter
880 700 945 735 det
977 698 1108 746 ipsum
1142 697 1258 734 nobis
1292 697 1427 741 hodie,
1461 706 1505 733 ut

197 759 252 795 sic
290 756 518 794 necessitati
558 756 682 793 simus
716 757 949 793 oracionem
983 756 1093 792 illam
1129 755 1275 792 cotidie
1309 755 1503 803 replicare

197 825 233 852 et
273 816 329 852 sic
362 817 410 851 de
443 817 527 851 Deo
559 823 698 851 nostro
731 823 768 850 et
801 823 937 851 nostra
972 813 1132 850 miseria
1165 813 1357 861 cogitare.
1404 813 1503 858 Quis

195 887 292 921 rogo
329 886 411 909 non
450 872 613 908 sentiret
647 872 851 908 humiliter
884 874 932 908 de
965 884 1005 908 se
1038 871 1138 919 ipso,
1185 883 1276 907 cum
1311 870 1502 907 continue

196 940 412 979 cognoscat
456 931 564 978 quod
608 939 765 966 tantum
810 930 962 978 indiget
1003 932 1087 966 Deo
1132 942 1218 975 suo,
1264 937 1301 965 et
1345 928 1400 965 sic
1445 932 1503 974 (ut

193 988 439 1037 Augustinus
486 988 581 1024 dicit
620 987 731 1034 alibi)
776 987 906 1024 omnis
950 987 1079 1024 viator
1124 986 1281 1035 cogitur
1320 987 1501 1023 confiteri

194 1048 301 1095 quod
334 1047 384 1082 sit
417 1046 622 1082 mendicus
646 1045 717 1082 Dei
748 1046 820 1084 sui.
854 1047 902 1081 Et
925 1058 995 1093 per
1017 1046 1093 1081 hoe
1117 1057 1331 1093 possumus
1355 1045 1501 1081 habere

163 1108 173 1113 ‘
193 1104 427 1152 vigilancius
459 1116 619 1140 sensum
642 1103 826 1151 Apostoli
856 1105 976 1141 Hebr.
1002 1104 1085 1148 1110,
1111 1105 1161 1139 ad
1194 1115 1313 1150 quem
1339 1115 1498 1139 sensum

193 1162 405 1199 Psalmista
444 1161 634 1209 loquitur,
681 1163 841 1210 quando
875 1160 988 1197 dicit:
1034 1161 1164 1196 Hodie
1195 1161 1228 1196 si
1259 1172 1387 1196 vocem
1421 1162 1499 1197 eius
1538 1161 1616 1200 This
1637 1163 1767 1197 petition

193 1220 405 1266 audieritis,
435 1228 471 1255 et
494 1219 552 1268 (ut
575 1219 747 1255 breviter
770 1217 1128 1268 comprehendam)
1150 1231 1231 1254 non
1251 1227 1309 1254 est
1333 1218 1497 1266 aliquod
1537 1197 1769 1268 siggdtslfjisociiiy

192 1280 341 1314 bonum
376 1278 585 1324 corporale
618 1277 677 1313 vel
712 1277 918 1324 spirituale
950 1276 1222 1312 necessarium
1257 1276 1402 1312 viatori
1424 1288 1496 1312 nec
1539 1266 1598 1292 ancl
1619 1266 1772 1301 spiritual.

191 1335 333 1383 aliquis
372 1336 516 1371 modus
556 1334 728 1371 habendi
768 1334 866 1382 quin
898 1334 939 1370 in
971 1334 1047 1370 ista
1079 1333 1278 1382 peticione
1318 1346 1497 1381 expresse

190 1395 249 1430 vel
281 1393 399 1429 tacite
432 1393 674 1428 includatur.

246 1451 388 1487 Tercio
422 1450 698 1498 principaliter
722 1459 831 1498 patet
863 1463 907 1486 ex
939 1449 1054 1486 dictis
1078 1449 1292 1497 Augustini
1326 1449 1493 1485 dicentis
1545 1451 1755 1513 ssgffisstssffiss

190 1510 296 1557 quod
340 1508 381 1545 in
424 1508 500 1545 ista
537 1508 737 1556 peticione
782 1507 955 1556 petimus
997 1506 1415 1544 communicacionem
1454 1507 1494 1543 in
1577 1520 1641 1547 that
1661 1521 1735 1559 the-

189 1567 318 1603 hostia
356 1575 587 1603 consecrata
626 1578 746 1614 quarn
785 1566 868 1614 ipse
906 1565 1003 1602 dicit
1041 1578 1186 1613 panem
1229 1565 1492 1610 cotidianum,
1537 1560 1755 1625 ᾗξξῇἶῃζξεξίὲῧ

187 1638 269 1661 non
300 1625 554 1672 intellegebat
587 1637 657 1672 per
695 1624 807 1660 illum
840 1637 983 1671 panem
1027 1623 1275 1660 cotidianum
1309 1623 1493 1660 accidens

188 1683 271 1718 sine
315 1682 493 1718 subiecto
537 1682 596 1718 vel
640 1695 765 1718 unum
812 1681 937 1718 nichil
975 1681 1015 1718 in
1054 1682 1182 1718 forma
1222 1680 1378 1725 nichili;
1424 1683 1494 1717 sed

188 1753 322 1777 verum
358 1753 502 1788 panem
538 1740 695 1788 qualem
730 1739 846 1787 fregit
870 1739 1066 1775 Dominus
1100 1738 1168 1787 qui
1192 1747 1249 1775 est
1274 1739 1495 1787 figuraliter

187 1811 332 1845 corpus
366 1797 527 1843 Christi,
574 1806 611 1833 et
649 1797 705 1833 sic
745 1810 826 1833 non
865 1797 1040 1845 petimus
1078 1797 1192 1833 illum
1232 1809 1377 1844 panem
1421 1810 1494 1845 pro

187 1858 290 1892 bono
314 1864 454 1892 nature
485 1857 591 1904 quod
626 1855 814 1905 continet,
849 1868 940 1891 cum
973 1855 1013 1891 in
1045 1867 1085 1891 se
1118 1856 1264 1891 habeat
1287 1854 1492 1891 modicum

186 1913 422 1949 nutrimenti
462 1915 530 1949 sed
563 1914 713 1949 bonurn
748 1913 887 1961 figure,
932 1922 975 1949 ut
1008 1914 1056 1949 de
1090 1912 1278 1960 passione
1311 1913 1492 1960 corporis

187 1971 334 2007 Christi
387 1970 614 2019 specialiter
665 1970 898 2018 cogitemus.
953 1972 1045 2006 Ideo
1088 1970 1185 2007 dicit
1231 1970 1410 2007 Christus
1456 1981 1493 2008 et

185 2030 406 2065 celebrator
439 2038 749 2065 commemorat:
789 2028 872 2064 Hec
903 2029 1202 2077 quociescumque
1223 2029 1416 2077 feceritis,
1456 2030 1492 2065 in

183 2087 257 2122 mei
286 2087 513 2122 memoriam
536 2086 708 2135 facietis.
755 2088 803 2122 Et
841 2086 897 2122 ita
935 2099 1017 2123 non
1048 2086 1132 2122 sine
1166 2099 1286 2123 causa
1320 2086 1492 2135 Spiritus

183 2145 350 2180 Sanctus
395 2143 646 2180 necessitavit
689 2144 928 2192 Apostolum
973 2146 998 2180 I.
1041 2144 1132 2182 Cor.
1172 2144 1218 2190 X,
1256 2146 1301 2181 16
1347 2157 1490 2181 vocare

183 2203 284 2238 hanc
314 2201 486 2237 hostiam
512 2214 652 2250 ponem
682 2214 791 2250 quem
811 2202 1068 2252 frangimus;
1106 2210 1143 2238 et
1181 2214 1273 2249 sepe
1312 2202 1489 2250 capitulo

181 2261 229 2295 XI
264 2269 300 2295 et
343 2258 436 2295 alibi
475 2259 515 2295 in
555 2259 761 2306 evangelio
801 2268 967 2296 vocatur
1007 2259 1094 2307 ipsa
1132 2259 1263 2296 hostia
1296 2261 1410 2309 panis
1452 2269 1489 2297 et

180 2329 378 2365 nusquam
425 2316 464 2352 in
510 2316 586 2352 fide
625 2316 822 2364 scripture
860 2317 1045 2353 accidens
1085 2316 1170 2353 sine
1210 2317 1390 2354 subiecto
1429 2319 1489 2355 vel

179 2388 303 2410 unum
336 2386 506 2411 vacuum
540 2374 619 2410 sive
652 2374 788 2411 nichil.

238 2433 314 2468 Sed
347 2431 616 2468 Antichristus
661 2431 861 2480 paulative
901 2431 1120 2469 introduxit
1159 2432 1276 2469 istam
1315 2433 1484 2470 heresim

179 2489 218 2526 in
260 2489 483 2537 ecclesiam,
530 2502 611 2526 non
649 2499 693 2526 ut
725 2490 774 2526 sit
807 2490 934 2538 figura
966 2489 1162 2538 passionis
1196 2490 1372 2537 Domini,
1417 2494 1486 2528 sed

246 2677 280 2696 11.
300 2669 344 2696 A:
372 2670 568 2696 consentiret.
676 2677 715 2696 21.
742 2670 770 2696 A
790 2669 821 2696 in
842 2677 955 2704 marg:
980 2669 1011 2697 C.
1119 2670 1161 2698 25.
1186 2671 1216 2697 A
1240 2670 1271 2698 in
1292 2679 1390 2706 marg.
1411 2671 1483 2699 inf.:

176 2702 257 2731 Nota
278 2705 361 2739 quod
379 2707 519 2731 remanet
536 2712 627 2731 verus
642 2704 737 2739 panis
750 2707 826 2739 post
844 2705 1113 2732 consecracionem
1133 2705 1233 2732 lzostie
1251 2706 1282 2732 in
1302 2706 1407 2733 allari-

250 2785 299 2818 16.
326 2787 428 2819 Hebr.
456 2787 510 2828 111,
542 2788 590 2821 13.
689 2788 742 2820 31.
770 2788 885 2819 Lucae
911 2788 1014 2828 XXII,
1046 2798 1094 2832 19.

1305 2858 1343 2890 19
