2003 3322
236 1262 295 1289 We
316 1268 400 1289 must

235 1298 353 1332 forgive
374 1298 411 1324 all

194 1332 328 1359 offences
348 1341 383 1359 or
404 1341 449 1359 we

235 1372 349 1394 cannot
369 1368 405 1394 be

244 1402 394 1437 forgiven.

888 222 1006 253 opos
1032 221 1369 253 EVANGELICUM
1577 210 1684 264 [CAP.
1706 219 1787 247 xw.

473 331 637 365 Servum
683 337 810 365 autem
856 329 1026 374 Domini,
1072 336 1112 363 ut
1157 329 1209 363 ait
1254 329 1474 377 Apostolus,
1521 341 1593 364 non
1638 337 1790 378 oportet

472 388 643 437 litigare.
683 387 760 430 Qui
788 399 884 437 ergo
917 387 977 422 vel
1008 393 1142 435 sponte
1173 387 1233 422 vel
1256 387 1376 422 victus
1394 387 1597 435 pecuniam
1624 387 1787 423 debitam

473 445 639 481 reddere
671 445 851 491 noluerit,
898 444 1123 480 d.'uu‘ttenda
1157 444 1216 479 illi
1245 451 1313 480 est.
1360 443 1470 480 Duas
1508 445 1605 480 enim
1647 446 1691 480 ob
1727 458 1789 481 res

472 504 573 539 nolet
606 503 784 549 reddere,
819 503 879 538 vel
911 503 1012 550 quod
1051 514 1124 538 non
1158 502 1295 538 habeat
1329 503 1389 537 vel
1421 502 1522 550 quod
1560 515 1706 539 avarus
1738 504 1788 539 sit

472 561 601 610 reique
652 561 774 596 aliene
823 561 1006 609 cupidus:
1070 567 1274 608 utrumque
1337 560 1435 596 enim
1502 560 1671 609 pertinet
1738 562 1789 596 ad

472 619 653 668 inopiam.
695 619 796 654 Nam
836 619 902 654 illa
942 618 1071 667 inopia
1111 625 1167 653 est
1200 618 1258 653 rei
1278 618 1513 666 familiaris,
1554 618 1621 653 hec
1659 619 1787 654 animi.

478 677 660 725 Quisquis
693 677 819 724 itaque
851 676 922 712 tali
944 676 1099 711 dimittit
1133 676 1315 722 debitum,
1347 676 1452 724 inopi
1473 676 1643 719 dimittit,
1676 689 1788 725 opus-

473 747 543 783 que
588 735 842 770 christianum
890 741 1090 783 operatur,
1137 741 1313 769 manente
1356 734 1424 769 illa
1470 734 1622 783 regula,
1670 742 1708 770 ut
1754 735 1789 770 in

471 793 598 828 animo
637 793 687 828 sit
720 799 888 841 paratus
927 792 1107 827 amittere
1145 793 1247 839 quod
1282 791 1356 827 sibi
1393 792 1562 827 debetur.
1609 792 1711 828 Nam
1757 793 1792 828 si

472 851 642 886 modeste
680 862 725 886 ac
765 850 903 886 leniter
935 849 1040 885 omni
1070 849 1183 885 modo
1217 850 1342 899 egerit
1375 856 1414 884 ut
1445 849 1517 884 sibi
1548 849 1788 894 restituatur,

472 921 544 944 non
588 915 666 943 tam
711 908 907 944 intendens
930 908 1112 956 fructum
1147 907 1321 956 pecunie,
1368 919 1481 955 quam
1521 914 1560 942 ut
1599 908 1787 944 hominem

473 966 665 1016 corrigat,
719 966 779 1001 cui
821 966 901 1002 sine
946 965 1058 1001 dubio
1098 965 1359 1014 perniciosum
1407 972 1463 1001 est
1506 966 1647 1002 habere
1691 967 1790 1002 unde

473 1025 614 1060 reddat
646 1031 681 1060 et
713 1036 785 1060 non
819 1024 997 1070 reddere,
1031 1035 1103 1059 non
1135 1024 1259 1059 solum
1289 1036 1362 1059 non
1387 1023 1575 1072 peccabit,
1607 1025 1675 1060 sed
1695 1037 1787 1073 pro—

475 1082 575 1118 derit
613 1082 829 1131 plurimum
877 1082 1011 1128 eciam,
1057 1094 1101 1117 ne
1139 1081 1203 1117 ille
1248 1082 1337 1116 dum
1377 1081 1543 1117 alienam
1584 1083 1787 1131 pecuniam

476 1141 626 1176 lucrum
662 1141 743 1175 vult
764 1141 919 1189 facere,
954 1140 1163 1188 dampnum
1185 1139 1287 1189 fidei
1310 1139 1515 1188 paciatur,·
1550 1141 1653 1189 quod
1684 1147 1788 1176 tanto

475 1206 530 1234 est
561 1198 740 1248 gravius,
774 1205 814 1233 ut
845 1198 951 1233 nulla
984 1197 1032 1233 sit
1064 1197 1324 1246 comparacio.

533 1256 602 1292 Ex
645 1268 715 1304 quo
762 1255 994 1305 intelligitur
1038 1262 1073 1291 et
1118 1255 1154 1290 in
1201 1256 1271 1291 ista
1316 1255 1445 1304 quinta
1484 1255 1674 1303 peticione
1717 1268 1788 1304 qua

477 1314 639 1350 dicimus
670 1315 775 1349 Deo:
818 1314 982 1349 Dimitte
1020 1314 1127 1349 nobis
1166 1313 1290 1349 debita
1329 1320 1475 1360 nostra,
1513 1313 1611 1349 sicut
1649 1321 1683 1349 et
1722 1326 1789 1350 nos

476 1372 705 1408 dimittimus
749 1371 984 1408 debitoribus
1032 1371 1186 1417 nostris,
1233 1372 1278 1407 de
1318 1372 1480 1419 pecunia
1518 1372 1668 1419 quidem
1715 1384 1787 1407 non

474 1431 599 1466 solum
633 1430 708 1466 dici
738 1431 807 1466 sed
840 1430 885 1465 de
917 1429 1091 1465 omnibus
1124 1441 1194 1477 que
1226 1429 1261 1464 in
1294 1442 1362 1465 nos
1394 1430 1550 1478 quisque
1577 1437 1713 1479 peccat
1744 1442 1789 1465 ac

469 1501 545 1537 per
574 1489 644 1524 lzoc
676 1488 793 1524 eciam
829 1489 875 1523 de
904 1488 1078 1536 pecunia.
1114 1488 1254 1523 Peccat
1287 1499 1450 1536 namque
1483 1488 1517 1522 in
1551 1495 1597 1531 te,
1629 1488 1695 1537 qui
1723 1488 1791 1523 tibi

469 1546 673 1596 pecuniam
726 1546 906 1591 debitam,
960 1558 1043 1581 cum
1098 1545 1235 1589 habeat
1286 1546 1385 1581 unde
1430 1546 1582 1592 reddat,
1637 1554 1790 1582 recusat

474 1605 652 1642 reddere.
705 1604 819 1648 Quod
851 1611 1052 1653 peccatum
1093 1604 1127 1639 si
1163 1615 1236 1639 non
1277 1604 1483 1650 dimiseris,
1528 1616 1600 1640 non
1640 1604 1790 1653 poteris

474 1662 622 1698 dicere:
656 1662 817 1698 Dimitte
848 1661 967 1707 nobis,
1006 1662 1103 1697 sicut
1141 1668 1175 1696 et
1214 1673 1281 1697 nos
1315 1661 1554 1697 dimittimus.
1589 1662 1632 1696 Si
1662 1668 1787 1697 autem

474 1720 684 1780 ignqveris,
732 1720 838 1755 vides
883 1719 1002 1755 eciam
1043 1720 1088 1754 de
1120 1719 1283 1768 pecunia
1324 1719 1549 1755 dimittenda
1595 1732 1678 1755 eum
1719 1721 1787 1755 ad·
1830 1720 1842 1751 ἶ

474 1778 636 1823 moneri,
671 1778 731 1813 cui
761 1778 834 1813 tali
859 1789 978 1826 prece
1009 1789 1128 1813 orare
1155 1777 1385 1826 precipitur.

532 1836 635 1871 Illud
667 1848 758 1872 sane
790 1835 960 1871 tractari
985 1842 1126 1884 potest,
1161 1842 1200 1870 ut
1223 1835 1400 1883 quoniam
1425 1835 1607 1871 dicimus:
1629 1836 1791 1872 Dimitte

475 1894 582 1929 nobis
606 1894 729 1929 debita
766 1900 913 1937 nostra,
945 1894 1042 1929 sicut
1075 1900 1108 1928 et
1142 1905 1209 1928 nos
1242 1893 1481 1940 dimittimus,
1516 1901 1604 1929 tunc
1636 1894 1789 1929 convin-

475 1964 612 1988 camur
634 1959 768 1987 contra
792 1951 904 1987 istam
928 1952 1108 2001 regulam
1122 1951 1280 1999 fecisse,
1310 1951 1344 1987 si
1365 1951 1418 1987 eis
1440 1964 1512 1986 non
1538 1951 1790 1998 dimittamus,

474 2010 538 2058 qui
581 2010 729 2045 veniam
771 2016 918 2059 petunt,
970 2009 1057 2057 quia
1102 2015 1136 2044 et
1180 2009 1286 2044 nobis
1330 2009 1477 2045 ueniam
1519 2010 1736 2057 petentibus
1768 2011 1822 2045 a?

474 2068 746 2117 benignissimo
771 2074 888 2116 patre
918 2067 1049 2103 celesti
1070 2066 1212 2102 dimitti
1241 2067 1427 2103 volumus.
1464 2067 1541 2103 Sed
1563 2067 1629 2103 illo
1653 2080 1792 2104 rursus

469 2133 656 2175 precepto
700 2137 771 2173 quo
816 2125 993 2160 iubemur
1036 2137 1154 2161 orare
1192 2137 1270 2173 pro
1315 2125 1476 2160 inimicis
1515 2125 1671 2171 nostris,
1717 2138 1790 2161 non

468 2195 545 2232 pro
579 2184 637 2219 his
669 2183 732 2231 qui
765 2183 913 2219 veniam
942 2190 1079 2231 petunt
1112 2182 1300 2218 iubemur.
1347 2184 1428 2218 Iam
1468 2183 1567 2218 enim
1601 2183 1665 2232 qui
1694 2184 1791 2219 tales

473 2249 573 2287 sunt,
608 2241 750 2276 inimici
781 2253 853 2277 non
886 2248 985 2276 sunt.
1019 2241 1107 2276 Non
1141 2240 1220 2276 ullo
1254 2241 1368 2276 modo
1409 2248 1534 2277 autem
1570 2253 1660 2277 vere
1689 2242 1790 2290 quis-

475 2312 587 2347 quam
622 2299 767 2335 dixerit
808 2311 925 2334 orare
962 2311 1002 2335 se
1029 2311 1106 2348 pro
1140 2311 1194 2342 e0,
1237 2299 1298 2334 cui
1328 2311 1400 2335 non
1433 2299 1638 2348 ignoverit.
1685 2300 1788 2343 Qua-

469 2364 637 2406 propter
660 2357 871 2405 fatendum
911 2363 966 2393 est
1005 2357 1130 2392 omnia
1160 2364 1319 2405 peccata
1354 2358 1577 2392 dimittenda
1611 2369 1692 2393 esse
1720 2369 1790 2406 que

475 2416 510 2450 in
551 2428 618 2451 nos
657 2415 930 2461 admittuntur,
972 2415 1007 2450 si
1043 2415 1220 2451 volumus
1251 2427 1272 2449 a
1300 2422 1417 2463 patre
1449 2415 1592 2450 dimitti
1619 2427 1688 2463 que
1720 2416 1788 2451 ad—

476 2473 673 2508 mittimus.
720 2473 821 2508 Nam
865 2473 911 2508 de
950 2473 1118 2508 vindicta
1156 2473 1335 2521 superius
1374 2474 1432 2521 (ut
1464 2473 1657 2520 arbitror)
1695 2474 1790 2509 satis

476 2531 711 2579 disputatum
746 2537 813 2566 est.
848 2531 931 2566 Hee
963 2530 1221 2578 Augustinus.

542 2703 571 2727 4.
594 2693 631 2720 B:
654 2693 702 2733 vel
721 2694 794 2733 quia
817 2715 823 2721 .
840 2714 868 2721 ..
892 2695 938 2722 vel
957 2695 1041 2729 quia.
1114 2693 1138 2721 5.
1160 2695 1277 2721 Codd.:
1299 2694 1428 2729 cupidus
1448 2694 1496 2721 sit.
1572 2703 1599 2729 ς).
1622 2696 1666 2722 A:
1689 2695 1789 2722 delur.

475 2737 514 2755 ιο.
536 2730 580 2755 Α;
604 2731 635 2755 ut
653 2737 679 2754 st
700 2737 738 2755 ez.
847 2737 886 2756 21.
910 2730 946 2756 13:
969 2730 1079 2756 Peccat
1099 2737 1231 2763 namque
1252 2731 1281 2756 in
1303 2732 1332 2756 te
1347 2732 1470 2764 peccat.
1580 2737 1624 2765 27.
1645 2731 1689 2757 A:
1716 2737 1791 2757 sane

475 2763 573 2790 twice.
649 2763 686 2790 31.
707 2765 750 2790 A:
773 2764 879 2791 celesti
898 2764 990 2791 deest.
1064 2764 1112 2791 36.
1134 2765 1178 2791 A:
1202 2764 1407 2791 dimittuntur.

569 2844 597 2865 2.
626 2835 666 2865 11.
692 2834 783 2865 Tim.
811 2834 849 2874 ΙΙ,
877 2844 930 2875 24.

1810 862 1847 882 10

1809 1141 1844 1172 13)

1806 2301 1845 2332 35
