2003 3322
190 608 252 635 Bad
274 608 354 634 rules
376 609 410 635 of

219 643 373 670 evidence.

170 2003 262 2031 Since
282 2003 414 2031 Christ's

170 2041 226 2067 law
248 2048 310 2066 was
331 2038 419 2072 given

170 2076 199 2102 in
220 2075 269 2102 the
291 2081 415 2101 sermon

171 2118 209 2137 on
231 2111 281 2136 the
303 2109 419 2142 Mount,

229 2145 266 2172 all
288 2144 362 2178 legal

176 2180 351 2214 iudgments
372 2186 421 2205 are

255 2215 336 2242 rash.

893 204 1012 235 opus
1038 204 1376 236 EVANGELicuM
1506 193 1613 246 [CAP-
1635 203 1757 230 xxxii.

447 310 620 346 ducendi
653 311 692 346 in
727 309 910 346 falsitatis
944 309 1221 346 testimonium
1262 310 1340 346 sint
1379 320 1461 347 tam
1496 311 1625 357 multi,
1658 311 1760 348 sicut

448 368 614 416 contigit
637 378 819 416 ternpore
845 367 958 404 Helie
989 369 1035 404 de
1065 367 1342 404 sacerdotibus
1372 369 1480 415 Eaal,
1512 369 1761 417 contingeret

446 426 681 463 Antichristi
722 426 939 474 discipulos
979 425 1233 462 manifestam
1273 426 1488 463 falsitatem
1530 428 1650 463 modo
1688 440 1760 464 suo

447 486 622 533 probare
646 494 683 522 et
704 483 878 521 vicissim
903 485 1076 532 probare
1110 484 1425 521 contradictoria
1448 484 1488 520 in
1512 485 1761 522 contrarium

446 543 654 579 vertitatis,
695 544 773 579 Sed
814 541 1028 579 maledicta
1067 542 1158 578 talis
1195 542 1388 590 probacio
1427 542 1467 578 in
1500 555 1621 591 quam
1656 545 1762 580 Deus

446 614 527 637 non
575 610 706 649 potest
758 609 923 648 propter
974 613 1088 636 suam
1143 600 1360 646 maliciam,
1414 609 1456 636 ut
1508 601 1764 637 adducantur

448 659 645 707 quotlibet
683 667 802 695 testes
841 667 879 694 et
916 671 996 694 una
1036 658 1231 695 medietas
1266 658 1499 695 consenciat
1531 658 1691 695 veritati
1725 667 1762 695 et

448 718 575 754 altera
609 716 841 753 consenciat
872 715 1051 762 falsitati,
1090 728 1193 752 unus
1216 717 1338 753 falsus
1367 716 1479 753 testis
1504 716 1762 753 consenciens

449 775 555 823 parti
579 775 675 811 false
699 776 818 811 habet
841 783 999 811 tantum
1023 775 1146 810 robur
1178 776 1398 811 secundum
1422 775 1529 823 leges
1551 774 1761 811 hominum

447 834 555 882 quod
600 833 694 870 facit
738 841 864 869 totam
912 831 1213 868 multitudinem
1267 832 1578 869 testificancium
1623 842 1764 869 contra

448 894 578 928 Deum
613 900 650 928 et
683 891 861 939 angelos,
895 891 1022 927 immo
1046 899 1184 927 contra
1208 899 1407 939 quotquot
1430 899 1549 927 testes
1572 891 1762 939 privatos,

449 949 516 998 qui
556 961 697 986 omnes
730 957 930 986 testantur
962 948 1172 985 veritatem
1212 949 1371 996 plenam
1397 948 1516 985 fidem
1551 948 1687 995 iudici,
1720 957 1764 985 ut

448 1007 599 1044 iudicet
622 1016 778 1056 partem
802 1007 966 1054 falsam3
999 1008 1068 1043 sed
1096 1019 1180 1043 non
1213 1006 1379 1043 dubium
1415 1007 1513 1055 quin
1546 1006 1764 1044 maledicta

447 1065 497 1102 sit
541 1065 630 1102 talis
682 1066 743 1101 lex
786 1066 1007 1102 secundum
1053 1078 1174 1113 quarn
1223 1065 1343 1101 habet
1389 1077 1463 1102 vox
1506 1064 1623 1101 unius
1669 1064 1764 1101 mali

448 1123 614 1171 spiritus
668 1133 825 1160 tantum
879 1125 1012 1168 robor,
1066 1123 1191 1159 immo
1243 1136 1324 1159 non
1376 1132 1510 1171 posset
1556 1122 1765 1170 patencius

448 1181 656 1218 iustificari
690 1181 883 1218 iudicium
908 1181 1021 1217 Pilati
1058 1190 1199 1218 contra
1222 1180 1441 1217 Dominum
1476 1180 1516 1217 in
1548 1180 1765 1218 iudicando

448 1240 580 1288 ipsum
625 1241 676 1276 ad
721 1249 908 1286 mortem,
954 1239 1050 1288 quia
1094 1248 1249 1275 certum
1295 1248 1353 1276 est
1398 1240 1508 1287 quod
1553 1238 1765 1287 pontifices

448 1307 668 1346 potuerunt
708 1299 856 1335 habere
896 1299 947 1334 ad
985 1297 1144 1334 libitum
1184 1298 1306 1333 falsos
1345 1306 1477 1335 testes.
1520 1299 1623 1333 Nam
1663 1298 1765 1333 Mat-

448 1356 530 1393 thei
562 1358 697 1403 XXVI,
738 1358 789 1393 60
828 1355 1034 1393 scribitur:
1082 1356 1273 1391 Venerunt
1311 1357 1386 1391 duo
1415 1355 1521 1403 salsi
1556 1362 1668 1391 testes
1708 1355 1764 1390 di-

449 1422 595 1451 centes:
650 1415 881 1450 Audivimus
937 1427 1021 1450 eum
1081 1414 1290 1450 dicentem:
1346 1414 1510 1449 Possum
1563 1414 1766 1450 destruere

448 1473 632 1522 templum
666 1474 738 1509 hoc
769 1480 804 1508 et
836 1473 872 1508 in
904 1472 1029 1509 tribus
1062 1472 1194 1508 diebus
1223 1472 1451 1520 reedificare
1482 1471 1592 1507 illud.
1626 1472 1765 1508 Testes

449 1540 582 1568 autem
632 1530 816 1568 moderni
855 1530 1114 1567 falsificantes
1158 1529 1352 1566 iudicium
1400 1530 1490 1578 plus
1536 1529 1765 1577 discrepant

448 1602 469 1626 a
507 1589 676 1626 veritate
710 1590 844 1638 quoad
877 1591 1018 1634 Deum,
1065 1587 1161 1636 quia
1199 1587 1263 1624 isti
1301 1587 1394 1624 licet
1427 1588 1523 1624 false
1563 1586 1765 1624 testificati

448 1647 608 1693 fuerint,
650 1656 787 1684 tamen
825 1646 865 1683 in
898 1646 1028 1684 verbis
1062 1659 1152 1683 cum
1191 1645 1358 1682 veritate
1397 1644 1626 1693 aliqualiter
1671 1657 1763 1681 con-

449 1706 684 1742 cordabant.
719 1707 820 1742 Cum
854 1704 976 1753 igitur
1008 1704 1059 1741 sit
1089 1716 1161 1752 per
1192 1716 1232 1740 se
1264 1712 1406 1740 notum
1440 1703 1625 1739 fidelibus
1656 1704 1766 1752 quod

446 1776 540 1809 non,
586 1763 618 1799 si
662 1763 727 1800 isti
772 1771 892 1800 testes
930 1763 986 1799 sic
1026 1771 1221 1807 asserunt,
1269 1774 1362 1810 ergo
1400 1773 1552 1798 verum.
1598 1761 1667 1798 Illa
1707 1770 1765 1797 est

448 1820 662 1858 maledicta
705 1822 765 1858 lex
809 1833 886 1870 que
924 1820 1138 1857 necessitat
1181 1819 1333 1856 iudicio
1380 1819 1472 1856 huic
1520 1818 1760 1867 impossibili

447 1879 674 1916 consentire
719 1888 756 1915 et
793 1880 970 1915 formare
1014 1891 1130 1914 suum
1177 1877 1369 1914 iudicium
1410 1878 1631 1914 secundum
1681 1886 1763 1914 tam

447 1946 587 1986 patens
622 1937 878 1974 mendacium
912 1936 1160 1974 Antichristi.

506 1998 634 2032 Immo
655 1995 812 2032 videtur
831 1995 1073 2044 quibusdam
1097 1993 1283 2030 fidelibus
1300 1994 1409 2042 quod
1426 2005 1545 2029 omne
1571 1993 1762 2030 iudicium

447 2053 612 2091 viatoris
652 2055 872 2090 secundum
912 2054 1017 2101 leges
1063 2053 1260 2088 humanas
1305 2060 1396 2099 post
1440 2051 1762 2099 publicacionem

449 2112 644 2160 evangelii
677 2111 774 2160 legis
808 2111 956 2148 Christi
990 2112 1037 2147 de
1071 2122 1256 2147 sermone
1280 2109 1443 2146 Domini
1476 2109 1517 2145 in
1548 2118 1682 2146 monte
1715 2109 1764 2146 sit

448 2170 642 2206 iudicium
667 2169 942 2216 temerarium,
976 2169 1056 2205 sive
1084 2168 1203 2205 fuerit
1226 2169 1446 2204 secundum
1471 2167 1576 2215 leges
1600 2168 1764 2215 papales

449 2228 529 2264 sive
570 2229 792 2264 secundum
830 2228 936 2276 leges
982 2226 1224 2275 imperiales,
1270 2225 1351 2262 sive
1390 2227 1612 2262 secundum
1656 2226 1763 2273 leges

1783 856 1822 877 10

1785 1134 1822 1167 15

1783 1436 1824 1457 20

1782 1715 1822 1747 25

448 2286 729 2334 provinciales,
764 2285 859 2334 quia
892 2294 1022 2322 stante
1055 2293 1169 2333 parte
1203 2283 1353 2332 duplici
1388 2297 1561 2332 quarum
1594 2296 1673 2319 una
1706 2292 1764 2320 est
1780 2296 1819 2329 35

447 2344 627 2381 securior
660 2353 697 2380 et
730 2343 993 2392 undiquaque
1032 2342 1187 2389 melior,
1223 2351 1279 2378 est
1318 2342 1579 2378 temerarium
1620 2341 1764 2389 eligere

449 2402 581 2439 minus
612 2404 774 2439 bonum.
810 2403 888 2438 Sed
920 2402 1027 2437 iuxta
1058 2401 1177 2437 fidem
1202 2400 1369 2436 Matthei
1392 2401 1437 2446 V,
1461 2412 1506 2436 10
1535 2408 1591 2436 est
1621 2399 1763 2435 melius

449 2470 486 2497 et
519 2460 697 2497 securius
724 2460 810 2509 pati
841 2460 1005 2495 iniurias
1037 2468 1075 2495 et
1103 2458 1224 2506 gratis
1254 2457 1458 2494 remittere
1494 2458 1764 2506 quodcunque

449 2518 639 2555 delictum
674 2519 825 2554 factum
859 2517 899 2554 in
933 2517 1135 2553 hominem
1170 2516 1295 2552 eciam
1331 2528 1457 2564 usque
1492 2517 1542 2552 ad
1575 2523 1762 2561 mortem,

449 2576 550 2612 sicut
590 2576 683 2612 fecit
716 2575 933 2623 Dominus;
984 2588 1077 2623 ergo
1116 2574 1323 2610 intendere
1363 2573 1433 2610 tali
1473 2572 1624 2610 iudicio
1663 2573 1822 2627 foret40

448 2633 722 2671 temerarium.

519 2803 542 2830 5.
564 2803 606 2829 A:
630 2803 660 2830 ιή
681 2811 751 2837 qud
845 2811 883 2832 ιι).
908 2804 949 2829 Α;
971 2802 1180 2828 leeuerterunt.
1273 2808 1316 2836 27.
1337 2801 1382 2827 A:
1405 2799 1554 2832 iudicem‚·
1574 2799 1595 2825 Β
1616 2799 1759 2826 correxit.

450 2837 494 2864 ἶῑο.
516 2839 543 2865 Α
565 2838 592 2864 iu
617 2846 728 2872 marg-‚1
751 2837 832 2864 Nota
853 2837 1088 2864 conclusionem.
