2062 3327
238 225 285 261 38

244 592 377 618 I'relates
399 590 510 617 should

265 630 381 661 protect
399 625 477 652 their

235 662 313 688 ilock
329 661 408 688 from
422 660 512 695 being

288 695 403 723 robbed
427 695 465 730 by

283 731 463 765 pardoners

243 882 310 909 The
331 890 411 916 pope
431 881 501 908 sells

236 917 318 944 wlmt
340 917 375 943 lie
399 920 511 943 cannot

311 951 435 979 delivcr.

245 1579 290 1605 Hc
311 1583 421 1605 cannot
441 1586 514 1605 even

270 1614 344 1648 keep
366 1614 492 1640 himself

281 1654 333 1675 out
354 1649 388 1676 of
406 1649 474 1676 hell.

276 2263 320 2290 He
342 2263 366 2289 is
389 2263 439 2289 but
461 2272 475 2289 a

302 2298 404 2324 herald
427 2306 461 2324 ‹›r

329 2333 434 2360 bedell.

946 232 1064 264 opus
1090 232 1429 264 EVANGELICUM
1650 218 1756 276 [CAP.
1777 229 1843 257 XII.

526 339 652 376 eciam
702 339 987 387 spoliancium,
1034 338 1128 386 quia
1174 338 1342 374 Matthei
1375 340 1420 383 V,
1459 339 1475 374 5
1514 338 1609 375 dicit
1642 339 1843 376 Christus:

524 399 637 434 Beati
668 398 730 446 qui
762 398 908 448 lugent,
943 406 980 432 et
1021 396 1140 433 infra:
1184 397 1297 432 Beati
1327 397 1390 445 qui
1427 397 1600 433 esuriunt
1638 405 1673 433 et
1710 397 1847 434 siciunt

525 456 726 500 iusticiam,
761 464 797 491 et
830 455 951 491 infra:
992 455 1105 490 Beati
1142 455 1426 502 misericordes,
1458 454 1615 492 videtur
1649 456 1702 492 eis
1739 457 1847 505 quod

525 514 626 550 foret
658 526 759 562 opus
794 512 1070 549 misericordie
1103 512 1312 549 veritatem
1355 512 1447 549 fidei
1482 514 1667 561 detegere
1700 513 1740 550 in
1773 515 1847 551 hac

526 580 653 620 parte.
689 574 796 619 Papa
843 580 976 608 autem
1023 583 1104 607 non
1149 571 1268 607 habet
1311 579 1552 618 potestatem
1586 572 1685 609 tales
1718 572 1881 608 indul-5

527 629 687 678 gencias
720 643 794 678 pro
819 638 900 666 tam
925 629 992 665 vili
1016 629 1153 677 precio
1178 629 1443 676 concedendi,
1477 629 1566 666 ideo
1592 643 1682 666 cum
1716 630 1847 667 littere

526 689 586 725 vel
611 688 716 724 bulle
741 688 913 724 adducte
936 700 1018 724 non
1051 696 1143 723 sunt
1176 687 1274 723 fides
1309 687 1522 734 catholica,
1556 688 1597 724 in
1629 689 1703 725 hac
1735 697 1848 737 parte

527 755 660 783 movet
693 746 780 782 illos
814 747 991 794 prelatos
1036 745 1209 782 discolos
1258 746 1358 782 tales
1391 745 1542 782 reicere
1577 755 1614 783 et
1645 760 1727 783 non
1760 759 1849 795 per—

526 804 685 841 mittere
720 817 786 841 eos
819 816 1017 852 pauperes
1050 816 1119 840 sue
1142 803 1334 852 parochie
1367 803 1555 852 spoliare.

584 862 793 909 Similiter,
830 875 891 899 res
926 862 1150 911 corporalis
1185 871 1547 911 quantumcunque
1580 863 1692 911 parvi
1725 863 1850 911 precii
1870 875 1909 896 10

528 934 608 957 non
642 922 759 957 debet
793 920 870 957 emi
916 920 991 957 nisi
1037 933 1127 957 cum
1173 920 1248 957 ista
1293 921 1516 969 prudencia
1549 923 1659 970 quod
1692 930 1850 969 emptor

527 981 574 1015 de
597 979 759 1015 vendito
783 978 1046 1027 probabiliter
1076 978 1125 1015 sit
1148 991 1328 1026 securus,
1363 980 1431 1015 sed
1464 992 1569 1027 papa
1603 992 1684 1016 non
1717 989 1850 1028 potest

525 1050 757 1074 assecurare
797 1037 972 1086 aliquem
1007 1038 1114 1085 quod
1144 1046 1235 1085 post
1265 1046 1438 1074 mortem
1473 1038 1535 1073 vel
1569 1047 1661 1074 ante
1694 1047 1849 1075 tantam

526 1095 824 1143 indulgenciam
850 1095 1026 1142 habebit,
1056 1095 1146 1131 ideo
1174 1095 1437 1143 probabiliter
1461 1104 1518 1132 est
1548 1096 1627 1132 tale
1651 1109 1850 1133 commer-

527 1154 631 1190 cium
679 1154 980 1191 dimittendum.
1027 1156 1137 1202 Papa
1182 1154 1287 1190 enim
1340 1154 1466 1190 nescit
1512 1155 1559 1190 de
1603 1154 1740 1203 aliquo
1778 1155 1908 1191 nec15

526 1212 651 1248 eciam
700 1213 747 1248 de
791 1225 831 1249 se
876 1212 964 1260 ipso
1011 1211 1041 1248 si
1087 1212 1137 1248 sit
1181 1212 1484 1260 predestinatus
1518 1225 1539 1248 a
1573 1213 1748 1249 Domino
1792 1214 1853 1250 vel

526 1270 741 1318 prescitus;
759 1273 867 1319 quod
883 1270 914 1306 si
932 1270 1127 1318 prescitus
1150 1270 1281 1316 fuerit,
1305 1283 1388 1307 non
1411 1279 1577 1307 currunt
1601 1271 1700 1307 tales
1723 1271 1853 1308 indul-

527 1328 664 1377 gencie
688 1337 828 1365 contra
851 1328 1155 1365 ordinacionem
1182 1328 1345 1365 Domini
1367 1328 1600 1377 oppositum
1625 1329 1854 1367 eternaliter

529 1387 770 1423 ordinantis.
805 1389 897 1423 Ideo
932 1400 1022 1423 cum
1057 1400 1163 1435 papa
1208 1399 1289 1423 non
1322 1395 1455 1435 potest
1488 1388 1728 1435 generaliter
1761 1400 1853 1436 pro-

530 1458 671 1482 curare
714 1446 814 1482 tales
858 1445 1135 1493 indulgencias
1169 1445 1243 1482 sibi
1289 1445 1378 1493 ipsi,
1427 1455 1483 1482 est
1518 1446 1653 1482 multis
1688 1446 1852 1483 evidens
1870 1455 1912 1476 20

531 1505 639 1552 quod
691 1504 787 1540 talia
841 1503 1086 1540 commercia
1140 1505 1187 1539 de
1241 1503 1474 1551 symoniaca
1520 1503 1709 1552 cupidine
1761 1513 1853 1541 sunt

531 1571 729 1610 suspecta.
763 1564 853 1598 Non
886 1562 991 1598 enirn
1026 1564 1159 1598 obstat
1193 1561 1284 1598 fidei
1314 1562 1375 1598 vel
1398 1562 1663 1610 probabiliter
1694 1562 1852 1599 veritati

532 1622 641 1669 quod
687 1620 802 1656 multi
845 1633 948 1668 pape
994 1620 1062 1668 qui
1107 1629 1390 1657 concesserunt
1437 1620 1651 1657 verbaliter
1696 1622 1851 1669 amplas

530 1678 806 1726 indulgencias
851 1687 943 1715 sunt
988 1678 1210 1726 dampnati.
1271 1679 1485 1724 Quomodo
1538 1691 1632 1726 ergo
1685 1688 1851 1727 possunt

531 1737 743 1773 defendere
776 1749 867 1773 suas
900 1736 1175 1785 indulgencias
1209 1749 1346 1773 coram
1380 1737 1489 1773 Deo?
1867 1737 1907 1769 25

589 1795 795 1841 Similiter,
830 1798 1038 1831 assistente
1072 1795 1173 1831 duce
1212 1795 1272 1831 vel
1313 1794 1460 1831 comite
1499 1794 1581 1842 regi
1622 1803 1780 1831 terreno
1814 1805 1851 1832 et

531 1866 622 1902 rege
654 1853 881 1889 libertatem
928 1854 987 1889 vel
1033 1853 1140 1889 aliud
1189 1852 1442 1901 privilegium
1491 1854 1736 1890 concedente
1768 1866 1850 1890 non

532 1924 575 1947 ex
620 1912 696 1947 hoc
741 1911 913 1948 infertur
958 1912 1067 1960 quod
1113 1912 1190 1947 dux
1238 1912 1298 1948 vel
1345 1924 1477 1947 comes
1522 1911 1749 1948 libertatem
1788 1913 1849 1949 vel

531 1969 784 2017 privilegium
819 1969 918 2005 illud
964 1970 1207 2006 concesserit
1252 1971 1321 2005 sed
1354 1969 1494 2017 pocius
1525 1971 1633 2018 quod
1667 1979 1726 2006 est
1759 1983 1849 2018 pro-

531 2027 618 2076 pria
652 2027 758 2075 regie
793 2027 991 2075 dignitati.
1028 2028 1127 2063 Cum
1154 2040 1248 2075 ergo
1274 2027 1455 2064 Christus
1489 2027 1537 2064 sit
1570 2040 1635 2064 rex
1668 2028 1850 2064 infinitus
1867 2029 1908 2061 30

530 2098 773 2134 quocunque
803 2099 907 2134 papa
937 2086 1121 2134 superior
1145 2099 1265 2134 quam
1292 2098 1357 2122 rex
1380 2095 1561 2122 terrenus
1586 2095 1643 2122 est
1666 2086 1850 2135 superior

531 2144 677 2180 comite
711 2144 791 2180 sive
815 2145 928 2190 duce,
952 2144 1109 2180 videtur
1142 2144 1267 2180 multo
1293 2143 1521 2181 evidencius
1555 2146 1662 2192 quod
1696 2153 1850 2193 spectat

531 2203 581 2238 ad
615 2201 687 2238 Dei
721 2202 1068 2249 magnificenciam
1116 2203 1335 2239 concedere
1374 2202 1630 2250 singulariter
1662 2202 1739 2239 ista
1772 2202 1850 2251 pri-

531 2260 674 2306 vilegia
717 2260 779 2296 vel
824 2260 951 2297 eciam
997 2260 1215 2298 libertates.
1260 2263 1349 2297 Non
1395 2261 1501 2296 enim
1546 2260 1576 2296 si
1625 2273 1745 2309 preco
1790 2262 1850 2298 vel

532 2318 709 2354 bedellus
743 2319 987 2367 pronunciat
1031 2319 1329 2355 concessionem
1371 2319 1539 2355 liberam
1586 2319 1647 2355 sui
1681 2319 1905 2370 domini,35

532 2376 713 2424 sequitur
739 2389 781 2412 ex
806 2378 880 2413 hoc
904 2378 1013 2425 quod
1037 2377 1102 2413 ille
1131 2390 1266 2414 servus
1290 2377 1346 2414 sic
1368 2377 1642 2426 pronuncians
1666 2378 1849 2414 concedit

534 2434 767 2471 huiusmodi
808 2435 1050 2473 libertatem.
1097 2436 1223 2472 Multo
1270 2436 1397 2483 magis
1442 2448 1536 2483 ergo
1570 2435 1602 2471 si
1637 2436 1721 2472 sine
1755 2449 1848 2473 auc-

534 2492 698 2528 toritate
754 2494 815 2529 vel
860 2493 1028 2530 licencia
1079 2494 1395 2541 promulgaverit
1441 2493 1641 2530 contrarie
1684 2494 1847 2531 Domini

531 2551 742 2586 voluntati.
778 2553 824 2587 Et
858 2551 897 2587 in
938 2552 1012 2587 isto
1046 2564 1140 2588 casu
1179 2560 1269 2588 sunt
1308 2552 1578 2588 communiter
1610 2552 1722 2589 venie
1756 2565 1849 2589 con-

534 2621 722 2645 cessores,
1860 2620 1907 2652 40

602 2752 627 2778 7.
645 2745 686 2771 A:
705 2744 840 2771 addz‘cte.
916 2745 1038 2772 10.Ai11
1056 2753 1204 2780 margaff
1290 2744 1327 2772 13.
1348 2746 1392 2773 A:
1414 2746 1497 2780 quod
1512 2748 1625 2780 potest.
1700 2747 1745 2773 26.
1769 2746 1795 2773 A
1817 2746 1845 2773 iu

534 2786 646 2813 marga
670 2786 701 2812 4.
775 2787 821 2814 29.
846 2780 866 2806 Β
888 2780 964 2807 illud
984 2780 1115 2807 correxit
1136 2780 1182 2806 in:
1205 2780 1301 2807 allud.

605 2864 633 2894 3.
662 2862 778 2893 Mattb.
807 2863 846 2901 V,
875 2874 905 2905 7.
