2003 3322
213 214 301 241 CAP.
323 205 479 259 xxva]
723 217 865 248 PRIMA
891 218 1016 249 PARS.

663 330 801 373 CAP.
835 332 1078 373 XXXVI.

270 437 459 486 Sequitur
491 438 533 474 in
565 446 673 474 textu
712 438 924 486 evangelii:
963 439 1137 476 Audistis
1175 439 1261 488 quia
1295 440 1439 475 dictum
1473 448 1529 477 est

212 496 396 544 antiquis.-
440 496 526 532 Non
573 496 734 532 occides.
790 497 866 541 Qui
911 504 1036 533 autem
1085 497 1268 533 occiderit
1315 510 1404 534 reus
1455 499 1527 534 erit

212 554 364 590 iudicio.
398 554 489 604 Ego
521 562 647 590 autem
682 555 766 590 dico
799 555 904 590 vobis
936 555 1022 604 quia
1065 556 1188 591 omnis
1236 555 1301 604 qui
1344 556 1528 592 irascitur

180 616 196 648 5
203 612 338 660 fratri
366 624 434 648 suo
467 624 557 648 reus
588 612 662 648 erit
693 612 845 662 iudicio,
878 613 942 661 qui
974 625 1065 649 vero
1100 613 1250 649 dixerit
1271 614 1406 662 fratri
1436 626 1527 650 suo:

211 670 358 712 Racha,
404 682 492 706 reus
529 670 603 706 erit
641 670 823 715 concilio,·
862 671 927 719 qui
956 678 1106 707 autem:
1147 672 1283 717 Fatue,
1331 684 1421 707 reus
1454 672 1528 708 erit

210 727 383 777 gehenne
415 728 527 778 ignis.

269 785 397 833 Super
447 798 527 834 quo
579 785 847 834 Augustinus:
908 787 1011 830 Quid
1063 787 1221 823 interest
1272 787 1373 823 i·nte2
1416 799 1523 823 reum

1741 222 1816 259 127

1586 797 1770 831 Augustino.

211 843 351 879 iudicio
384 851 419 879 et
452 856 559 879 reum
601 844 760 880 concilio
800 851 835 880 et
873 857 981 880 reum
1026 845 1202 895 gehenne
1245 845 1378 895 ignis?
1421 845 1522 881 Nam
1539 853 1606 881 The
1627 855 1751 890 degress
1771 855 1807 882 of

158 915 196 936 10
212 900 282 936 hoc
309 908 551 949 postremum
583 902 864 952 gravissimum
909 910 1020 938 sonat
1066 910 1102 939 et
1144 903 1326 939 admonet
1368 904 1523 953 gradus

211 960 395 1006 quosdam
423 960 560 1008 factos
604 972 625 995 a
671 960 879 996 levioribus
916 961 969 995 ad
1007 961 1157 996 maiora
1208 961 1269 997 vel
1316 961 1522 1011 graviora,

212 1017 330 1052 donec
361 1017 413 1052 aa'
442 1018 658 1067 gehennam
693 1017 795 1067 ignis
828 1018 1036 1054 veniretur.
1073 1019 1122 1054 Et
1156 1018 1242 1055 ideo
1273 1019 1371 1054 sicut
1404 1019 1524 1055 levius

211 1082 266 1110 est
302 1073 383 1111 es'se
414 1087 521 1110 reum
555 1075 694 1111 iudicio
726 1087 839 1124 quam
873 1076 1046 1123 concilio,
1085 1076 1136 1112 ita
1171 1076 1293 1112 levius
1326 1084 1381 1113 est
1414 1089 1521 1113 reum

210 1133 368 1168 concilio
401 1145 513 1181 quam
547 1133 649 1183 ignis
679 1134 865 1183 gehenne,
899 1134 1022 1184 igitur
1054 1141 1207 1183 oportet
1239 1141 1279 1169 ut
1302 1135 1422 1171 levius
1445 1147 1525 1171 esse

156 1189 453 1240 15intelligatur
484 1191 603 1226 irasci
639 1191 720 1227 sine
756 1204 872 1227 causa
903 1192 1037 1240 fratri
1066 1204 1179 1241 quam
1215 1192 1343 1229 dicere
1375 1194 1524 1240 Racha,

209 1255 244 1284 et
277 1261 415 1284 rursus
448 1249 567 1285 levius
600 1261 679 1285 esse
725 1249 854 1285 dicere
886 1250 1020 1285 Racha
1065 1262 1177 1298 quam
1227 1251 1357 1286 dicere
1386 1251 1521 1287 Fatue.

210 1306 297 1341 Non
341 1306 439 1342 enim
480 1313 613 1343 reatus
664 1307 743 1356 ipse
786 1307 946 1343 haberet
989 1309 1157 1358 gradus,
1203 1308 1277 1344 nisi
1317 1309 1521 1359 gradatim

210 1364 328 1400 eciam
354 1371 515 1413 peccata
548 1372 960 1402 commemorarentur.

275 1422 397 1457 Unum
430 1429 556 1458 autem
590 1423 650 1458 hic
684 1423 841 1458 verbum
875 1424 1079 1459 obscurum
1108 1424 1277 1473 positum
1324 1430 1391 1469 est,
1436 1425 1521 1472 quia

152 1493 193 1514 20
209 1491 276 1515 nec
295 1480 463 1516 Grecum
497 1488 551 1516 est
583 1493 649 1516 nec
681 1481 876 1527 Latinum,
910 1481 1055 1517 scilicet
1086 1482 1234 1527 Racha,
1268 1489 1395 1517 cetera
1431 1494 1521 1518 vero

208 1537 243 1572 in
274 1549 453 1574 sermone
484 1545 615 1574 nostro
649 1539 787 1574 usitata
820 1546 918 1574 sunt.
954 1539 1143 1575 Nonnulli
1168 1547 1295 1575 autem
1320 1540 1367 1575 de
1394 1540 1520 1576 Greco

207 1595 366 1631 trahere
398 1596 601 1632 voluerunt
632 1597 995 1645 interpretacionem
1028 1598 1140 1633 huius
1183 1598 1299 1644 vocis,
1340 1605 1522 1646 putantes

202 1665 419 1701 pannosum
454 1654 530 1690 dici
550 1655 697 1701 Racha,
732 1655 819 1703 quia
847 1655 972 1691 Grece
997 1668 1151 1704 pannus
1173 1656 1328 1691 Rachos
1361 1655 1523 1692 dicitur:

209 1723 230 1746 a
263 1712 396 1759 quibus
427 1718 553 1747 tamen
587 1725 671 1748 cum
705 1713 880 1760 queritur
912 1713 1004 1761 quid
1036 1713 1191 1749 dicatur
1218 1714 1342 1749 Grece
1368 1726 1517 1762 panno-

151 1774 190 1806 25
206 1780 283 1815 sus,
317 1782 388 1805 non
422 1770 654 1818 respondent
686 1771 842 1814 Racha;
874 1771 1010 1806 deinde
1038 1778 1170 1819 posset
1203 1772 1369 1807 Latinus
1400 1771 1518 1807 inter-

201 1839 296 1875 pres
329 1827 392 1862 ubi
416 1828 548 1876 posuit
579 1828 727 1874 Racha,
755 1840 971 1877 pannosum
1006 1841 1155 1877 ponere
1198 1842 1265 1865 nec
1310 1829 1367 1864 uti
1404 1830 1519 1866 verbo

207 1885 308 1932 quod
339 1892 374 1920 et
406 1886 441 1921 in
474 1886 614 1921 Latina
648 1886 782 1936 lingua
822 1887 968 1922 nullum
1008 1887 1057 1923 sit
1096 1894 1130 1923 et
1169 1887 1205 1922 in
1243 1888 1370 1923 Greca
1404 1888 1518 1923 inusi-

206 1949 338 1978 tatum.
374 1944 617 1980 Probabilius
639 1951 694 1980 est
715 1956 812 1994 ergo
836 1945 937 1992 quod
953 1945 1087 1980 audivi
1106 1957 1128 1980 a
1151 1946 1316 1993 quodam
1349 1946 1519 1992 Hebreo,

207 2012 292 2036 cum
325 2001 365 2036 id
396 2001 700 2051 interrogassem
712 2016 724 2046 ;
757 2002 857 2037 dixit
889 2002 987 2038 enim
1022 2014 1150 2039 vocem
1184 2015 1257 2039 non
1300 2003 1518 2054 signantem

150 2064 191 2096 30
206 2058 352 2107 aliquid
381 2060 450 2095 sed
481 2059 719 2110 indignantis
750 2060 870 2095 animi
900 2067 1043 2096 motum
1084 2061 1376 2110 exprimentem.
1426 2060 1519 2098 Has

206 2116 491 2153 interiecciones
546 2117 800 2167 grammatici
863 2125 999 2154 vocant
1052 2119 1271 2167 particulas
1327 2119 1519 2155 oracionis

205 2171 466 2224 significantes
498 2175 680 2211 commoti
724 2175 844 2211 animi
886 2177 1077 2224 affectum,
1123 2177 1225 2212 velut
1257 2189 1341 2212 cum
1376 2176 1519 2212 dicitur

205 2243 226 2266 a
260 2232 410 2268 dolente
440 2232 542 2279 Heu,
581 2234 642 2269 vel
678 2233 723 2268 ab
762 2233 950 2269 irascente
984 2234 1096 2270 Hem.
1150 2235 1233 2278 Que
1270 2246 1380 2270 voces
1425 2247 1516 2283 qua-

207 2301 367 2338 rumque
401 2291 625 2341 linguarum
663 2298 751 2327 sunt
785 2292 949 2340 proprie
986 2304 1053 2327 nec
1096 2292 1131 2327 in
1175 2292 1292 2327 aliam
1339 2292 1515 2342 linguam

150 2346 322 2394 35sacile
353 2348 661 2396 trannsferuntui
722 2349 804 2392 Que
835 2361 952 2385 causa
986 2350 1113 2398 utique
1144 2350 1270 2414 coegit
1301 2357 1377 2386 tam
1393 2320 1515 2387 &Gre-

205 2416 289 2440 cum
338 2406 585 2455 interpretem
633 2418 745 2454 quam
791 2407 971 2442 Latinum
1018 2419 1146 2444 vocem
1193 2408 1315 2457 ipsam
1355 2420 1516 2457 ponere,

205 2473 289 2498 cum
323 2464 511 2512 quomodo
545 2476 627 2500 eam
661 2471 991 2513 interpretaretur
1022 2477 1094 2501 non
1127 2465 1326 2502 inveniret.

273 2644 300 2672 6
323 2644 360 2671 B:
382 2645 437 2680 qui
453 2653 537 2672 vero.
624 2644 652 2672 8.
674 2646 703 2673 Α
722 2645 751 2673 in
774 2654 870 2681 marg.
882 2655 888 2662 ·
909 2645 1114 2681 Augustinus
1207 2655 1241 2674 11.
1262 2648 1307 2674 A:
1328 2647 1450 2674 maiora
1469 2648 1518 2674 vel

204 2679 298 2706 deest.
390 2687 428 2707 12.
450 2680 493 2707 A.
514 2679 584 2707 ideo
603 2688 639 2706 sz.
732 2689 774 2714 14.
795 2682 840 2708 A:
843 2666 895 2708 z>ut
914 2666 1008 2708 deest.
1101 2681 1142 2709 16.
1163 2681 1208 2709 A:
1237 2681 1344 2709 Racha
1364 2697 1397 2702 —
1418 2681 1517 2709 Fatue

204 2713 297 2741 deest.
368 2713 414 2750 37.
436 2714 474 2741 B:
497 2722 562 2741 cum
581 2722 640 2750 quo
661 2723 738 2742 eam.

273 2795 303 2817 2.
329 2785 448 2818 Matth.
475 2787 516 2826 V,
544 2796 597 2818 21.
716 2786 748 2818 8.
775 2788 808 2819 S.
835 2788 1018 2829 AugustIni
1046 2788 1097 2820 De
1124 2798 1286 2820 sermone
1312 2789 1453 2820 Domini
1480 2789 1515 2820 in

202 2839 331 2871 monte,
359 2832 380 2863 1.
408 2843 434 2864 c.
462 2843 493 2875 p.
527 2843 599 2874 174.

1551 875 1802 917 condemnation.
