2003 3322
199 197 287 225 CAP.
317 185 410 243 v111.]
680 199 889 230 SECUNDA
919 198 1043 229 PARS.

191 306 322 358 ydola
354 306 546 342 insensata
578 317 649 354 que
681 317 748 340 nec
780 304 916 340 audire
943 311 1106 353 possunt
1138 315 1204 339 nec
1238 304 1333 339 dare
1356 315 1514 352 respon-

198 376 304 407 sum,·
346 364 441 399 iuste
480 375 577 412 ergo
618 363 681 398 diu
722 362 893 398 clamant
931 362 995 397 ubi
1025 362 1088 410 qui
1119 361 1307 397 exaudiat
1339 374 1412 397 non
1446 369 1512 397 est.

200 422 415 470 Propterea
448 433 531 456 cum
564 421 786 456 sacerdotes
821 420 923 455 Baal
953 420 1004 455 (ια’
1032 420 1136 455 Deos
1177 431 1266 455 suos
1301 419 1516 455 clamarent

194 486 362 528 propter
389 478 581 528 sacrificia
606 478 865 514 comburenda
890 478 1070 513 deridens
1093 489 1156 512 eos
1178 476 1317 513 Helias
1347 477 1516 512 dicebat:

167 535 393 583 §clamata
438 537 608 572 clamate
633 535 814 584 fortiter.
860 536 1043 571 Forsitan
1090 534 1186 570 enim
1228 534 1426 570 dormiunt
1466 535 1519 569 dii

200 595 331 637 vestri,
375 594 429 630 sic
461 601 497 630 et
529 594 643 629 modo
676 593 786 642 quasi
818 593 1069 629 dormientem
1105 593 1230 628 Deum
1265 599 1423 628 accusat
1455 593 1519 641 qui

201 652 418 688 oracionem
463 664 572 687 suam
619 652 737 701 longo
775 663 954 687 sermone
986 650 1250 700 prosequitur.
1298 650 1378 686 Scit
1417 650 1514 685 enim

195 717 313 759 pater
351 717 477 745 vester
507 709 599 758 quid
631 709 736 745 vobis
769 709 1026 745 necessarimn
1060 708 1108 743 sit
1139 715 1342 755 antequam
1371 708 1516 756 petatis

201 779 296 803 eum.
331 767 374 802 Si
404 779 500 817 ergo
519 767 796 816 precognoscit
819 767 908 815 quid
932 767 1119 811 volumus,
1153 777 1225 800 non
1249 765 1333 801 ideo
1356 777 1515 801 oramus

149 832 239 860 10ut
272 825 541 874 exprimamus
574 825 658 860 Deo
690 825 782 873 quid
814 825 991 860 volumus
1022 824 1091 859 sed
1122 830 1162 858 ut
1189 822 1391 872 placemus
1430 835 1513 859 eum

196 890 379 932 prestare
409 883 512 931 quod
544 882 811 918 desideramus
844 882 915 918 etsi
946 883 1053 918 Deus
1080 881 1300 930 placandus
1335 888 1401 927 est,
1442 893 1514 917 non

202 941 407 986 docendus,
441 953 514 976 non
547 947 601 976 est
633 940 667 976 ei
693 940 910 976 necessaria
943 941 1061 990 longa
1087 938 1269 975 nat-racio
1292 940 1361 975 sed
1384 939 1515 975 volun-

201 1006 271 1034 tas.
308 999 391 1034 Hec
425 997 711 1036 Crisostomus.

260 1057 337 1092 Ista
376 1055 577 1092 sentencia
617 1055 734 1091 huius
768 1054 896 1091 sancti
943 1064 999 1090 est
1042 1067 1221 1092 consona
1266 1053 1514 1103 supradicte3

149 1113 275 1150 15nec
304 1113 485 1161 sequitur
519 1113 550 1149 si
583 1113 719 1149 omnia
752 1125 828 1161 que
862 1113 1044 1149 evenient
1077 1115 1125 1150 de
1157 1112 1396 1150 necessitate
1431 1124 1516 1148 eve-

203 1171 325 1216 nient,
360 1180 456 1207 tunc
478 1183 559 1207 non
584 1171 740 1219 expedit
763 1170 819 1207 sic
843 1182 972 1216 orare,
1007 1183 1097 1207 cum
1122 1183 1166 1208 ex
1189 1171 1266 1207 isto
1290 1170 1517 1206 formaliter

203 1228 370 1265 infertur
403 1229 656 1277 oppositum3
690 1228 792 1265 sicut
825 1228 929 1264 enirn
971 1228 1136 1277 quidam
1177 1230 1321 1266 docent
1361 1240 1404 1264 ex
1442 1228 1517 1264 isto

204 1286 415 1335 principio,
463 1286 645 1335 sequitur
683 1287 791 1335 quod
829 1286 1035 1334 negociari
1076 1296 1238 1335 oportet
1271 1295 1390 1334 atque
1424 1298 1517 1322 con-

204 1345 347 1390 sulere,
381 1344 482 1380 sicut
514 1353 675 1392 oportet
709 1344 891 1382 homines
925 1345 1068 1381 mereri
1103 1354 1139 1381 et
1172 1357 1340 1393 peccare
1373 1353 1410 1380 et
1441 1344 1517 1380 sal-

148 1415 189 1435 20
203 1402 286 1438 vari
321 1402 494 1438 finaliter
532 1411 567 1439 et
607 1402 819 1451 dampnari
853 1403 1023 1448 salubre,
1059 1416 1153 1451 ergo
1187 1412 1244 1440 est
1276 1414 1391 1439 orare
1425 1414 1515 1438 cum

206 1460 494 1506 moderamine,
542 1473 631 1496 cum
672 1473 742 1508 per
781 1461 856 1497 hoc
895 1469 987 1497 sunt
1026 1461 1208 1497 homines
1249 1459 1434 1508 dispositi
1468 1461 1517 1496 ad

206 1519 441 1554 merendum
477 1526 514 1554 et
547 1527 705 1566 tempus
739 1520 838 1555 bene
871 1528 1074 1566 occupant
1107 1521 1328 1567 quodcum
1353 1517 1517 1566 paribus

204 1577 471 1623 expenderent
510 1575 550 1612 in
589 1575 818 1613 insolenciis
856 1576 931 1612 nisi
965 1576 1097 1613 taliter
1130 1585 1352 1614 exorarent.
1396 1575 1515 1612 Vivat

205 1646 298 1681 ergo
336 1633 465 1670 viator
503 1633 625 1670 vitam
659 1633 803 1670 iustam
838 1644 879 1670 ut
914 1644 1115 1671 mereatur
1148 1634 1289 1683 spiritu
1322 1633 1393 1670 Dei
1427 1633 1517 1670 duci

147 1692 185 1725 25
205 1700 241 1728 et
279 1700 372 1728 tunc
405 1694 512 1728 Deus
552 1693 668 1728 docet
707 1692 782 1728 sibi
821 1702 968 1741 quante
1008 1701 1044 1729 et
1078 1692 1252 1741 qualiter
1285 1691 1340 1729 sie
1372 1691 1516 1728 orabit.

707 1850 846 1892 CAP.
879 1851 1013 1892 VIII.

262 1945 450 1993 Sequitur
482 1945 523 1981 in
555 1954 661 1981 textu
694 1945 906 1993 evangelii:
956 1946 1019 1982 Sic
1051 1946 1147 1982 enim
1182 1947 1361 1983 orabitis:
1399 1947 1519 1983 Pater

205 2010 334 2039 noster
366 2003 429 2051 qui
460 2015 498 2039 es
530 2004 565 2038 in
599 2004 693 2046 celo,
726 2003 989 2054 sanctificetur
1021 2016 1155 2040 nomen
1189 2011 1308 2041 tuum.

263 2062 390 2109 Super
435 2074 513 2109 quo
558 2060 823 2109 Augustinus:
876 2061 971 2098 Cum
1018 2062 1053 2097 in
1098 2062 1201 2097 omni
1245 2062 1519 2111 deprecacione

148 2123 189 2154 30
204 2119 468 2154 benevolencia
502 2119 579 2154 eius
612 2119 850 2155 concilianda
873 2119 923 2155 sit
945 2131 1052 2168 quem
1078 2120 1348 2168 deprecamur,
1383 2120 1518 2155 deinde

205 2176 404 2212 dicendum
443 2177 534 2224 quid
573 2177 839 2225 deprecemur,
880 2178 932 2212 ad
971 2178 1123 2213 laudem
1163 2177 1281 2226 ipsius
1325 2178 1377 2213 ad
1408 2189 1515 2226 quem

205 2234 335 2270 oracio
386 2234 574 2284 dirigitur
616 2235 713 2270 solet
751 2235 1017 2270 benevolencia
1057 2235 1260 2271 conciliari
1296 2243 1331 2271 et
1369 2236 1440 2271 hoc
1481 2235 1516 2270 in

205 2292 398 2327 oracionis
438 2292 632 2340 principio
672 2292 768 2341 poni
809 2292 918 2339 solet⁷
967 2292 1002 2328 in
1048 2305 1119 2341 quo
1165 2293 1342 2330 dominus
1386 2301 1518 2329 noster

204 2349 298 2384 nihil
329 2349 436 2384 aliud
468 2361 535 2385 nos
567 2350 675 2385 iussit
708 2350 835 2386 dicere
867 2350 940 2387 nisi
970 2350 1089 2386 Pater
1122 2358 1252 2386 noster
1282 2358 1349 2387 etc.
1390 2351 1518 2386 Multa

149 2410 187 2442 ‘55
206 2407 306 2443 dicta
344 2414 431 2442 sunt
470 2407 505 2442 in
547 2407 699 2443 laudem
733 2408 809 2443 Dei
845 2420 914 2456 que
940 2420 1016 2457 per
1048 2420 1177 2444 omnes
1209 2416 1363 2444 sanctas
1395 2409 1518 2457 scrip-

205 2472 313 2500 turas
357 2465 465 2500 varie
509 2465 656 2514 lateque
701 2466 839 2514 diffiisa
873 2466 1021 2515 poterit
1059 2466 1214 2514 quisque
1258 2466 1518 2513 considerare,

273 2629 298 2648 2.
319 2622 363 2648 A:
387 2621 456 2649 dum
477 2622 613 2649 clamant
630 2622 686 2649 vir.
796 2630 837 2655 14.
859 2622 887 2649 A
907 2621 936 2649 in
960 2629 1073 2657 marg:
1101 2621 1271 2649 lohannes.
1382 2622 1418 2650 15.
1439 2623 1468 2650 A
1489 2622 1519 2650 in

204 2663 301 2690 marg.
313 2665 319 2683 :
338 2655 427 2691 Quod
439 2657 542 2684 omnia
557 2664 616 2692 que
629 2657 770 2684 evenient
784 2657 820 2684 de
832 2656 1015 2684 necessitate
1028 2656 1180 2684 evenient.
1253 2664 1301 2692 29.
1313 2657 1341 2684 A
1355 2657 1386 2684 in
1402 2665 1498 2692 marg.
1511 2667 1517 2684 ε

204 2690 403 2727 Augustinus.

278 2771 330 2803 27.
365 2762 485 2793 Matth.
512 2763 568 2802 VI,
601 2773 631 2805 9.
761 2772 813 2806 29.
852 2763 902 2794 De
941 2773 1103 2794 sermone
1140 2763 1281 2795 Domini
1319 2763 1353 2794 in
1391 2769 1520 2803 monte,

206 2807 227 2839 l.
253 2817 281 2839 c.
308 2818 341 2850 p.
369 2807 444 2840 206.

1724 189 1802 236 267

1575 2067 1764 2102 Augustine:

1544 2101 1648 2129 Christ
1669 2103 1792 2129 teaches

1550 2145 1585 2163 us
1607 2141 1638 2164 to
1659 2136 1787 2163 address

1574 2170 1642 2198 God
1666 2179 1698 2198 as
1719 2179 1776 2198 our

1613 2206 1734 2233 Father.
