2003 3322
159 260 247 287 οΑι).
270 250 394 304 xvm]
689 261 830 292 1>R1MA
858 261 983 292 rixas.
1722 249 1769 294 59

163 369 216 406 015
248 369 397 406 subditi
430 382 500 416 per
534 367 766 416 superbiam
801 367 931 403 inanis
964 367 1089 415 glorie
1130 375 1222 402 sunt
1263 366 1396 413 sepius
1431 368 1481 402 ad
1540 371 1647 411 ,Kings
1668 379 1717 398 are
1751 412 1757 417 ἢ

162 428 265 463 bella
298 427 394 464 talia
428 426 598 463 excitati.
635 426 873 462 Sacerdotes
907 434 1041 462 autem
1067 434 1103 461 et
1125 425 1267 460 fratres
1291 423 1481 472 precipue
1509 406 1751 476 stu-bgedp'iffigrvai

163 486 231 534 qui
263 486 455 522 omittunt
491 483 699 532 predicare
735 484 887 532 populo
925 485 1074 520 bonum
1111 481 1222 531 pacis
1247 490 1284 518 et
1308 482 1482 518 exaltant
1548 476 1723 545 PffiZthy

164 546 314 580 bonum
347 542 511 580 victorie
556 543 663 590 quod
703 551 760 577 est
801 554 871 589 per
910 542 988 578 tale
1026 541 1176 577 bellum
1215 540 1405 576 fratribus
1445 548 1482 576 et

131 602 280 638 5sectis
314 601 403 638 aliis
438 599 707 637 communiter
741 599 988 648 adquisitum
1032 608 1069 636 et
1109 598 1201 635 hinc
1241 607 1333 634 sunt
1365 597 1482 646 proni

164 661 214 697 ad
248 658 561 707 aggrediendum
597 659 701 694 bella
734 657 772 693 in
797 658 980 706 personis
1004 657 1194 706 propriis.
1228 658 1355 692 Immo
1379 669 1484 704 pape

164 727 201 754 et
247 716 473 765 superiores
514 715 677 752 ecclesie
719 716 983 752 consenciunt
1023 714 1294 752 communiter
1341 714 1484 762 pugnis

164 775 309 812 talibus
343 783 508 823 propter
540 775 696 810 lucrum
738 783 774 810 et
807 775 946 822 vulgus
980 782 1146 822 propter
1185 774 1335 809 bonum
1376 773 1484 820 quod

46 836 127 870 360³
164 833 270 870 videt
305 829 393 884 {2ad
439 833 614 878 oculum,
660 831 715 868 ita
763 834 872 880 quod
911 831 1146 868 exanimatis
1187 830 1303 867 sectis
1349 830 1485 866 multis

113 904 150 925 10
166 890 354 939 cognosci
387 898 555 938 possunt
588 898 771 938 patenter
812 890 882 926 filii
922 891 1089 926 sathane
1129 898 1166 926 et
1200 888 1269 925 filii
1304 888 1414 936 pacis
1449 897 1485 924 et

167 950 372 997 quomodo
405 956 496 984 sunt
530 961 551 984 a
586 947 675 984 filiis
699 948 771 984 Dei
795 948 1048 984 numerosius
1079 946 1266 996 separati.
1302 946 1486 983 Christus

168 1007 273 1043 enim
308 1015 365 1043 est
398 1019 463 1042 rex
487 1006 679 1054 pacificus
709 1007 777 1054 qui
811 1006 1083 1043 amministrat
1116 1018 1256 1053 pacem
1292 1005 1411 1041 talem
1449 1012 1486 1040 ct

169 1065 341 1101 fructum
377 1064 460 1100 eius
493 1064 533 1099 in
567 1064 709 1111 patria.
764 1067 812 1100 Et
844 1064 1115 1100 Antichristus
1156 1063 1230 1099 sibi
1270 1064 1486 1099 adversans

169 1136 307 1159 amans
341 1122 575 1170 oppositum
610 1131 667 1158 est
699 1124 887 1159 sathanas
919 1122 961 1158 in
993 1123 1210 1158 abstracto.
1252 1123 1300 1157 Et
1334 1134 1378 1157 ex
1410 1122 1486 1157 1]οο

116 1181 348 1228 15sequitur
382 1181 489 1228 quod
522 1180 607 1228 ipse
640 1193 729 1216 000]
764 1180 845 1216 5015
879 1180 928 1216 sit
962 1180 1065 1216 filius
1100 1180 1239 1225 Belial⁷
1286 1180 1394 1227 quod
1429 1187 1485 1215 est

170 1239 280 1286 peius
305 1251 425 1286 quam
451 1238 663 1286 pauperies
687 1239 746 1274 vel
776 1238 989 1274 tribulacio
1023 1237 1226 1274 contraria
1258 1237 1485 1283 inferenda3

170 1306 206 1333 et
230 1297 285 1333 510
314 1296 507 1333 excitacio
538 1296 645 1343 cleri,
670 1305 707 1332 et
730 1296 957 1344 specialiter
981 1295 1163 1332 dimissio
1187 1294 1487 1343 evangelizandi

171 1368 309 1391 eorum
343 1367 419 1402 que
452 1356 502 1391 ad
526 1367 667 1402 pacem
701 1364 805 1401 sunt,
839 1364 896 1391 est
931 1363 1057 1391 mater
1091 1367 1171 1390 non
1206 1353 1365 1390 modica
1397 1352 1488 1389 talis

171 1413 274 1450 belli.
319 1414 367 1448 Et
400 1425 488 1448 cum
525 1412 663 1448 omnia
697 1414 800 1449 bella
838 1412 933 1449 talia
973 1412 1224 1460 originantur
1267 1424 1310 1447 ex
1350 1423 1488 1447 amore

114 1482 155 1503 20
171 1470 456 1518 temporalium
492 1483 567 1518 que
602 1483 671 1518 per
705 1464 855 1507 clertsm
881 1464 1223 1519 possessionatum
1258 1483 1280 1506 a
1313 1469 1487 1505 dominis

171 1528 463 1576 temporalibus
502 1536 593 1563 sunt
631 1528 824 1577 insorpta‚
870 1542 960 1565 cum
1002 1529 1130 1564 clerus
1169 1527 1489 1576 possessionatus

172 1586 213 1622 in
245 1586 389 1634 Anglia
434 1587 523 1634 plus
570 1587 690 1622 habet
735 1588 782 1623 de
827 1587 897 1623 tali
942 1586 1123 1622 dominio
1169 1599 1289 1634 quam
1335 1585 1489 1621 domini

172 1645 428 1692 temporales,
468 1657 548 1680 non
587 1644 731 1680 mirum
773 1644 805 1680 si
838 1645 1029 1680 sathanas
1068 1657 1138 1692 per
1172 1657 1263 1680 suos
1298 1656 1490 1691 procura·

172 1711 279 1738 tores
313 1701 456 1738 excitat
490 1702 545 1738 sic
578 1703 774 1750 populum
809 1704 859 1739 ad
892 1703 1137 1748 bellandum,
1188 1715 1277 1739 000]
1319 1714 1400 1738 000
1441 1701 1491 1737 sit

117 1763 156 1794 25
174 1760 339 1796 dubium
364 1759 461 1808 quin
494 1761 621 1796 honor
644 1760 809 1797 victorie
844 1770 880 1797 et
903 1760 1170 1809 peripsimata
1202 1759 1489 1808 temporalium

173 1827 264 1854 sunt
303 1831 491 1866 magnum
532 1817 781 1854 incitativurn
822 1818 890 1854 uni
923 1831 1045 1866 regno
1078 1819 1128 1855 ad
1161 1818 1270 1854 aliud
1303 1818 1492 1855 invaden-

175 1877 283 1912 dum.
324 1878 372 1911 Et
405 1875 460 1912 sic
493 1875 728 1923 ignorancia
761 1876 870 1924 pacis
904 1876 1052 1913 Christi
1086 1885 1122 1912 et
1155 1877 1308 1913 fructus
1341 1875 1408 1925 qui
1443 1877 1491 1913 ab

175 1946 218 1970 ea
241 1933 424 1981 provenit
456 1942 513 1970 est
546 1946 666 1970 causa
690 1934 881 1983 precipua
905 1947 1029 1983 quare
1063 1935 1166 1971 bella
1199 1934 1295 1971 talia
1328 1943 1419 1970 sunt
1452 1934 1492 1970 in

174 1992 325 2039 populo
371 1991 530 2028 usitata.
584 1993 717 2028 Unum
764 2005 865 2040 opus
906 1992 1143 2040 precipuum
1178 1992 1491 2029 christianorum

119 2055 160 2086 30
176 2058 212 2085 et
252 2049 354 2097 regis
394 2048 621 2097 specialiter
666 2059 722 2086 est
768 2052 973 2087 destruere
1016 2051 1091 2087 ista
1131 2051 1235 2086 bella
1280 2059 1317 2086 et
1361 2051 1492 2086 facere

176 2107 278 2143 filios
302 2107 374 2143 Dei
399 2109 506 2155 quod
541 2107 691 2144 excedit
724 2108 871 2145 usitata
901 2108 1094 2144 miracula
1121 2110 1168 2144 de
1191 2108 1282 2144 filiis
1306 2109 1492 2153 sathane;

177 2174 214 2202 et
246 2166 295 2201 ad
330 2166 404 2201 hoc
438 2167 582 2202 debent
618 2178 777 2202 movere
811 2166 941 2202 modis
971 2166 1050 2202 suis
1086 2166 1232 2214 singuli
1269 2165 1491 2202 christiani.

177 2226 225 2259 Et
270 2232 447 2260 moveret
493 2226 543 2260 ad
588 2225 663 2259 hoc
708 2223 859 2260 dictum
913 2224 1106 2272 evangelii
1161 2223 1331 2260 dicentis
1385 2225 1492 2272 quod

173 2281 327 2330 pacfici
346 2281 427 2330 filii
458 2282 534 2318 Dei
572 2294 592 2317 a
634 2283 717 2317 Deo
751 2282 915 2318 indubie
953 2295 1034 2318 non
1067 2282 1163 2318 false
1197 2283 1265 2318 sed
1297 2282 1493 2318 veraciter

121 2341 160 2374 ΒΞ)
179 2339 426 2375 vocabuntur.
473 2341 521 2375 Et
553 2339 626 2375 iste
660 2339 798 2375 titulus
831 2349 996 2388 paterne
1031 2339 1263 2376 hereditatis
1297 2341 1493 2388 quodam-

180 2398 301 2433 modo
339 2396 493 2433 infinite
533 2397 684 2433 excedit
724 2398 862 2434 onmia
905 2397 982 2434 ista
1026 2399 1143 2435 bona.
1199 2400 1247 2434 Et
1290 2399 1340 2434 ad
1386 2397 1491 2434 idern

178 2455 282 2490 valet
316 2454 533 2491 detestacio
566 2456 713 2491 abusus
732 2455 891 2503 septimi
916 2457 963 2491 de
988 2455 1206 2492 christiano
1233 2455 1492 2492 contencioso

180 2525 269 2548 cum
310 2512 396 2548 aliis
437 2512 551 2549 dictis
584 2512 746 2549 Domini
789 2513 884 2550 satis
925 2513 1060 2549 multis
1101 2526 1176 2562 que
1217 2515 1494 2550 demonstrant

181 2582 223 2605 ex
257 2569 333 2606 fide
356 2572 464 2618 quod
487 2571 638 2607 fructus
663 2571 779 2607 huius
802 2571 912 2619 pacis
936 2580 993 2608 est
1017 2571 1217 2608 infinitum
1243 2571 1495 2620 prestancior

251 2769 291 2788 10.
312 2761 357 2788 A:
379 2760 491 2796 afiliis
508 2761 606 2795 pacis.
699 2761 735 2789 15.
758 2762 801 2788 A:
822 2762 862 2789 sit
882 2761 962 2791 filius
983 2762 1077 2789 deest.
1169 2761 1213 2789 23.
1235 2764 1279 2790 A:
1301 2771 1363 2790 non
1384 2764 1494 2791 mirum

182 2797 272 2831 quod.
346 2803 393 2830 29.
415 2797 459 2823 A:
482 2797 619 2823 νίείίαῑα,

253 2881 305 2920 34.
332 2879 450 2911 Matth.
477 2880 517 2920 V,
545 2890 575 2923 9.
