2003 3322
207 208 296 236 CAP.
316 199 427 254 [νη]
733 213 873 244 PRIMA
900 213 1026 244 PARs.

208 319 393 368 prohibet
424 319 486 355 vel
519 320 714 366 dampnat
747 332 892 367 penam
934 319 1094 356 talionis
1133 322 1242 368 quod
1288 334 1370 357 non
1409 323 1525 358 debet

208 376 357 414 servari
380 376 661 414 universaliter
685 378 820 425 quoad
853 385 1012 425 tempus
1036 379 1103 414 sed
1128 391 1208 414 non
1234 380 1351 416 debet
1375 380 1524 416 servari

207 434 448 484 generaliter
484 447 557 483 pro
596 436 681 482 lege
722 435 793 471 Dei
835 435 987 483 gracie3
1034 444 1071 472 et
1115 435 1170 472 sic
1217 449 1318 484 pena
1364 437 1524 474 talionis

208 507 297 530 cum
332 492 381 529 sit
413 493 661 541 temporalis,
698 501 756 529 est
788 493 892 530 iusta
925 506 996 542 pro
1030 503 1213 542 tempore
1236 495 1333 542 legis
1367 496 1522 541 veteris,

174 553 189 584 5
206 559 346 588 notato
369 552 478 599 quod
501 559 634 598 patres
658 550 762 587 illius
785 551 883 600 legis
908 561 1022 588 erant
1049 560 1207 588 atroces
1237 561 1280 589 ut
1309 552 1525 590 insolentes

206 608 319 658 pueri
353 608 559 656 puniendi.
606 610 728 646 Modo
768 619 902 646 autem
938 623 1011 658 pro
1045 619 1227 658 tempore
1260 611 1357 659 legis
1391 611 1524 659 gracie

206 675 297 704 sunt
330 666 474 703 micius
519 679 590 714 per
633 679 811 703 amorem
858 677 1067 716 tamquam
1111 668 1285 705 cariores
1334 669 1403 705 filii
1438 682 1525 717 per-

206 724 418 762 tractandi.
453 725 546 761 Ideo
580 724 670 761 licet
702 725 762 761 lex
796 725 863 762 illa
897 726 947 762 sit
970 726 1085 772 iusta,
1121 739 1204 763 non
1227 735 1363 763 tamen
1388 729 1522 771 modo,

1548 447 1580 473 111
1602 447 1652 485 the
1672 447 1722 474 old
1744 449 1803 475 law

1627 486 1648 508 it
1669 490 1732 508 was

1565 518 1770 545 commanded
1782 528 1787 553 ;

206 784 275 819 sed
308 791 538 819 executores
570 782 667 830 legis
701 783 817 819 huius
850 783 891 820 in
924 783 1050 821 veteri
1089 792 1332 821 testamento
1373 785 1524 822 executi
1540 804 1609 823 now
1630 797 1736 824 Christ
1759 799 1814 824 ha>

154 853 191 873 10
206 849 298 878 sunt
322 840 529 877 caritative
552 849 589 877 et
614 840 927 878 misericorditer
945 842 1064 879 istam
1088 843 1230 890 legem.
1250 845 1365 880 Nunc
1388 852 1521 880 autem

206 908 388 947 tempore
421 898 518 946 legis
551 898 684 947 gracie
724 908 781 935 est
824 900 1002 937 securior
1045 909 1081 936 et
1122 900 1424 938 misericordior
1462 902 1524 938 via

207 956 355 993 Christi
389 956 626 993 sustinenda
658 956 826 993 iniurias
860 958 1117 996 remittendo.

264 1016 312 1051 Et
344 1023 454 1062 patet
486 1024 627 1051 contra
661 1014 885 1063 sophistam
924 1016 1199 1053 adversarium
1238 1016 1337 1065 legis
1373 1017 1522 1053 Christi

205 1074 313 1121 quod
336 1085 439 1120 pena
462 1072 622 1109 talionis
644 1086 726 1109 non
750 1082 806 1109 est
828 1086 940 1110 versa
974 1075 1014 1111 in
1047 1074 1217 1111 heresim
1251 1074 1331 1111 sive
1361 1075 1521 1121 falsum,

153 1130 188 1163 15
206 1144 296 1167 cum
325 1129 412 1178 ipsa
436 1144 539 1179 pena
562 1144 635 1179 pro
657 1132 747 1167 loco
772 1140 809 1168 et
832 1140 1014 1180 tempore
1038 1132 1178 1169 habuit
1201 1145 1317 1168 suum
1344 1145 1520 1169 cursum.

205 1190 326 1225 Modo
359 1198 494 1225 autem
527 1202 608 1226 non
642 1198 699 1226 est
731 1202 804 1226 nec
827 1202 910 1226 esse
935 1192 1064 1236 debet,
1099 1191 1188 1227 ideo
1215 1204 1423 1239 nunquam
1448 1192 1522 1228 fuit

206 1259 309 1295 pena
341 1246 503 1283 talionis
534 1249 595 1285 vel
627 1247 723 1295 legis
756 1247 921 1284 Domini
956 1251 1065 1296 quod
1109 1262 1182 1297 pro
1221 1251 1296 1286 hoc
1339 1258 1522 1298 tempore

205 1314 298 1341 sunt
341 1305 524 1341 homines
569 1305 703 1342 taliter
748 1305 953 1353 puniendi.
1007 1309 1096 1343 Non
1142 1316 1277 1344 tamen
1322 1307 1522 1344 dissencio

205 1363 338 1400 sensui
372 1363 570 1400 catholico
603 1365 711 1412 quod
744 1363 809 1399 illa
844 1376 980 1401 severa
1004 1378 1107 1413 pena
1142 1364 1302 1401 talionis
1325 1377 1438 1402 versa
1472 1366 1521 1402 sit

150 1421 245 1458 zoin
284 1434 429 1469 penam
470 1422 608 1458 mitem
647 1423 707 1458 vel
747 1422 1093 1459 condonacionem
1140 1422 1327 1469 hominis,
1374 1436 1519 1471 penam

206 1479 278 1516 Dei
310 1479 459 1516 iudicio
493 1479 698 1516 humiliter
730 1479 1015 1529 relinquend03
1056 1490 1093 1517 et
1132 1490 1260 1517 totum
1296 1482 1371 1518 hoc
1404 1491 1521 1518 sonat

204 1536 244 1573 in
296 1539 536 1586 prudentem
590 1551 635 1575 ac
683 1538 969 1585 expressiorem
1026 1538 1362 1585 misericordiam,
1418 1540 1520 1576 sicut

205 1595 357 1632 racioni
390 1605 585 1633 consonat
619 1609 691 1644 pro
730 1605 913 1644 tempore
950 1610 1023 1644 pro
1063 1610 1143 1646 quo
1182 1596 1364 1634 Christus
1404 1598 1521 1634 fuerit

204 1654 453 1700 incarnatus;
500 1663 537 1690 et
581 1654 635 1690 sic
668 1654 731 1690 via
769 1654 878 1702 regia
920 1664 977 1691 est
1015 1655 1139 1692 vianti
1178 1655 1357 1691 securior
1398 1669 1518 1704 quam

149 1716 187 1748 25
205 1713 312 1760 quod
347 1721 525 1749 transeat
558 1725 628 1760 per
661 1712 768 1760 ripas
802 1712 910 1748 avias
943 1712 983 1749 in
1007 1713 1150 1761 quibus
1184 1713 1355 1750 faciliter
1386 1723 1521 1762 posset

207 1769 342 1818 mergi.
397 1770 461 1807 Sic
512 1770 575 1807 via
618 1770 715 1818 legis
761 1770 907 1806 Christi
952 1773 1208 1819 procedendo
1254 1771 1294 1807 in
1341 1772 1520 1808 moribus

206 1828 447 1865 remittendo
470 1828 635 1865 iniurias
659 1837 695 1865 et
719 1831 960 1865 reservando
977 1829 1183 1866 humiliter
1200 1832 1284 1866 Deo
1300 1829 1518 1866 vindictam

205 1895 262 1923 est
299 1887 489 1933 securior,
537 1899 627 1923 cum
669 1886 783 1922 multi
828 1886 868 1922 in
906 1887 969 1923 via
1001 1887 1175 1924 vindicte
1208 1888 1286 1924 alia
1328 1887 1517 1935 perirent.

262 1947 311 1980 Et
334 1953 464 1992 potest
487 1944 682 1992 applicari
707 1944 914 1992 responsio
938 1946 987 1981 ad
1010 1958 1276 1994 quaecunque
1298 1947 1418 1982 verba
1441 1958 1518 1994 que

147 2007 189 2039 30
205 2002 267 2038 hic
301 2002 441 2039 dixerit
474 2002 725 2039 adversarius
757 2002 854 2050 legis
889 2003 1049 2041 Christi.
1097 2006 1199 2040 Nam
1238 2003 1443 2040 iudicialia
1482 2013 1518 2040 et

204 2060 487 2097 ceremonialia
520 2060 617 2109 legis
651 2060 793 2097 veteris
834 2062 978 2097 debent
1019 2073 1172 2098 cessare
1214 2075 1287 2109 pro
1335 2071 1518 2110 tempore

202 2118 299 2166 legis
333 2119 485 2166 gracie;
531 2118 621 2155 ideo
661 2132 741 2155 non
781 2118 963 2166 sequitur
995 2121 1102 2167 quod
1135 2133 1238 2168 pena
1272 2119 1434 2156 talionis
1468 2120 1517 2156 sit

202 2177 406 2213 destructa
438 2178 499 2213 vel
532 2189 645 2213 versa
677 2176 717 2213 in
752 2177 921 2213 heresim
963 2179 1031 2213 sed
1073 2179 1181 2226 quod
1221 2177 1307 2226 ipsa
1347 2179 1518 2214 durante

201 2247 271 2282 per
294 2243 450 2271 tantum
475 2244 632 2283 tempus
655 2244 699 2271 ut
723 2234 859 2271 debuit
882 2236 1069 2271 succedat
1092 2237 1150 2272 lex
1170 2236 1314 2283 gracie,
1339 2236 1517 2272 securior

145 2295 184 2327 35
202 2292 503 2329 misericordior
536 2302 574 2329 et
606 2292 771 2329 liberior
804 2293 875 2329 Dei
910 2293 1115 2341 sapiencia
1148 2293 1370 2330 incarnata,

259 2351 336 2386 Sed
370 2352 546 2387 secundo
579 2350 734 2387 videtur
779 2351 884 2387 hunc
929 2360 1112 2387 sanctum
1162 2351 1369 2388 intendere
1408 2354 1515 2399 quod

1543 832 1650 866 taught
1672 841 1687 859 a
1709 833 1806 859 better

1636 875 1714 903 way.

1566 2370 1770 2407 chrysostom

200 2420 319 2444 nemo
382 2409 498 2444 debet
559 2421 632 2456 pro
695 2418 878 2455 tempore
941 2409 1036 2457 legis
1099 2409 1230 2457 gracie
1293 2407 1654 2448 secundumteaches
1675 2416 1710 2434 ¹¹⁸
1730 2407 1794 2434 that

199 2466 304 2513 leges
362 2467 557 2502 humanas
609 2468 864 2513 contendere,
923 2475 959 2503 et
1007 2467 1062 2504 sic
1107 2469 1211 2515 leges
1262 2469 1426 2516 papales
1479 2476 1516 2503 et

200 2522 333 2559 civiles
386 2537 476 2560 curn
531 2524 585 2561 eis
631 2524 825 2561 similibus
879 2534 1079 2561 cessarent
1133 2527 1253 2562 modo
1306 2534 1512 2574 tamquam

139 2594 184 2624 40
200 2582 384 2620 heretice.

220 2796 224 2798 ,
269 2770 288 2789 1.
312 2762 350 2789 B:
370 2762 424 2789 sed
443 2763 527 2797 quod
545 2770 605 2789 non
627 2763 722 2790 debet.
844 2771 882 2796 ¹7-
905 2764 948 2789 A:
970 2763 1048 2799 lege.
1170 2771 1216 2797 24.
1239 2764 1281 2790 A:
1306 2771 1397 2798 quam
1418 2764 1512 2790 deest.

199 2797 244 2824 28.
265 2798 308 2823 A:
327 2798 512 2832 perierunt;
533 2797 570 2824 B:
593 2798 734 2824 correxit.
872 2805 919 2832 29.
941 2799 985 2824 A:
1008 2801 1133 2833 etpost.
1265 2797 1308 2825 35.
1330 2799 1373 2824 A:
1395 2799 1513 2825 miseri-

202 2830 330 2858 cordior
350 2831 444 2858 deest.
517 2830 564 2859 30.
584 2834 613 2859 A
633 2832 663 2859 in
687 2840 801 2867 marg:
823 2832 1056 2868 Argumentum.
1129 2832 1176 2866 39.
1198 2834 1329 2860 Arcum
1350 2833 1425 2860 eius.

1308 2882 1374 2920 14⁹*

1542 2450 1588 2468 we
1608 2442 1719 2469 should
1741 2447 1794 2469 not

1553 2477 1646 2503 strive
1667 2481 1696 2503 at
1715 2477 1787 2504 law.
