2062 3327
230 244 281 279 28

917 251 1036 283 OPUS
1061 251 1398 283 EVANGELICUM
1651 239 1759 293 [CAP.
1779 248 1832 276 IX.

520 359 734 395 hominibus
779 358 973 407 exempla,
1011 370 1087 407 per
1130 357 1352 394 interiorem
1398 358 1553 394 modum
1586 370 1718 394 coram
1753 358 1835 393 Deo

515 417 769 467 providemus
813 429 931 466 opera
970 416 1079 451 bona.
1126 415 1321 451 Pudicicia
1367 427 1529 464 namque
1571 415 1749 465 corporis
1780 422 1836 451 est

519 476 667 511 alienas
700 487 762 511 res
793 486 866 510 non
899 480 1081 523 appetere
1102 480 1137 509 et
1160 485 1308 509 omnem
1331 473 1616 509 immundiciam
1651 473 1838 521 devitare,

519 541 606 569 ante
639 545 855 582 congruam
887 531 1024 567 horam
1058 543 1130 567 non
1173 538 1350 581 gustare,
1382 531 1502 567 risum
1540 543 1612 567 non
1652 531 1838 578 excitare,

522 591 637 627 verba
663 603 760 626 vana
785 597 821 626 et
841 589 955 639 falsa
978 601 1051 625 non
1076 589 1191 637 loqui,
1215 589 1385 624 habitum
1413 601 1488 638 per
1520 589 1646 624 omnia
1678 589 1836 624 ordina·
1853 591 1870 623 5

522 657 600 685 tum
640 648 959 698 propositumque
1002 647 1283 683 convenientem
1330 653 1408 682 tam
1454 647 1684 696 capillorum
1724 658 1837 695 quam

523 707 680 743 vestium
713 706 810 742 sicut
843 707 949 741 decet
980 705 1134 750 habere,
1167 717 1251 740 cum
1285 704 1454 754 indignis
1486 704 1733 740 contubernia
1765 716 1838 740 non

522 766 630 811 inire,
664 764 862 813 supercilii
892 763 1027 798 intuitu
1061 762 1246 798 neminem
1285 762 1499 811 adspicere,
1540 762 1683 813 vagari
1709 762 1839 798 oculos

522 835 594 859 non
627 822 868 871 permittere,
909 820 1130 870 pompatico
1169 827 1204 856 et
1241 820 1465 856 illecebroso
1503 832 1645 870 gressu
1678 832 1749 856 non
1782 820 1837 855 in-

522 881 670 927 cedere,
704 880 800 915 nulli
830 878 997 928 inferior
1019 878 1166 927 incepto
1189 878 1285 914 bono
1308 890 1514 927 apparere,
1537 878 1634 913 nulli
1655 878 1835 914 ruborem
1858 891 1897 912 10

522 946 588 974 aut
632 938 900 974 contumeliam
945 936 1129 983 incutere,
1174 936 1358 972 neminem
1403 936 1688 985 blasphemare,
1733 935 1840 971 bonis

523 1009 595 1033 non
628 996 812 1040 invidere,
835 1007 943 1032 senes
967 1006 1039 1030 non
1063 993 1244 1040 irridere,
1267 994 1421 1030 meliori
1440 1006 1512 1030 non
1536 993 1839 1039 controversari,

524 1055 570 1091 de
602 1054 661 1090 his
692 1066 762 1102 que
794 1054 957 1104 ignoras
979 1064 1052 1088 non
1079 1059 1253 1088 tractare
1276 1059 1311 1088 et
1333 1064 1376 1088 ea
1400 1063 1469 1100 que
1500 1051 1575 1088 scis
1607 1064 1679 1087 non
1713 1051 1839 1087 omnia

520 1113 718 1162 proferre.
752 1111 837 1148 Hec
869 1123 953 1147 cum
983 1109 1181 1160 proximis
1211 1109 1415 1146 amabilem
1449 1109 1638 1146 hominem
1673 1109 1840 1145 reddunt

524 1178 559 1206 et
592 1171 675 1206 Deo
707 1169 979 1219 acceptabilem
1004 1168 1175 1217 faciunt.
1860 1169 1898 1202 15

583 1228 777 1264 Pudicicia
811 1239 903 1263 vero
934 1227 1060 1262 anime
1082 1233 1137 1262 est
1163 1225 1255 1275 plus
1271 1233 1439 1274 propter
1469 1225 1546 1262 Dei
1567 1225 1697 1261 oculos
1728 1237 1841 1273 quam

526 1286 719 1322 hominum
759 1285 884 1322 omnia
924 1285 1020 1320 bona
1051 1284 1205 1333 facere,
1244 1283 1500 1333 appeticiones
1531 1283 1701 1332 turpium
1735 1283 1842 1332 cogi-

525 1344 716 1380 tacionum
763 1355 1018 1392 compescere,
1065 1354 1195 1378 omnes
1239 1341 1417 1377 meliores
1454 1354 1494 1377 se
1531 1354 1612 1378 esse
1649 1341 1842 1385 estimare,

526 1402 666 1438 nemini
696 1402 881 1446 invidere,
918 1401 964 1437 de
993 1400 1194 1449 semetipso
1224 1399 1318 1435 nihil
1345 1400 1550 1449 confidere,
1589 1399 1666 1435 Dei
1694 1398 1842 1435 auxilio

526 1472 655 1496 omnes
688 1472 750 1496 res
782 1459 1035 1504 committere,
1068 1465 1155 1494 ante
1176 1456 1254 1494 Dei
1284 1457 1415 1493 oculos
1446 1464 1564 1493 semet
1596 1457 1719 1506 ipsum
1753 1468 1841 1493 con-
1858 1469 1900 1491 20

525 1519 695 1565 stituere,
725 1517 893 1554 heretica
912 1516 1108 1566 pravitate
1130 1528 1281 1552 sensum
1305 1528 1377 1551 non
1402 1515 1613 1561 maculare,
1645 1515 1843 1551 catholicis

521 1589 595 1626 per
617 1577 743 1612 omnia
772 1574 999 1619 consentire,
1024 1575 1108 1610 Deo
1130 1574 1204 1610 soli
1224 1574 1427 1619 adherere,
1451 1573 1663 1609 castitatem
1697 1572 1844 1609 interne

527 1634 662 1671 mentis
700 1634 853 1670 domino
891 1633 980 1670 Jesu
1025 1632 1180 1668 Christo
1219 1632 1373 1681 offerre,
1424 1631 1550 1667 omnia
1600 1638 1708 1680 cepta
1746 1631 1843 1666 bona

527 1705 644 1742 opera
668 1699 816 1728 tantum
840 1691 976 1727 mortis
999 1690 1162 1726 termino
1179 1690 1315 1739 finire,
1340 1696 1540 1738 presentes
1572 1688 1844 1724 tribulaciones

527 1751 645 1786 animi
665 1750 906 1799 fortitudine
933 1748 1233 1798 parvipendere,
1267 1747 1302 1783 in
1336 1754 1444 1783 terra
1472 1754 1610 1796 preter
1634 1746 1844 1796 proximos
1859 1748 1899 1782 25

527 1809 622 1844 nihil
642 1821 790 1852 amare,
814 1807 940 1844 cuncti
967 1806 1113 1842 amoris
1136 1806 1172 1841 in
1198 1806 1277 1842 celo
1300 1805 1523 1841 thesaurum
1554 1804 1783 1841 constituere
1810 1811 1846 1840 et

523 1879 599 1916 pro
632 1866 735 1903 omni
762 1866 858 1902 bono
881 1872 967 1902 actu
991 1865 1205 1900 mercedem
1229 1864 1265 1899 in
1294 1863 1492 1899 celestibus
1519 1875 1540 1898 a
1564 1863 1649 1898 Deo
1670 1874 1844 1911 sperare.

528 1925 722 1961 Pudicicia
746 1930 1013 1960 ornamentum
1060 1922 1239 1958 nobilium
1286 1928 1354 1967 est,
1401 1920 1593 1957 exultacio
1631 1920 1844 1965 humilium,

530 1983 706 2018 nobilitas
745 1981 985 2032 ignobilium,
1025 1980 1251 2029 pulcritudo
1285 1979 1429 2025 vilium,
1462 1978 1708 2028 prosperitas
1740 1978 1844 2014 labo-

530 2041 716 2085 randum,
754 2040 925 2076 solamen
959 2046 1182 2083 mestorum‚
1221 2044 1471 2088 augmentum
1505 2036 1626 2072 omnis
1653 2036 1845 2085 pulcritu-
1863 2041 1904 2073 30

530 2099 641 2143 dinis,
676 2099 790 2134 decus
823 2096 1037 2147 religionis,
1093 2096 1263 2145 defensio
1303 2094 1521 2140 criminum,
1573 2093 1846 2143 multiplicacio

529 2156 756 2192 meritorum
790 2154 979 2191 creatoris
1011 2154 1086 2190 Dei
1116 2154 1283 2190 omnium
1316 2153 1451 2189 amica.

588 2216 635 2250 Et
667 2214 723 2250 sic
768 2213 924 2249 frenum
970 2211 1169 2260 pudicicie
1215 2212 1278 2256 (de
1323 2223 1403 2259 quo
1448 2209 1511 2246 hic
1555 2208 1735 2257 loquitur
1768 2209 1847 2245 Au-

530 2272 725 2320 gustinus)
757 2271 914 2307 videtur
947 2282 1030 2306 esse
1071 2269 1262 2306 miticicia
1302 2269 1362 2305 vel
1403 2267 1664 2305 conformitas
1698 2266 1845 2304 Christi

530 2331 569 2366 in
605 2330 782 2366 moribus
816 2341 886 2377 per
919 2341 1041 2377 quam
1075 2328 1289 2376 copulatur
1322 2325 1511 2363 militanti
1544 2324 1710 2362 ecclesie
1743 2333 1844 2361 tarn-
1862 2332 1900 2365 35

530 2401 650 2437 quam
691 2399 861 2436 sponsus
900 2395 937 2422 et
976 2399 1065 2422 cum
1103 2384 1269 2422 ecclesia
1314 2393 1509 2433 perpetuo
1555 2384 1843 2431 desponsatum

532 2456 568 2483 et
601 2446 657 2482 sic
689 2457 809 2482 omne
841 2446 1005 2481 verbum
1040 2445 1148 2492 quod
1194 2444 1386 2480 Salomon
1425 2441 1521 2478 dicit
1554 2443 1667 2477 Prov.
1703 2440 1844 2477 ultimo

533 2506 580 2540 de
614 2512 741 2540 matre
787 2502 956 2539 ecclesia
1000 2511 1131 2550 potest
1177 2502 1226 2538 ad
1258 2501 1377 2537 istam
1407 2499 1411 2549 1
1441 2499 1683 2548 pudiciciam
1718 2498 1845 2547 appli-
1885 2504 1966 2539 3561’

534 2575 629 2600 caru

606 2743 634 2776 8,
656 2750 684 2776 9.
719 2743 756 2769 B:
791 2743 910 2782 vagari
927 2743 1032 2770 oculos
1052 2749 1112 2768 non
1140 2740 1324 2776 permittere
1343 2741 1436 2767 deest.
1580 2747 1620 2766 10.
1643 2739 1686 2765 A:
1723 2737 1846 2764 rubore.

539 2787 573 2807 ιι,
602 2785 639 2805 12.
674 2778 711 2804 B:
745 2778 832 2804 bonis
858 2785 919 2805 non
952 2776 1091 2804 invidere
1123 2775 1217 2802 deest.
1361 2782 1395 2802 22
1435 2775 1479 2801 A:
1510 2774 1683 2801 castitatem
1716 2772 1846 2799 intuere.

540 2814 586 2839 26.
607 2815 651 2839 A:
674 2813 703 2839 in
725 2812 830 2839 celum.
940 2819 985 2846 29.
1009 2812 1045 2838 B:
1072 2810 1274 2846 pulchritudo
1295 2809 1447 2836 debilium.
1555 2807 1598 2836 32.
1620 2809 1664 2835 A:
1692 2806 1847 2834 amicicia.

542 2845 583 2874 33,
606 2848 633 2874 A
655 2846 683 2873 in
706 2855 772 2873 mar
797 2856 819 2873 .:
839 2846 1004 2873 lohannes.
1113 2843 1155 2875 35,
1177 2843 1221 2872 36.
1239 2844 1275 2871 B:
1303 2847 1456 2879 tamquam
1484 2851 1553 2879 ego.
1662 2841 1708 2869 36.
1729 2842 1773 2868 A:
1801 2841 1852 2868 cui

543 2881 681 2908 ecclesia.
790 2881 817 2908 8.
838 2882 865 2908 A
886 2881 916 2908 in
938 2888 1051 2915 marg:
1073 2879 1194 2915 Duplex
1210 2877 1377 2914 pudicicia.
