2003 3322
132 219 209 255 238
827 229 943 260 ‹wus
971 228 1303 260 EVANGELICUM
1576 217 1681 271 [CAR
1705 228 1725 254 Ι.

419 336 550 371 datum
587 343 768 379 vestrum,
803 348 874 370 uon
908 336 978 370 hoc
1012 347 1129 383 quero
1162 337 1230 371 sea'
1253 335 1434 383 fructum
1472 343 1657 382 vestrum,
1691 337 1729 371 id

418 401 485 439 est,
530 393 772 429 commodum
808 394 867 428 vel
894 394 1115 441 profectum
1158 400 1342 437 vestrum,
1388 401 1428 428 ut
1467 394 1610 429 scilicet
1648 394 1730 429 sitis

413 451 593 500 perfecti.
630 451 716 486 Hoc
750 451 846 486 enim
880 451 1018 486 indicio
1051 463 1245 499 apparere
1273 458 1441 500 poterat,
1476 459 1658 499 quantum
1693 452 1728 487 in

418 510 542 545 Deum
578 508 852 557 profecissent,
897 521 981 544 cum
1016 509 1054 544 ia'
1086 509 1247 544 libenter
1279 509 1464 557 offerrent
1510 510 1612 557 quod
1656 522 1728 545 non

414 574 581 616 propter
602 566 790 617 gaudium
817 567 863 602 a'e
886 566 1107 602 muneribus
1137 567 1206 602 sed
1229 574 1399 615 propter
1426 567 1728 603 communionem

417 625 591 661 caritatis
623 636 692 673 que
724 625 770 660 ab
803 625 855 660 eis
886 625 1130 673 querebatur.
1170 625 1412 673 Quamquam
1447 637 1530 660 cum
1565 625 1673 660 addit
1696 632 1730 661 et

418 682 531 718 dicit:
580 682 757 731 Alioquin
808 683 1023 718 mercedem
1076 694 1148 717 nou
1199 682 1383 718 habebitis
1427 683 1532 731 apud
1571 690 1726 732 patrem

418 748 587 776 vestrum
611 741 800 784 celestem,
834 740 929 775 nihil
956 741 1064 776 aliud
1087 741 1326 776 demonstrat
1349 740 1420 775 uisi
1442 740 1481 775 ia'
1503 753 1572 777 nos
1594 753 1731 777 cavere

417 805 610 847 oportere,
655 811 700 834 ne
744 799 949 834 humanam
996 799 1148 833 laudem
1186 810 1263 847 pro
1302 805 1523 834 nostrorum
1570 811 1729 847 operum

417 857 595 892 mercede
626 868 845 905 queramus,
880 856 919 891 id
942 864 1008 899 est,
1043 869 1084 892 ea
1108 868 1176 892 nos
1199 857 1329 892 beatos
1351 856 1455 905 effici
1476 856 1726 892 arbitremur.

418 915 500 950 Hec
532 913 795 962 Augustinus.

147 979 213 1006 Our
234 979 384 1007 intention
474 972 644 1008 Videtur
688 972 807 1008 istum
855 980 1038 1008 sunctum
1080 984 1171 1008 vere
1210 971 1417 1008 intendere
1456 973 1563 1020 quod
1604 971 1730 1008 fidelis

140 1020 277 1077 „in-{¹223
297 1015 392 1085 ξὲιειγ
419 1031 534 1067 debet
580 1030 618 1066 in
663 1029 772 1066 omni
820 1043 892 1065 suo
937 1042 1058 1077 opere
1103 1029 1281 1066 virtuoso
1322 1042 1481 1066 servare
1520 1038 1728 1078 tamquam

161 1083 363 1155 ῒῗ-Ηξθέῆοῗζῖἀ
418 1087 659 1136 principium
701 1096 742 1124 ut
782 1089 926 1124 habeat
966 1088 1128 1124 oculum
1170 1100 1330 1136 purum,
1377 1100 1446 1123 cor
1487 1087 1654 1135 simplex
1694 1096 1731 1124 et

324 1140 352 1155 ‘⁷
418 1146 688 1183 intencionem
723 1155 888 1191 rectam,
924 1159 1013 1182 cum
1051 1145 1184 1182 multis
1217 1145 1414 1181 similibus
1443 1158 1520 1193 que
1557 1145 1595 1181 in
1624 1145 1729 1181 idem

418 1213 575 1250 sonant,
621 1203 715 1253 quia
760 1204 877 1240 aliter
920 1217 1000 1240 non
1050 1213 1108 1240 est
1153 1205 1274 1240 homo
1319 1204 1377 1239 vel
1427 1216 1498 1239 suu
1543 1203 1731 1251 operacio

418 1262 616 1302 virtuosa:
652 1262 741 1298 ideo
775 1262 939 1310 quidam
975 1271 1119 1298 vocant
1154 1263 1256 1298 hanc
1281 1261 1551 1298 intencionem
1579 1270 1728 1298 rectam

418 1320 598 1368 aurigam
623 1320 812 1356 virtutum
855 1321 1026 1365 Quando
1051 1319 1153 1356 enim
1181 1319 1358 1356 intencio
1381 1320 1419 1355 in
1440 1321 1565 1355 Deum
1583 1318 1731 1356 directe

419 1378 617 1426 dirigitur,
665 1388 705 1414 ut
740 1380 788 1414 ad
824 1378 906 1414 eius
940 1380 1134 1414 honorem
1171 1386 1207 1414 et
1240 1390 1387 1414 nomen
1422 1377 1729 1425 glorificandum

418 1449 518 1484 pure
542 1436 580 1472 in
605 1449 726 1484 opere
752 1438 856 1472 bono
881 1438 927 1472 dc
952 1449 1094 1484 genere
1119 1445 1319 1484 operetur,
1354 1445 1447 1472 tunc
1473 1444 1529 1471 est
1553 1434 1728 1472 intencio

419 1503 527 1531 recta
566 1494 669 1531 inter
703 1497 826 1531 Deum
875 1503 910 1530 ct
952 1494 1084 1530 taliter
1124 1494 1413 1538 intendentem,
1450 1502 1486 1529 et
1521 1506 1590 1541 per
1622 1493 1728 1529 idem

418 1562 474 1588 est
508 1553 646 1588 oculus
680 1554 810 1589 clarus
835 1562 870 1588 et
896 1565 965 1588 cor
988 1552 1174 1600 simplexg
1209 1553 1371 1600 quaudo
1395 1561 1527 1588 autem
1555 1551 1729 1587 intencio

418 1610 637 1647 reflectitur
670 1613 716 1647 ad
753 1612 901 1646 bonum
936 1610 1097 1658 aliquod
1124 1619 1300 1646 creatum
1329 1619 1369 1646 ut
1394 1611 1441 1646 ud
1468 1609 1600 1656 finem,
1634 1618 1729 1645 tunc

418 1677 473 1704 est
507 1670 645 1704 oculus
678 1678 875 1716 tui-putus,
910 1681 979 1705 cor
1012 1669 1153 1716 duplex
1188 1678 1223 1704 et
1248 1667 1423 1704 intencio
1446 1667 1601 1704 viciata.
1637 1669 1729 1703 1)θο-

418 1736 530 1762 catur
564 1726 667 1763 enim
704 1727 740 1762 in
767 1728 908 1772 Deum,
942 1739 987 1762 ac
1023 1726 1051 1762 si
1086 1727 1207 1762 homo
1239 1726 1461 1761 intenderet
1495 1725 1622 1772 ipsum
1649 1738 1728 1761 non

418 1797 501 1821 esse
547 1785 665 1820 finem
714 1784 920 1823 ultimum:
969 1793 1003 1820 et
1052 1784 1105 1819 sic
1146 1793 1286 1831 peccat
1327 1784 1381 1819 sic
1423 1783 1650 1831 duplicatus
1689 1782 1728 1818 in

416 1842 553 1878 animo
587 1842 624 1878 in
658 1855 698 1878 se
731 1842 876 1890 ipsum,
911 1842 1003 1890 quia
1039 1842 1229 1890 quicquid
1265 1844 1414 1878 bonum
1451 1843 1558 1889 quod
1592 1840 1728 1877 fecerit

417 1900 542 1936 inficit
576 1900 614 1936 in
640 1910 870 1948 peccutum;
906 1909 941 1936 et
966 1900 1021 1936 sic
1045 1909 1197 1948 peccat,
1233 1913 1320 1936 cum
1347 1899 1495 1947 decipit
1519 1900 1728 1935 laudantes

417 1958 600 1995 faciendo
635 1958 740 2006 ipsos
775 1959 916 1994 falsum
953 1960 1114 1994 credere
1147 1966 1353 2006 tamquam
1390 1970 1524 1993 verum
1561 1966 1597 1993 et
1630 1969 1728 2005 quo-

418 2018 638 2052 dammodo
679 2016 716 2052 in
758 2016 845 2064 ipso
888 2017 1058 2052 adorare
1099 2016 1301 2052 diabolum
1344 2025 1550 2063 tamquam
1587 2017 1727 2061 Deum,

418 2087 506 2110 cum
534 2075 819 2110 commendant
853 2083 1057 2110 auctorem
1083 2074 1141 2109 sui
1166 2073 1341 2109 nominis
1366 2073 1432 2121 qui
1459 2072 1730 2109 indubitanter

417 2141 474 2169 est
507 2132 702 2175 diabolus,
737 2145 782 2168 ac
815 2132 845 2168 si
882 2133 981 2168 foret
1016 2132 1202 2167 dominus
1235 2131 1425 2167 veritatis.

180 2209 304 2244 Danger
324 2213 354 2236 01
475 2192 532 2226 De
584 2190 660 2226 isto
712 2203 805 2237 ergo
851 2189 1053 2238 principio
1106 2189 1298 2225 virtutum
1353 2191 1545 2225 debemus
1598 2189 1727 2224 colere

180 2244 356 2281 hypocrisy.
417 2249 595 2284 cavendo
629 2248 860 2296 ypocrisim,
896 2247 989 2296 quia
1022 2247 1144 2284 nichil
1179 2256 1236 2283 est
1266 2249 1371 2295 quod
1399 2246 1523 2294 magis
1547 2245 1729 2294 displicet

416 2306 595 2351 veritati3
643 2315 679 2342 et
719 2306 825 2342 istud
866 2307 1121 2342 attenderent
1161 2304 1359 2341 scolastici
1401 2315 1437 2341 et
1478 2304 1622 2340 milites
1661 2303 1727 2352 qui

418 2365 505 2412 plus
539 2365 724 2400 laborant
748 2377 819 2412 pro
843 2376 914 2400 suo
945 2364 1150 2400 mundano
1175 2362 1337 2399 nomine
1363 2363 1585 2399 extollendo
1609 2361 1725 2398 istud.

418 2423 602 2459 Secundo
637 2423 889 2458 attenderent
922 2430 1055 2470 partes
1089 2434 1284 2458 novorum
1321 2420 1508 2457 ordinum
1541 2432 1617 2468 que
1642 2420 1728 2467 plus

416 2482 602 2516 laborant
635 2493 708 2528 pro
742 2479 978 2516 excellencia
1011 2492 1082 2515 sua
1115 2488 1221 2515 secte
1255 2487 1290 2514 et
1324 2478 1446 2515 tercio
1477 2479 1729 2514 attenderent

418 2539 466 2574 ad
502 2539 577 2574 hoc
611 2547 902 2586 postponentes
936 2538 1062 2585 legem
1098 2536 1275 2584 Domini,
1318 2536 1410 2585 quia
1444 2549 1533 2573 cum
1569 2536 1626 2572 lex
1659 2548 1729 2571 sua

485 2717 513 2740 4.
533 2708 569 2734 lss:
587 2708 880 2743 libenterfacerent.
955 2707 981 2733 ι’).
998 2707 1040 2734 A:
1063 2714 1121 2742 que
1136 2707 1233 2737 dcem
1250 2706 1290 2732 ib.
1309 2706 1345 2732 15:
1361 2705 1507 2740 quamuis.
1581 2706 1607 2731 ὅ.
1622 2704 1660 2730 B:
1677 2711 1728 2742 qut

416 2743 446 2769 in
468 2743 539 2769 celis
559 2745 611 2769 est.
686 2750 723 2769 12.
746 2743 773 2769 A
789 2742 816 2768 iu
835 2750 948 2776 marg:
970 2741 1136 2769 Jolzannes.
1213 2739 1253 2767 33.
1278 2741 1303 2766 A
1319 2740 1346 2766 iu
1365 2747 1477 2773 marga
1500 2747 1522 2766 1.
1595 2738 1639 2773 37.
1656 2739 1683 2765 A
1698 2746 1726 2765 lu

417 2785 529 2811 marg:
552 2784 580 2804 2.
655 2775 698 2804 38.
721 2778 747 2803 A
770 2777 797 2803 iu
821 2784 934 2810 marga
955 2785 987 2811 3.

487 2860 516 2890 7.
546 2850 662 2881 Manli,
693 2850 743 2889 Vl,
774 2860 802 2880 2.

1746 570 1762 602 5

1751 871 1788 891 10

1752 1150 1787 1182 15

1748 1453 1788 1474 20

1746 1733 1784 1765 25

1747 2023 1787 2055 '30
