2003 3322
215 1110 414 1138 A'dmiration

180 1147 255 1173 does
281 1150 335 1173 not
359 1143 456 1180 implv
473 1161 479 1167 -

889 242 1008 274 opus
1032 241 1368 274 EVANGELICUM
1589 228 1696 283 [CAP.
1723 237 1786 265 Lx.

465 350 612 400 posuit,
671 351 717 386 de
768 350 899 397 beatis,
952 362 1036 386 cum
1091 350 1256 386 diceret:
1324 357 1359 385 et
1411 349 1462 384 ad
1508 349 1597 384 illas
1642 356 1784 397 septem

471 408 641 458 Spiritus
664 408 798 444 Sancti
829 408 1077 457 operaciones
1108 419 1203 456 quas
1235 407 1357 443 Isaias
1389 413 1690 443 commemorat:
1720 406 1789 442 sed

469 467 549 502 sive
580 466 651 502 iste
683 466 780 502 ordo
814 465 849 501 in
883 466 942 501 his
972 466 1022 501 sit
1054 466 1361 502 considerandus
1392 465 1473 501 sive
1503 465 1604 500 alius
1636 464 1786 512 aliquis,

458 524 650 572 facienda
683 531 770 560 sunt
809 535 879 572 que
923 523 1142 559 audivimus
1173 536 1194 558 a
1228 523 1397 559 Domino
1435 523 1469 558 si
1500 523 1677 559 volumus
1708 522 1787 557 edi-

458 582 591 632 ficare
622 594 740 631 super
768 589 938 631 petram.
972 583 1055 618 Hec
1088 581 1347 629 Augustinus.

530 639 706 686 Quidam
754 652 797 675 ex
830 639 905 675 hiis
949 639 1080 676 verbis
1114 638 1350 687 concipiunt
1394 640 1501 686 quod
1540 636 1788 685 Augustinus

468 697 562 734 velit
594 698 669 734 hoc
694 697 914 746 capitulum
949 697 1225 746 evangelicum
1249 696 1418 733 Matthei
1451 695 1667 744 septimum
1693 708 1787 731 con-

469 755 664 792 summari
717 755 757 791 in
790 754 975 792 doctrina
1020 754 1237 803 septenarii
1282 754 1500 803 duplicata,
1546 762 1584 790 et
1622 752 1715 789 hinc
1747 752 1788 789 in

469 813 673 862 principio
707 812 838 862 quinti
872 812 1039 861 capituli
1082 821 1221 850 narrat
1266 812 1448 849 Christus
1501 820 1654 860 septem
1692 812 1787 848 bea-

470 871 662 908 titudines
709 880 746 908 et
791 879 944 919 septem
999 870 1174 919 Spiritus
1214 870 1353 907 Sancti
1397 869 1675 919 operaciones.
1739 871 1788 905 Et

469 929 627 967 videtur
650 929 975 966 Chrisostomum
1011 929 1213 966 calculare
1242 928 1549 977 quatuordecim
1583 926 1787 964 doctrinas

470 1000 569 1036 quas
593 987 775 1024 Christus
808 986 848 1023 in
881 987 957 1023 isto
989 999 1175 1023 sermone
1201 986 1366 1024 donavit
1399 986 1597 1033 fidelibus,
1630 986 1698 1022 sed
1731 989 1789 1031 (ut

471 1047 588 1082 docet
619 1045 882 1094 Augustinus)
915 1044 991 1081 nisi
1023 1044 1080 1081 vis
1114 1044 1275 1082 modica
1309 1053 1366 1081 est
1399 1043 1440 1081 in
1472 1043 1569 1080 istis.

529 1104 620 1140 Ideo
652 1103 861 1140 videamus
891 1103 988 1151 quid
1018 1102 1091 1139 iste
1127 1104 1325 1139 secundus
1358 1111 1519 1139 sanctus
1552 1101 1648 1139 dicit
1671 1114 1791 1150 super

197 1181 273 1208 saith
295 1177 444 1216 butmay‘
471 1170 547 1198 isto
581 1170 707 1198 textu:
772 1161 969 1207 Placatus,
1024 1160 1170 1209 inquit,
1229 1161 1520 1197 racionabiliter
1576 1160 1791 1196 intellectus

233 1216 298 1243 lead
319 1220 351 1242 to
372 1215 402 1242 it.

472 1220 636 1256 hominis
687 1220 840 1255 laudem
883 1226 1069 1269 generat:
1120 1219 1242 1255 victus
1293 1226 1420 1255 autem
1472 1218 1789 1255 admiracionem.

478 1278 670 1327 Quicquid
707 1285 834 1314 autem
881 1277 998 1327 digne
1042 1277 1207 1313 laudare
1250 1289 1323 1313 non
1371 1289 1580 1327 possumus
1617 1276 1689 1313 hoc
1720 1276 1789 1312 ad-

473 1336 677 1372 miramur.
731 1335 957 1371 Admiracio
1010 1342 1136 1371 tamen
1189 1348 1322 1372 eorum
1373 1335 1504 1386 magis
1545 1335 1598 1371 ad
1645 1334 1794 1370 Christi

470 1394 643 1444 gloriam
684 1393 905 1443 pertinebat
952 1393 1041 1442 plus
1075 1405 1189 1442 quam
1223 1394 1275 1429 ad
1295 1393 1420 1443 fidem
1463 1393 1649 1442 ipsorum.
1702 1392 1790 1428 Non

472 1452 570 1488 enim
604 1452 688 1488 ideo
721 1452 966 1488 mirabantur
1009 1451 1120 1500 quasi
1161 1452 1361 1488 credentes
1392 1451 1428 1487 in
1466 1450 1679 1498 Christum,
1723 1451 1792 1487 sed

472 1510 558 1559 quia
622 1509 983 1559 irreprehensibiles
1034 1509 1241 1545 audiebant
1300 1521 1508 1546 sermones.
1572 1509 1614 1547 Si
1664 1516 1790 1545 autem

473 1569 674 1604 credentes
706 1575 831 1604 essent
868 1567 905 1603 in
943 1567 1155 1615 Christum,
1195 1580 1267 1604 non
1308 1568 1563 1614 mirarentur,
1600 1567 1669 1603 sed
1706 1578 1789 1603 cre-

475 1627 619 1662 derent.
667 1626 768 1662 Nam
808 1638 920 1662 omne
957 1625 1099 1661 dictum
1144 1634 1211 1661 aut
1234 1626 1392 1674 sactum
1437 1625 1535 1661 illud
1566 1631 1693 1661 movet
1725 1625 1791 1660 ad-

474 1684 725 1721 miracionem
758 1684 861 1733 quod
892 1691 1054 1732 superat
1075 1684 1265 1733 facientis
1286 1690 1353 1719 aut
1376 1683 1535 1719 dicentis
1561 1695 1794 1732 personam,-

474 1750 514 1778 ut
564 1750 673 1791 puta,
717 1742 752 1778 si
802 1742 916 1778 homo
961 1742 1108 1790 aliquid
1151 1742 1228 1777 tale
1272 1742 1376 1778 dicat
1421 1748 1488 1777 aut
1528 1741 1660 1789 faciat
1690 1741 1793 1790 quod

474 1801 637 1837 excedat
669 1807 849 1836 naturam
883 1811 1061 1836 mensure
1092 1800 1182 1837 eius.
1228 1799 1415 1844 Quamvis
1446 1806 1572 1835 autem
1606 1808 1792 1849 magnum

474 1859 523 1894 sit
554 1859 658 1907 quod
680 1858 788 1893 Deus
821 1857 913 1894 dicit
945 1862 1012 1895 aut
1032 1858 1152 1906 facit,
1186 1865 1311 1894 tamen
1335 1857 1460 1893 minus
1492 1864 1548 1893 est
1579 1870 1693 1906 quam
1718 1856 1795 1892 Dei

471 1916 661 1965 potencia.
704 1916 795 1952 Ideo
826 1915 1008 1965 quicquid
1029 1928 1050 1951 a
1075 1916 1159 1951 Deo
1192 1916 1336 1952 dictum
1369 1923 1436 1951 aut
1456 1916 1612 1964 factum
1647 1915 1793 1951 audivi·

477 1986 560 2010 mus
593 1986 665 2010 non
698 1973 955 2021 admiremur,
989 1974 1076 2022 quia
1109 1974 1237 2025 omnia
1269 1973 1421 2010 minora
1454 1981 1542 2009 sunt
1572 1986 1686 2022 quam
1720 1972 1797 2008 Dei

472 2032 662 2080 potencia.
718 2032 860 2068 Tamen
900 2032 1081 2067 audiebat
1119 2032 1288 2081 populus
1326 2044 1410 2067 cum
1443 2031 1598 2067 silencio
1631 2039 1667 2067 et
1697 2043 1794 2082 gra-

478 2090 594 2126 vitate
637 2097 672 2126 et
718 2090 920 2125 admirans
963 2090 1191 2139 proficiebat
1236 2090 1271 2126 in
1312 2090 1438 2125 verbis
1468 2089 1559 2135 suis,
1600 2089 1687 2137 quia
1726 2089 1795 2124 ad-

477 2148 638 2184 miracio
683 2148 754 2184 etsi
783 2148 866 2196 ipsa
911 2160 984 2183 non
1032 2156 1086 2184 est
1130 2160 1182 2184 ex·
1214 2148 1313 2199 fide,
1359 2155 1484 2183 tamen
1529 2147 1706 2183 invitacio
1741 2154 1796 2182 est

477 2207 529 2241 ad
548 2207 686 2256 fidem.
720 2206 821 2241 Nam
855 2206 918 2254 qui
949 2206 1171 2241 admiratur
1204 2207 1249 2241 de
1282 2206 1408 2241 verbis
1443 2206 1630 2249 doctrine,
1661 2218 1794 2254 quam-

478 2264 534 2299 vis
566 2265 692 2300 adhuc
725 2276 798 2300 non
839 2264 987 2311 credat,
1032 2271 1159 2302 tamen
1192 2264 1228 2300 in
1268 2264 1349 2313 ipso
1382 2263 1523 2299 lumine
1554 2262 1797 2299 credulitatis

479 2322 662 2368 consistit,
695 2329 733 2357 ut
766 2322 913 2359 credat.

545 2380 672 2415 Turbe
716 2387 826 2415 erant
859 2392 930 2428 que
965 2380 1282 2425 admirabuntur,
1329 2380 1368 2414 id
1400 2387 1468 2423 est,
1509 2378 1679 2428 populus
1712 2378 1794 2413 vul—

479 2439 606 2488 garis,
640 2450 713 2474 non
748 2445 859 2473 erant
907 2438 985 2473 illic
1023 2438 1202 2486 pharisei
1232 2445 1298 2473 aut
1335 2437 1534 2486 principes
1560 2436 1700 2486 populi
1730 2443 1795 2471 aut

479 2496 703 2532 sacerdotes
726 2495 791 2544 qui
819 2495 942 2531 solent
965 2508 1037 2532 non
1062 2496 1236 2531 discendi
1265 2496 1393 2531 studio
1426 2485 1576 2541 audire,
1609 2495 1678 2530 sed
1709 2506 1795 2529 con-

480 2554 710 2600 tradicendi,
763 2566 836 2589 non
881 2561 920 2588 ut
958 2554 1103 2602 aliquid
1136 2554 1273 2589 salutis
1312 2553 1521 2602 adquirant
1551 2553 1620 2588 sed
1651 2551 1797 2599 aliquid

552 2765 571 2784 1.
596 2758 632 2784 13:
655 2760 684 2784 et
705 2758 801 2784 deest.
928 2758 955 2783 s).
987 2758 1013 2784 A
1035 2757 1063 2784 in
1087 2765 1153 2784 mar
1178 2767 1204 2784 .:
1233 2757 1402 2784 lohannes.
1529 2764 1562 2783 11.
1584 2756 1627 2782 A:
1656 2755 1796 2782 undecin.

484 2793 518 2819 15.
540 2794 568 2819 A
589 2793 617 2819 in
640 2801 754 2826 marg:
778 2791 996 2819 Crisostomuv.
1087 2794 1133 2819 26.
1192 2802 1197 2819 :
1229 2792 1359 2819 excedit.
1453 2789 1496 2827 37.
1519 2790 1556 2817 B:
1579 2791 1627 2817 illi
1643 2789 1795 2825 pharisei.

531 2874 559 2894 2.
589 2864 629 2895 Is,
658 2864 711 2903 XI,
741 2873 770 2894 2.
874 2863 923 2894 κί’).
951 2864 1019 2905 Op.
1047 2864 1131 2906 Imp.
1158 2864 1178 2894 l.
1207 2874 1223 2894 c
1262 2874 1293 2905 p.
1321 2862 1398 2896 8311.

1808 884 1847 905 10

1809 1163 1846 1195 15

1808 1465 1849 1487 20

1808 1745 1848 1778 25

1811 2038 1826 2049 o

1811 2048 1852 2070 30

1812 2327 1851 2360 35
