2003 3322
217 214 306 243 CAP.
327 204 424 260 xvi]
729 217 868 250 PRiMA
895 217 1021 252 PARS.

213 338 373 374 purum,
413 323 514 373 quod
545 332 601 361 est
631 325 800 374 simplex
832 333 866 361 et
897 326 994 361 sicut
1026 326 1151 361 lumen
1197 325 1267 361 hoc
1313 325 1440 361 videri
1471 338 1542 361 non

213 390 340 432 potest
372 383 445 418 nisi
476 383 596 419 oculis
641 383 793 419 mundis
831 391 867 419 et
893 384 1020 432 puris,
1066 383 1116 418 ita
1151 395 1217 419 nec
1250 383 1356 419 Deus
1390 383 1543 419 videtur

218 441 291 476 nisi
332 441 515 476 mundum
559 441 608 476 sit
653 441 751 476 illud
794 453 865 489 quo
900 441 1026 477 videri
1062 448 1201 489 potest.
1247 440 1362 476 Multi
1407 449 1541 477 autern

218 499 366 535 habent
402 498 641 534 desiderium
689 500 757 534 sed
791 507 971 535 cecatum
1008 500 1214 547 quomodo
1248 501 1333 534 Deo
1367 498 1430 535 hic
1463 511 1543 535 ser-

186 556 323 592 5vient
376 564 413 592 et
469 556 761 592 beatitudinem
817 558 1097 604 merebuntur3
1150 565 1187 592 et
1229 556 1388 593 videtur
1434 558 1542 605 quod

220 613 401 650 Christus
434 613 474 650 in
507 614 583 650 isto
606 615 727 651 verbo
750 623 859 651 sexto
882 616 950 651 dat
973 614 1146 651 breviter
1169 615 1271 651 hanc
1296 614 1539 651 doctrinam.

101 673 181 717 359⁵*
220 671 297 717 Qui
361 671 466 708 enim
512 681 642 709 servat
688 685 756 709 cor
800 685 916 709 suurn
964 673 1160 709 mundum
1207 685 1229 708 a
1275 672 1444 709 crimine
1473 671 1477 724 Ι
1507 681 1544 709 et

220 729 407 767 exercitat
430 729 470 766 in
491 730 648 775 virtute,
684 731 747 767 hic
780 740 910 778 potest
942 730 1111 779 intelligi
1146 731 1298 766 mundo
1333 732 1472 776 corde3
1507 740 1544 767 et

220 801 311 824 cum
344 789 471 824 Deum
505 801 624 825 nemo
656 788 755 825 vidit
789 802 983 837 umquam
1009 789 1073 825 hie
1105 789 1145 825 in
1176 788 1253 835 via,
1278 790 1354 825 hoc
1386 788 1544 825 videtur

167 858 204 879 10
219 845 474 894 aptissimum
509 846 688 884 medium
722 848 772 883 ad
796 849 925 883 Deum
948 847 1119 884 faciliter
1152 846 1406 884 intuendum.
1440 849 1542 883 Nam

221 917 264 940 ex
297 904 375 940 fide
407 904 608 941 credimus
644 906 753 953 quod
786 917 905 941 nemo
941 906 1088 941 habere
1123 913 1255 953 potest
1288 905 1406 941 istam
1440 905 1544 941 noti-

219 962 337 1008 ciam,
362 962 446 998 nisi·
459 963 577 999 fuerit
601 958 771 1011 desuper
794 963 1030 1009 illustratus,
1055 976 1128 999 nec
1151 971 1283 1011 potest
1304 963 1433 999 viator
1456 975 1544 1011 per-

219 1020 351 1068 cipere
375 1020 554 1057 divinum
580 1020 752 1067 radium,
776 1021 852 1057 nisi
876 1034 992 1058 suurn
1016 1022 1227 1069 speculum
1252 1021 1352 1057 foret
1376 1022 1542 1057 clarum.

219 1079 311 1115 Ideo
357 1078 535 1115 medium
580 1079 827 1127 empericurn
873 1080 973 1116 foret
1020 1088 1103 1116 tarn
1137 1079 1386 1115 intellectum
1421 1092 1543 1127 quam

167 1136 406 1173 &affectum
453 1146 607 1185 tergere
653 1150 675 1173 a
720 1147 884 1185 peccato
930 1146 967 1173 et
1014 1137 1142 1185 polire
1191 1137 1297 1185 ipsos
1330 1137 1543 1173 virtutibus

220 1196 340 1231 modo
364 1207 444 1243 quo
463 1208 675 1244 possumus
697 1195 760 1231 hic
783 1195 823 1231 in
847 1196 929 1241 via3
955 1204 992 1232 et
1014 1204 1110 1232 tunc
1135 1208 1180 1232 ex
1204 1195 1543 1232 mundificacione

220 1253 371 1301 speculi
418 1262 456 1289 et
503 1253 750 1290 abstersione
796 1254 952 1290 macule
1012 1266 1150 1290 sumus
1195 1253 1368 1301 depositi
1414 1256 1542 1290 Deum

219 1310 406 1347 beatifice
440 1310 599 1347 intueri.

278 1369 511 1418 Dupliciter,
547 1369 678 1417 inquit
701 1369 987 1415 Crisostomus‚
1022 1377 1076 1405 est
1100 1369 1227 1406 Deum
1253 1370 1408 1406 videre:
1440 1377 1475 1406 et
1508 1369 1543 1404 in

165 1428 291 1463 201100
322 1427 448 1463 seculo
481 1434 516 1463 et
547 1427 583 1462 in
617 1427 694 1463 illo.
729 1428 771 1463 In
797 1428 867 1464 hoc
890 1428 1040 1477 quidem
1064 1429 1193 1464 seculo
1226 1428 1323 1464 Sicut
1354 1428 1543 1477 scriptum

220 1492 295 1521 est:
333 1485 411 1535 Qui
442 1485 543 1521 videt
576 1498 647 1532 me,
681 1485 785 1521 videt
829 1493 863 1522 et
900 1493 1055 1535 patrem
1102 1499 1240 1522 meum.
1275 1486 1416 1522 Mundi
1446 1486 1543 1522 enim

219 1550 308 1579 sunt
339 1544 457 1579 corde
490 1543 554 1592 qui
583 1556 655 1579 non
678 1544 803 1579 solum
827 1556 899 1580 non
924 1544 1082 1592 faciunt
1111 1545 1254 1580 malum
1279 1556 1346 1580 nec
1368 1544 1543 1594 cogitant

220 1602 288 1637 sed
319 1601 445 1637 adhuc
477 1602 595 1638 eciam
629 1602 693 1650 qui
723 1614 833 1638 omne
866 1602 1004 1638 bonum
1039 1609 1074 1638 et
1095 1602 1255 1652 faciunt
1286 1609 1321 1638 et
1354 1602 1542 1652 cogitant,

221 1659 307 1707 quia
341 1666 395 1695 est
427 1659 619 1695 interdum
642 1660 785 1708 facere
807 1661 946 1696 honum
980 1665 1016 1697 et
1047 1673 1119 1697 non
1152 1660 1341 1710 cogitare,
1375 1660 1439 1708 qui
1469 1673 1542 1696 non

165 1720 204 1752 25
216 1725 384 1766 propter
417 1718 542 1753 Deum
566 1718 725 1766 faciunt
757 1718 895 1754 bonum
927 1719 996 1754 sed
1023 1726 1192 1769 propter
1224 1719 1341 1753 aliam
1376 1719 1541 1755 alteram

221 1787 388 1811 causam.
431 1776 507 1819 Qui
537 1783 662 1811 autem
691 1784 858 1825 propter
881 1777 1006 1812 Deum
1024 1777 1129 1825 facit
1152 1777 1303 1823 bonum,
1327 1776 1407 1812 sine
1430 1776 1543 1812 dubio

222 1841 256 1869 et
289 1833 436 1883 cogitat
468 1834 619 1869 bonum.
672 1834 749 1877 Qui
791 1847 888 1884 ergo
937 1847 1084 1871 omnem
1134 1834 1322 1870 iusticiam
1357 1834 1463 1883 facit
1506 1841 1543 1870 et

222 1891 368 1941 cogitat
391 1899 516 1927 mente
536 1904 620 1935 sua,
652 1891 780 1928 Deum
805 1893 919 1937 videt,
948 1893 1125 1941 quoniam
1151 1892 1300 1928 iusticia
1311 1892 1454 1942 figura
1488 1900 1543 1928 est

223 1949 309 1995 Dei,
343 1950 450 1985 Deus
480 1950 577 1985 enim
601 1950 750 1985 iusticia
783 1958 850 1985 est.
885 1951 1102 1986 Secundum
1135 1963 1233 2001 ergo
1257 1951 1359 1998 quod
1390 1950 1540 1999 eripue-

167 2013 207 2044 30
224 2007 274 2042 rit
306 2007 388 2056 quis
430 2020 470 2043 se
512 2021 533 2043 a
574 2008 687 2043 malis
735 2016 771 2044 et
803 2009 951 2057 fecerit
993 2009 1104 2055 hona,
1149 2009 1357 2044 secundum
1404 2009 1475 2043 hoc
1506 2016 1542 2043 et

222 2067 347 2102 Deum
381 2066 481 2101 videt
522 2074 587 2102 aut
630 2067 847 2102 turbulente
890 2074 956 2102 aut
1002 2067 1155 2113 munde,
1199 2074 1266 2102 aut
1298 2066 1445 2102 modice
1476 2073 1542 2101 aut

221 2124 388 2173 amplius
418 2131 484 2159 aut
511 2125 698 2173 perfecte,
730 2131 795 2160 aut
826 2125 1019 2160 interdum
1052 2132 1117 2160 aut
1149 2137 1302 2173 semper
1332 2125 1540 2160 secundum

216 2182 508 2231 possibilitatem
532 2183 753 2218 humanam.
786 2183 873 2218 Hoc
905 2183 986 2231 ipso
1020 2183 1132 2219 modo
1166 2190 1201 2218 et
1232 2182 1297 2231 qui
1326 2183 1427 2217 male
1458 2182 1542 2232 agit

221 2247 255 2276 et
287 2240 445 2290 cogitat,
479 2240 673 2276 diabolum
706 2241 820 2287 videt,
865 2241 951 2289 quia
995 2253 1105 2276 omne
1135 2241 1279 2276 malum
1313 2239 1457 2276 diaboli
1487 2247 1542 2275 est

166 2298 363 2348 Rssfigura.
398 2298 439 2333 In
471 2299 598 2334 seculo
642 2305 769 2334 autem
815 2299 881 2334 illo
927 2299 1040 2334 modo
1087 2299 1221 2334 mundi
1263 2299 1382 2334 corde
1413 2298 1538 2333 Deum

221 2356 399 2391 videbunt
410 2356 521 2404 facie
541 2356 767 2404 adfaciem,
784 2356 859 2392 iam
883 2369 955 2392 non
972 2368 1047 2405 per
1068 2357 1265 2405 speculum
1289 2356 1324 2392 in
1348 2356 1542 2406 enigmate

220 2414 317 2449 sicut
350 2413 421 2448 hic.

277 2471 445 2507 Videtur
477 2479 610 2507 autem
645 2471 765 2507 istum
806 2480 990 2508 sanctum
1031 2472 1130 2508 velle
1163 2471 1367 2520 sapienter
1408 2471 1540 2507 dicere

222 2530 328 2577 quod
363 2529 505 2576 duplex
538 2538 595 2565 est
628 2529 699 2565 Dei
731 2529 843 2576 visio,
878 2529 1030 2566 scilicet
1063 2530 1260 2577 intuitiva‚
1295 2529 1401 2578 quali
1435 2529 1540 2566 beati

164 2601 209 2631 40
221 2587 356 2623 vident
378 2589 503 2623 Deum
539 2586 579 2622 in
607 2587 750 2635 patria,
788 2596 824 2623 et
848 2589 1050 2634 umbrosa,
1085 2588 1193 2636 quali
1216 2587 1383 2624 virtuosi
1405 2587 1541 2624 vident

294 2757 322 2784 6.
344 2758 387 2784 A:
410 2757 499 2784 hunc.
573 2756 618 2784 38.
640 2758 668 2784 A
688 2757 717 2784 in
740 2765 853 2792 marg:
875 2756 1044 2784 Jolzannes.

297 2851 346 2884 10.
374 2841 441 2882 Op.
469 2841 566 2882 Imp„
594 2841 615 2871 l.
643 2851 670 2871 c.
697 2851 731 2882 p.
758 2851 835 2883 790.
956 2851 1009 2871 21.
1036 2840 1116 2872 Joh.
1140 2841 1229 2880 XIV,
1256 2852 1288 2884 9.

1351 2900 1401 2940 4³*

1783 211 1825 246 51

1594 334 1663 361 God
1685 342 1741 361 can
1764 335 1798 361 be

1588 377 1658 397 seen
1679 370 1752 405 only
1773 370 1812 405 by

1611 412 1686 439 pure
1706 413 1786 442 eyes.

1571 2488 1650 2515 Two
1671 2497 1756 2525 ways
1777 2489 1812 2516 of

1599 2523 1704 2559 seeing
1724 2524 1793 2551 God

1588 2559 1670 2597 uby
1686 2559 1787 2598 ‘direct

1616 2598 1771 2620 lntmtlon.
