2003 3322
188 240 262 275 126

217 1399 277 1428 W'e
299 1408 354 1427 can
375 1400 424 1427 tell

202 1436 272 1463 who
294 1435 319 1463 is
340 1435 370 1462 in
392 1435 442 1462 the

884 245 1002 277 OPUS
1027 245 1365 276 EVANGELICUM
1534 232 1640 286 [CAP-
1661 241 1785 269 XXXV.

469 352 530 388 vel
575 351 743 388 ecclesia
788 351 998 397 militante,
1044 352 1104 388 vel
1150 353 1256 400 quod
1303 351 1351 388 sit
1396 364 1498 387 unus
1544 352 1592 387 de
1624 350 1787 399 partici-

470 409 658 458 pantibus
697 418 951 446 sacramenta
988 409 1094 446 illius
1140 409 1265 458 regni⁷
1312 411 1407 445 dum
1449 411 1559 446 nuda
1597 408 1788 457 opinione

470 467 589 503 fuerit
651 467 893 504 christianus
946 468 1008 504 vel
1070 469 1164 503 dum
1229 468 1351 504 homo
1414 467 1533 503 fuerit
1593 466 1789 515 predesti-

471 534 600 561 natus.
654 527 703 561 Et
741 525 796 562 sic
837 525 1112 573 equivocando
1158 527 1275 561 debet
1315 525 1482 561 concedi
1521 526 1628 573 quod
1667 526 1789 561 homo

472 592 530 619 est
568 583 609 619 in
647 596 770 631 regno
811 584 1003 629 celorum,
1050 585 1124 620 hoc
1165 592 1235 629 est,
1284 583 1324 619 in
1364 583 1532 619 ecclesia
1576 582 1823 629 militante,5

472 643 567 677 dum
629 649 766 677 tamen
828 654 910 677 non
970 641 1090 677 fuerit
1156 641 1358 689 particeps
1413 640 1692 687 beatitudinis3
1755 648 1793 676 et

471 708 690 747 utrumque
730 708 862 747 potest
901 699 1020 736 simul
1059 699 1189 735 eidem
1231 699 1482 747 contingere3
1523 707 1560 735 et
1598 693 1788 750 videtur}
1831 696 1913 741 3'67‘1

472 758 638 793 verbum
677 757 825 793 Christi
871 758 989 805 plane
1034 757 1151 794 istam
1193 757 1546 805 equivocacionem
1592 757 1788 805 detegere,

472 816 568 851 dum
608 814 705 851 dicit
744 817 853 864 quod
891 816 1072 851 minimus
1116 815 1315 851 vocabitur
1358 816 1393 850 in
1438 827 1561 865 regno
1600 815 1794 859 celorum;

474 882 510 909 et
569 885 659 909 cum
714 874 789 910 hoc
849 873 945 910 dicit
999 874 1107 922 quod
1167 886 1249 909 non
1306 873 1472 909 intrabit
1529 872 1570 908 in
1622 884 1791 920 regnum
1811 883 1850 905 10

475 931 668 968 celorum.

532 989 607 1025 Hic
653 988 924 1025 communiter
971 989 1178 1025 dubitatur
1223 998 1357 1026 utrum
1403 989 1584 1026 subiacet
1629 987 1792 1025 viatoris

474 1046 623 1083 iudicio
657 1046 833 1095 aliquem
868 1059 951 1084 esse
997 1047 1036 1083 in
1077 1047 1244 1084 66616513
1292 1047 1510 1094 militante;
1556 1055 1592 1083 et
1636 1046 1793 1083 videtur

474 1106 582 1153 quod
634 1104 704 1151 sic,
758 1105 852 1153 quia
905 1105 1020 1142 aliter
1071 1118 1154 1141 non
1207 1105 1481 1142 ministrarent
1539 1104 1630 1141 laici
1687 1105 1793 1141 clero

474 1163 676 1211 stipendia
727 1175 800 1199 nec
853 1163 1082 1211 acciperent
1135 1177 1156 1200 a
1201 1163 1477 1200 sacerdotibus
1523 1161 1849 1199 ecclesiastica15

474 1229 727 1257 sacramenta
772 1233 846 1257 nec
889 1221 1115 1258 iudicarent
1160 1222 1207 1257 de
1246 1221 1385 1270 quovis
1425 1220 1640 1269 superstite
1685 1221 1794 1269 quod

475 1279 706 1327 salvabitur,
736 1292 812 1328 que
846 1280 983 1316 omnia
1017 1292 1106 1316 cum
1132 1279 1212 1316 suis
1239 1279 1489 1328 appendiciis
1523 1287 1652 1316 essent
1673 1278 1793 1314 nimis

477 1337 663 1373 fidelibus
696 1350 880 1376 onerosa.

534 1395 609 1431 Hic
642 1395 793 1432 dictum
830 1405 887 1432 est
920 1397 1028 1444 quod
1062 1396 1207 1444 duplex
1252 1404 1309 1432 est
1353 1395 1546 1432 iudicium
1597 1404 1790 1443 quantum

196 1471 311 1498 church
333 1470 386 1497 but
407 1452 650 1501 notpertinet
683 1453 906 1502 proposito,
941 1454 1093 1490 scilicet
1126 1453 1320 1490 iudicium
1352 1455 1399 1490 de
1422 1466 1515 1491 vero
1538 1466 1609 1502 per
1632 1465 1672 1489 se
1694 1461 1793 1489 noto
1809 1462 1851 1484 20

214 1506 283 1533 W¹¹⁰
304 1506 330 1532 is
351 1505 385 1532 of
401 1505 433 1532 it.
474 1512 536 1547 vel
570 1511 660 1557 fide,
691 1521 728 1548 et
752 1512 946 1548 iudicium
973 1514 1021 1548 de
1044 1512 1239 1560 opinabili
1263 1514 1372 1560 quod
1394 1520 1562 1549 vocatur
1585 1524 1607 1548 a
1631 1510 1793 1560 quibus-

477 1570 568 1606 dam
603 1569 740 1617 opinio
772 1571 833 1606 vel
866 1570 1084 1607 arbitracio
1117 1570 1263 1618 topica.

534 1627 621 1664 Istis
654 1627 860 1675 premissis
895 1641 984 1664 cum
1022 1628 1285 1665 distinccione
1333 1628 1440 1665 dicta
1473 1630 1520 1664 de
1554 1626 1723 1664 ecclesia
1758 1634 1794 1662 et

476 1685 702 1733 specialiter
735 1688 942 1734 quomodo
975 1686 1174 1734 contingit
1207 1686 1411 1723 hominem
1448 1698 1531 1722 esse
1555 1685 1595 1722 in
1625 1684 1794 1721 ecclesia

478 1743 689 1789 militante,
723 1744 881 1780 videtur
913 1746 1022 1793 quod
1061 1745 1154 1781 licet
1186 1744 1329 1781 viatori
1363 1744 1542 1780 iudicare
1586 1742 1792 1780 hominem
1809 1742 1848 1775 25

477 1814 560 1837 esse
594 1802 634 1837 in
669 1802 837 1839 ecclesia
872 1802 1083 1849 militante,
1125 1802 1220 1851 quia
1260 1804 1336 1839 hoc
1375 1811 1432 1839 est
1465 1801 1665 1838 sensibile.
1715 1802 1793 1837 Sed

475 1868 613 1895 utrum
648 1861 770 1896 homo
804 1860 854 1896 sit
888 1862 935 1896 de
970 1860 1137 1897 ecclesia
1171 1860 1382 1910 militante,
1433 1873 1523 1896 cum
1565 1859 1671 1895 idem
1717 1860 1793 1895 hoc

477 1917 527 1954 sit
572 1926 610 1954 et
654 1918 832 1955 iudicare
878 1918 1083 1955 hominem
1131 1931 1214 1955 esse
1259 1918 1592 1968 predestinatum,
1637 1917 1794 1954 videtur

477 1977 586 2024 quod
619 1977 694 2013 hoc
728 1989 809 2012 non
842 1976 891 2013 sit
925 1977 988 2013 1116
1034 1990 1055 2013 3
1094 1977 1210 2013 nobis
1259 1976 1497 2025 simpliciter
1541 1977 1610 2012 sed
1656 1974 1793 2011 condi-

478 2033 689 2071 cionaliter
722 2043 842 2082 atque
875 2035 1140 2083 probabiliter
1178 2034 1454 2071 iudicandum.
1509 2034 1620 2070 Sicut
1660 2042 1791 2069 autem
1811 2034 1852 2066 30

478 2091 624 2140 opinor
658 2094 705 2129 de
740 2105 802 2129 me
836 2093 922 2141 ipso
957 2095 1066 2141 quod
1100 2093 1173 2129 sim
1209 2094 1257 2129 de
1292 2093 1460 2130 ecclesia
1494 2091 1704 2137 militante,
1739 2090 1794 2126 sic

478 2150 743 2198 probabiliter
802 2164 987 2199 suppono
1039 2153 1086 2187 de
1145 2151 1232 2187 aliis
1286 2164 1386 2199 quos
1438 2150 1553 2187 Video
1607 2149 1794 2185 diuturne

477 2208 606 2244 vivere
646 2209 910 2245 conformiter
948 2209 1024 2257 legi
1065 2208 1226 2245 Christi.
1281 2211 1329 2245 Et
1373 2222 1395 2245 a
1434 2221 1552 2245 sensu
1592 2205 1794 2244 contrario

478 2279 663 2314 suppono
711 2268 759 2302 de
804 2267 891 2303 aliis
944 2280 1035 2303 cum
1089 2268 1228 2303 eadem
1279 2266 1517 2303 condicione
1561 2266 1669 2314 quod
1712 2276 1795 2300 non

478 2333 569 2360 sunt
608 2326 655 2360 de
701 2324 882 2371 ecclesia,
929 2326 1024 2361 dum
1064 2325 1200 2362 vivunt
1240 2324 1394 2361 diutine
1434 2323 1674 2360 difformiter
1716 2321 1793 2370 legi
1812 2324 1851 2356 35

480 2381 641 2418 Christi.
696 2384 743 2418 Et
788 2382 842 2419 ita
887 2383 1051 2431 quidam
1102 2392 1335 2431 supponunt
1379 2381 1640 2430 probabiliter
1685 2381 1794 2429 quod

479 2452 551 2475 nec
596 2453 700 2487 papa
744 2452 817 2477 nec
863 2450 968 2477 secte
1012 2441 1087 2477 alie
1132 2449 1223 2477 sunt
1268 2442 1315 2476 de
1365 2440 1532 2477 ecclesia
1578 2438 1793 2483 militante;

480 2506 516 2533 et
561 2507 757 2545 quantum
803 2500 853 2534 ad
898 2498 1106 2535 inferenda
1151 2511 1195 2534 ex
1238 2498 1322 2534 istis
1367 2498 1506 2535 dicunt
1553 2498 1661 2546 quod
1705 2503 1796 2532 sunt

480 2555 676 2592 catholice
729 2558 1003 2604 concedenda,
1065 2557 1157 2593 licet
1212 2556 1291 2592 sint
1343 2558 1390 2593 de
1443 2555 1597 2592 difficili
1649 2553 1797 2603 practi-

478 2615 619 2650 zanda.
1809 2623 1854 2654 40

550 2812 574 2831 2.
596 2806 623 2832 A
645 2805 673 2832 in
696 2814 809 2840 marg:
834 2813 861 2833 2.
948 2804 971 2833 3.
994 2807 1037 2833 A:
1059 2806 1130 2833 cium
1150 2814 1215 2832 cum
1238 2806 1296 2832 lmc
1307 2804 1421 2841 fuerit.
1521 2803 1558 2832 13.
1580 2806 1607 2831 A
1629 2805 1656 2831 in
1680 2812 1794 2839 marg:

480 2838 620 2866 Dubium.
696 2848 737 2874 19.
759 2844 785 2867 A
801 2841 830 2867 in
847 2849 961 2875 marg:
983 2841 1162 2875 Responsio.
1187 2851 1206 2867 ι.
1282 2848 1321 2867 21.
1342 2840 1414 2867 Ain
1432 2847 1544 2874 marg:
1567 2847 1603 2872 2;
1623 2841 1667 2867 A:
1689 2840 1796 2875 quibus

479 2874 596 2908 opinio.
670 2874 711 2902 35.
734 2875 772 2902 B:
795 2875 953 2902 diuturne.
