2003 3322
205 230 287 274 416

240 349 306 376 The
327 348 446 375 faithful

221 383 332 410 should
354 387 471 409 correct

276 419 416 453 prelates.

225 1158 331 1186 Rulers
352 1157 461 1184 should

260 1194 327 1220 take
348 1200 434 1227 away

225 1229 342 1255 secular
364 1234 468 1262 power

208 1264 287 1291 from
308 1263 357 1289 the
371 1263 482 1297 clergy.

913 232 1031 263 OPUS
1056 232 1391 263 EVANGELICUM
1576 220 1682 273 [CAR
1704 229 1811 256 XLVI·

557 340 611 373 Ex
634 338 709 373 isto
733 338 841 373 claro
864 337 1064 385 principio
1089 337 1179 373 fidei
1204 350 1294 373 cum
1318 336 1558 373 testimoniis
1583 346 1810 373 sanctorum

498 404 629 443 potest
669 394 746 431 dici
786 394 950 442 prelatis
990 407 1012 431 a
1050 395 1112 431 via
1145 395 1291 431 Christi
1325 395 1596 432 deviantibus:
1637 397 1738 431 Ecce
1770 404 1811 431 tu

498 453 594 490 facis
633 452 674 488 in
707 452 1017 489 conversacione
1056 462 1124 489 tua
1163 454 1311 489 nedum
1346 452 1467 488 michi
1501 454 1569 489 sed
1602 452 1674 489 toti
1708 452 1811 489 mili-

496 511 594 547 tanti
648 510 813 547 ecclesie
872 510 1172 556 detrimentum,
1226 511 1320 558 quia
1384 512 1503 546 debes
1554 523 1626 546 nos
1678 510 1813 547 iuvare

496 568 760 616 spiritualiter
798 569 1004 617 sequendo
1038 567 1185 604 Christi
1224 568 1390 616 vestigia
1431 577 1467 604 et
1499 577 1683 616 patenter
1715 568 1846 605 facis5

497 626 750 674 oppositum;
784 625 875 662 ideo
908 634 945 661 te
979 625 1156 674 corripio
1192 635 1228 661 et
1258 626 1410 662 faculas
1440 626 1576 673 igneas
1607 626 1812 662 caritative

497 685 690 720 subtraho
723 683 867 732 quibus
900 684 940 719 in
973 683 1042 719 tali
1077 683 1244 720 crimine
1284 696 1323 720 es
1356 683 1517 732 ignitus,
1559 693 1596 719 et
1629 684 1683 721 sic
1714 684 1813 720 velle

496 743 622 778 debeo
667 743 775 789 quod
813 750 855 777 tu
895 741 1017 777 michi
1050 741 1173 778 facias
1214 741 1254 777 in
1288 754 1383 778 casu
1423 740 1642 788 consimili;
1688 750 1725 778 et
1758 742 1812 778 sic

497 801 711 836 emendata
743 800 845 835 foret
878 799 1061 846 ecclesia,
1095 799 1127 835 si
1161 799 1401 847 generaliter
1433 799 1539 835 istud
1568 799 1810 847 principium

497 857 589 894 fidei
634 857 751 893 fuerit
796 857 1060 905 publicatum.
1114 860 1214 893 Nam
1262 866 1401 894 contra
1447 858 1523 893 hoc
1567 857 1808 905 principium
1832 872 1871 892 10

497 925 554 951 est
585 917 693 963 quod
716 914 861 963 prelati
884 915 1057 963 spolient
1079 927 1173 951 suos
1196 915 1375 952 subditos
1400 917 1520 952 modo
1545 928 1624 963 quo
1647 915 1811 960 faciunt,

498 975 565 1010 sed
600 973 843 1021 principium
879 973 971 1009 fidei
1004 972 1172 1021 requirit
1205 975 1311 1021 quod
1353 974 1488 1009 fideles
1521 974 1758 1010 subtrahant
1792 986 1813 1010 a

497 1031 577 1068 suis
628 1031 817 1067 fratribus
869 1031 1121 1079 temporalia,
1177 1032 1271 1067 dum
1318 1044 1362 1067 ea
1408 1040 1682 1078 cognoverunt
1729 1044 1812 1068 esse

498 1089 617 1125 saluti
650 1102 718 1125 sue
751 1089 884 1125 anime
917 1098 1173 1126 nocumenta.

557 1149 605 1183 Et
634 1160 676 1183 ex
707 1147 782 1183 isto
811 1147 1012 1195 principio
1042 1147 1234 1183 fundatur
1257 1148 1364 1195 quod
1395 1147 1547 1183 domini
1570 1148 1813 1195 temporales
1832 1149 1868 1181 15

500 1206 644 1241 debent
668 1206 904 1242 subtrahere
927 1205 1056 1241 aviris
1080 1205 1361 1241 ecclesiasticis
1385 1205 1565 1241 seculare
1588 1204 1810 1241 dominium

500 1265 549 1299 ad
583 1264 803 1311 dampnum
837 1276 907 1300 sue
940 1263 1074 1299 anime
1109 1272 1248 1299 contra
1281 1263 1401 1299 fidem
1441 1262 1637 1311 scripture
1669 1262 1813 1299 stolide

499 1330 756 1369 occupatum.
796 1320 862 1357 Sic
895 1321 999 1357 enim
1037 1322 1182 1357 debent
1213 1320 1287 1357 viri
1321 1320 1582 1357 ecclesiastici
1615 1321 1813 1357 seculares

500 1379 686 1416 dominos
720 1380 939 1427 prudenter
972 1378 1175 1427 corripere
1209 1387 1245 1415 et
1278 1379 1433 1415 auferre
1457 1380 1505 1415 ab
1529 1378 1625 1426 ipsis
1648 1388 1813 1427 peccata

499 1437 644 1485 quibus
677 1449 745 1473 sue
778 1437 912 1473 anime
946 1437 1213 1473 maculantur.
1248 1438 1340 1473 Ideo
1364 1437 1423 1473 lex
1446 1436 1624 1473 caritatis
1647 1437 1813 1485 requirit
1829 1456 1871 1476 20

500 1496 608 1543 quod
637 1496 836 1531 seculares
865 1495 1013 1531 faciant
1043 1494 1407 1543 proporcionaliter
1429 1494 1469 1530 in
1492 1495 1674 1543 prelati53
1708 1496 1813 1531 unde

500 1565 660 1589 necesse
694 1562 751 1589 est
785 1553 943 1590 fidelem
978 1553 1198 1601 intelligere
1231 1553 1349 1588 istum
1385 1554 1536 1589 morale
1569 1553 1811 1601 principium

501 1613 549 1647 ad
590 1623 750 1648 sensum
792 1611 1030 1659 expositum,
1075 1611 1169 1659 quia
1202 1610 1303 1647 sicut
1338 1612 1459 1647 homo
1492 1619 1624 1659 potest
1657 1623 1741 1647 esse
1773 1611 1813 1647 in

502 1682 670 1717 corpore
712 1681 784 1705 suo
828 1668 1060 1705 febricitans
1106 1678 1143 1705 et
1194 1669 1329 1704 vinum
1384 1670 1572 1705 ardenter
1623 1678 1813 1717 appetere

501 1729 609 1775 quod
643 1727 832 1763 excitaret
865 1727 1039 1775 amplius
1068 1727 1218 1763 febrem
1249 1739 1376 1771 suam,
1411 1726 1511 1763 sicut
1535 1728 1657 1763 homo
1681 1735 1812 1775 potest
1829 1734 1869 1766 25

502 1798 587 1822 esse
632 1784 845 1821 freneticus
890 1785 957 1833 qui
1003 1784 1229 1821 inordinate
1274 1793 1481 1832 appeteret
1527 1785 1718 1832 gladium,
1771 1793 1814 1821 ut

502 1843 646 1879 iniuste
679 1842 894 1879 interficiat
927 1843 1090 1879 fratrem
1133 1855 1269 1885 suum;
1310 1851 1346 1878 et
1378 1851 1514 1878 tamen
1552 1855 1634 1879 non
1666 1851 1723 1879 est
1755 1842 1812 1878 in-

502 1900 697 1937 tencionis
743 1900 891 1937 Christi
935 1900 1080 1947 dicere,
1125 1900 1217 1937 licet
1262 1900 1352 1936 talis
1389 1900 1483 1936 velit
1526 1900 1566 1937 in
1603 1900 1674 1937 tali
1722 1913 1814 1937 casu

503 1961 649 1995 habere
682 1958 818 1995 vinum
852 1959 913 1995 vel
946 1958 1124 2006 gladium
1150 1959 1256 2007 quod
1290 1970 1333 1994 ex
1365 1957 1401 1994 vi
1435 1958 1613 1995 caritatis
1636 1958 1816 2006 porrigat

503 2017 577 2053 sibi
610 2017 721 2063 illud,
768 2016 861 2065 quia
900 2030 979 2053 nou
1019 2018 1136 2052 debet
1174 2016 1474 2052 racionabiliter
1511 2016 1566 2052 ita
1598 2017 1714 2061 velle3
1761 2016 1815 2052 sic
1832 2023 1874 2056 30

504 2076 631 2111 multo
670 2074 897 2111 evidencius
931 2076 1024 2110 dum
1065 2075 1187 2111 homo
1226 2074 1343 2110 fuerit
1376 2073 1416 2109 in
1448 2074 1547 2110 febri
1580 2075 1641 2111 vel
1673 2074 1816 2111 frenesi

503 2132 721 2181 spirituali:
770 2132 860 2169 ideo
901 2145 944 2168 ex
983 2133 1088 2169 facto
1122 2132 1272 2169 Christi
1311 2141 1347 2167 et
1379 2132 1509 2168 verbis
1548 2144 1709 2169 necesse
1744 2141 1814 2173 est,

504 2200 545 2226 ut
584 2190 688 2227 istud
729 2192 882 2227 morale
914 2190 1156 2238 principium
1198 2189 1445 2237 intelligatur
1478 2191 1527 2226 ad
1562 2203 1721 2227 sensum
1756 2203 1817 2226 ex-

504 2249 694 2298 positum,
735 2261 824 2284 cum
864 2250 951 2285 Joh.
985 2249 1083 2295 XIII,
1122 2248 1172 2294 34
1211 2248 1307 2284 dixit
1341 2247 1542 2284 Christus:
1586 2249 1814 2284 Mandatum

505 2320 642 2343 novum
684 2307 731 2342 do
772 2307 889 2353 vobis,
936 2313 975 2341 ut
1015 2306 1188 2356 diligatis
1227 2306 1398 2351 invicem,
1441 2306 1539 2342 sicut
1577 2306 1700 2342 dilexi
1735 2311 1872 2345 vos.35

505 2365 676 2410 Quando
700 2373 834 2400 autem
851 2363 1011 2412 cognati
1035 2364 1094 2399 sui
1116 2365 1288 2400 ,Iacobus
1312 2372 1349 2400 et
1365 2363 1571 2412 Philippus
1593 2364 1814 2400 secularem

505 2422 764 2471 appecierant
810 2422 1044 2470 dignitatem
1100 2434 1171 2469 per
1216 2430 1384 2458 matrem
1434 2434 1561 2467 suam,
1615 2430 1657 2457 ut
1708 2429 1817 2469 patet

506 2480 671 2516 Matthei
703 2481 785 2527 XX,
819 2480 999 2516 Christus
1032 2492 1112 2516 non
1147 2479 1255 2516 dedit
1287 2479 1340 2516 eis
1374 2468 1482 2515 illa'm
1523 2481 1590 2516 sed
1623 2479 1817 2516 concessit

505 2538 559 2574 eis
599 2538 733 2575 bibere
773 2537 937 2575 calicem
976 2537 1193 2586 passionis;
1233 2546 1270 2573 et
1308 2537 1570 2574 conformiter
1601 2537 1693 2574 fecit
1726 2549 1815 2573 cum

506 2596 659 2633 cunctis
692 2596 773 2632 suis
807 2595 1012 2644 apostolis,
1046 2597 1150 2632 unde
1184 2595 1248 2631 ille
1278 2595 1343 2643 qui
1378 2594 1602 2643 predicaret
1635 2603 1876 2643 patenter40

505 2654 609 2690 istud
643 2654 884 2702 principium
921 2653 1012 2689 fidei
1045 2667 1132 2690 cum
1169 2653 1249 2689 suis
1272 2652 1541 2701 sequentibus,
1575 2652 1819 2689 iudicaretur

578 2832 596 2849 1.
618 2824 646 2850 A
667 2824 694 2850 in
718 2831 831 2858 marg:
852 2822 1020 2850 Johannes.
1108 2822 1143 2850 15,
1164 2823 1192 2849 Α
1213 2822 1242 2849 in
1264 2830 1375 2856 marg:
1402 2821 1575 2849 Conclusio.
1660 2820 1706 2849 36.
1729 2821 1768 2848 B:
1790 2824 1819 2848 et

504 2857 671 2885 lohannes.
