2003 3322
225 2142 292 2169 The
312 2142 433 2169 faithful

219 2176 315 2211 ought
336 2181 389 2204 not
408 2181 439 2203 to

297 2211 364 2246 beg.

892 232 1010 263 Opus
1036 230 1370 262 EVANGELICUM
1582 219 1689 273 [CAP.
1713 229 1791 256 xm.

478 347 520 373 ut
568 338 617 373 sit
658 338 784 385 figura
823 338 1083 373 alienacionis
1123 351 1143 373 a
1184 338 1268 384 lege
1303 336 1451 372 Christi
1492 347 1529 373 et
1568 340 1616 373 ab
1656 340 1790 373 obser-

478 396 619 431 vancia
664 396 723 431 sui
765 395 956 443 precepti.
1011 398 1059 430 Et
1098 397 1147 430 ad
1190 395 1309 430 istum
1350 406 1511 431 sensum
1546 395 1787 431 catholicum

479 453 657 501 loquitur
689 454 936 500 Augustinus
971 453 1197 500 utrobique,
1246 452 1311 488 ubi
1345 462 1639 489 commemorat
1672 453 1788 489 istam

480 511 702 547 materiam.
750 512 864 547 Unde
910 511 949 546 in
994 510 1166 546 decretis
1201 513 1256 546 De
1296 512 1548 556 Consecrac.‚
1591 511 1680 547 dist.
1721 514 1788 558 11³,

479 582 565 617 cap.
619 570 695 613 Qui
739 570 973 604 nzcniducant
1027 578 1063 604 et
1107 568 1202 604 alibi
1249 570 1353 604 Deus
1397 568 1650 605 necessitavit
1694 569 1823 605 ist0s5

479 627 676 663 hereticos
711 627 885 662 inserere
918 628 1038 663 verba
1071 635 1304 662 sanctorum
1339 635 1478 662 contra
1511 639 1551 662 se
1584 626 1693 674 ipsos
1717 640 1789 674 pro

480 694 619 721 nostra
665 685 774 720 fideli
820 685 1036 720 sentencia.
1085 685 1199 720 Unde
1238 683 1483 731 Augustinus
1529 684 1568 720 in
1614 684 1790 732 capitulo

485 744 562 786 Qui
593 743 827 778 manducant
860 742 915 778 sic
939 742 1137 789 loquitur:
1170 742 1283 786 Quod
1307 742 1470 785 videtur,
1504 741 1647 790 inquit,
1676 743 1791 791 panis

477 808 532 836 est
561 808 595 836 et
613 801 719 836 calix
739 801 842 849 quod
855 801 956 835 oculi
978 800 1211 835 renunciant.
1244 800 1358 843 Quod
1372 800 1607 849 autenzfides
1618 801 1791 848 postulat

479 858 702 894 instruenda
743 858 857 906 panis
889 866 944 893 est
986 870 1127 906 corpus
1167 857 1323 892 Christi.
1379 859 1427 892 Et
1471 859 1707 905 jeronymus
1751 858 1850 893 in10

479 916 646 963 epistola
692 917 741 951 ad
788 915 1036 951 Helbidiam:
1085 916 1170 961 Vos,
1209 914 1352 962 inquit,
1399 915 1613 962 audiamus,
1650 928 1790 964 panem

478 986 586 1022 quem
617 973 752 1024 fregit
790 974 980 1009 Dominus
1024 973 1199 1022 deditque
1238 973 1435 1021 discipulis
1480 974 1789 1009 manducandum

478 1045 618 1081 corpus
673 1044 754 1067 esse
797 1031 958 1067 Domini
999 1031 1221 1076 salvatoris,
1266 1031 1348 1079 ipso
1393 1031 1557 1066 dicente:
1602 1031 1687 1066 Hoc
1737 1039 1792 1067 est

478 1102 620 1139 corpus
653 1102 790 1125 meum.
826 1091 873 1124 Et
904 1088 1141 1125 Ambrosius
1176 1088 1271 1124 dicit
1304 1089 1412 1135 quod
1446 1088 1543 1124 illud
1577 1090 1685 1137 quod
1717 1089 1791 1125 fuit

478 1148 591 1195 panis
625 1147 702 1183 iam
739 1156 795 1182 est
829 1159 974 1194 corpus
1008 1146 1154 1182 Christi
1187 1146 1330 1182 virtute
1362 1147 1575 1182 verborum
1611 1147 1788 1182 Domini.
1811 1147 1846 1178 15

479 1208 553 1242 Iste
587 1214 746 1241 sanctus
778 1218 859 1240 non
892 1206 1066 1241 audebat
1100 1204 1230 1240 dicere
1264 1205 1371 1252 quod
1403 1204 1549 1241 virtute
1582 1216 1650 1240 sue
1673 1206 1791 1241 bene-

480 1263 673 1300 diccionis
707 1272 743 1298 et
776 1264 990 1299 verborum
1025 1262 1174 1298 diaboli
1207 1262 1321 1309 panis
1351 1262 1416 1299 ille
1439 1262 1709 1299 adnichilatur
1731 1263 1791 1299 vel

479 1321 623 1357 desinit
669 1333 751 1357 esse
799 1321 1017 1356 secundum
1059 1320 1279 1368 quamlibet
1324 1320 1383 1355 sui
1423 1329 1591 1368 partem.
1647 1323 1696 1356 Et
1733 1320 1789 1356 illi

479 1388 598 1415 testes
647 1387 826 1414 recentes
872 1378 1032 1426 allegati
1072 1377 1111 1414 in
1150 1377 1398 1414 contrarium
1441 1390 1482 1414 ex
1525 1378 1680 1414 defectu
1721 1391 1789 1414 sue

480 1436 733 1473 fundacionis
778 1449 858 1472 non
901 1446 992 1472 sunt
1036 1436 1099 1472 hic
1143 1449 1164 1472 a
1205 1435 1389 1471 fidelibus
1429 1436 1635 1472 recitandi.
1689 1439 1790 1472 Sunt
1807 1446 1848 1466 20

480 1495 584 1531 enim
630 1494 753 1530 nostri
800 1503 977 1530 recentes
1010 1493 1175 1530 heretici
1208 1495 1295 1541 plus
1334 1494 1443 1530 stulti
1481 1507 1600 1541 quarn
1644 1506 1789 1540 mures,

481 1566 569 1589 cum
606 1552 740 1588 dicant
774 1554 883 1600 quod
915 1552 990 1600 ipsi
1024 1553 1242 1588 comedunt
1276 1552 1460 1588 accidens
1494 1551 1577 1587 sine
1610 1551 1787 1588 subiecto

482 1620 518 1647 et
551 1610 758 1646 dimittunt
791 1610 910 1646 aliam
942 1609 1213 1646 substanciam
1239 1609 1593 1655 incomescibilem,
1625 1609 1718 1646 licet
1743 1610 1791 1646 sit

482 1668 681 1704 infinitum
741 1667 881 1703 melior
934 1681 1054 1716 quam
1110 1667 1274 1715 aliquod
1327 1667 1515 1704 accidens
1568 1669 1789 1715 corporale.

482 1725 730 1774 Augustinus
773 1734 906 1762 autem
972 1734 1008 1761 et
1061 1725 1182 1761 ceteri
1234 1724 1302 1772 qui
1353 1725 1628 1773 intelligebant
1675 1726 1847 1761 voces25

482 1783 667 1832 proprias
727 1783 909 1819 dixerunt
971 1784 1078 1831 quod
1133 1795 1176 1819 ex
1234 1782 1383 1819 noticia
1442 1784 1654 1819 verborum
1716 1784 1791 1819 hoc

480 1850 675 1878 noverant
703 1838 706 1892 Ι
737 1842 845 1889 quod
878 1840 1062 1877 accidens
1096 1853 1177 1876 non
1211 1849 1341 1888 potest
1375 1853 1458 1876 esse
1481 1840 1565 1877 sine
1589 1840 1790 1887 subiect03
1832 1840 1913 1873 ‘385³

481 1901 547 1936 sed
591 1898 718 1935 nostri
758 1899 1041 1935 blasfemantes
1081 1898 1121 1934 in
1162 1901 1289 1934 Deum
1331 1898 1467 1934 dicunt
1506 1898 1590 1935 sine
1628 1899 1791 1935 racione

480 1958 541 1994 vel
574 1969 689 1993 sensu
724 1958 831 2004 quod
867 1969 937 2004 per
970 1956 1077 2004 ipsos
1101 1959 1206 1992 Deus
1241 1956 1334 1993 facit
1367 1956 1651 1993 insensibiliter
1684 1956 1790 1992 istud

484 2015 736 2052 miraculum.
772 2016 850 2051 Sed
883 2014 939 2050 illi
973 2014 1040 2063 qui
1073 2016 1222 2050 audent
1246 2024 1287 2050 ut
1312 2014 1426 2050 Greci
1452 2023 1488 2050 et
1512 2014 1646 2050 fideles
1671 2014 1791 2051 ceteri
1808 2016 1850 2047 30

482 2074 591 2121 ipsos
625 2072 807 2108 derident
840 2081 881 2108 ut
914 2072 1082 2109 stolidos
1115 2072 1155 2107 in
1188 2073 1261 2108 hac
1295 2081 1419 2119 parte.

543 2132 696 2175 Quarto
751 2138 861 2177 patet
915 2143 958 2166 ex
1009 2130 1084 2166 ista
1128 2129 1333 2166 sentencia
1378 2131 1485 2178 quod
1531 2129 1666 2165 fideles
1711 2142 1791 2165 non

485 2190 628 2224 debent
668 2189 716 2224 ab
763 2187 850 2224 aliis
891 2187 1132 2233 mendicare,
1179 2189 1247 2223 sed
1282 2189 1390 2235 quod
1423 2188 1614 2224 habentes
1647 2200 1789 2235 panem

483 2245 749 2282 sufficientem
785 2258 858 2293 pro
892 2245 989 2293 ipsis
1024 2254 1060 2281 et
1084 2244 1172 2281 aliis
1196 2246 1341 2281 debent
1366 2246 1584 2293 prudenter
1607 2254 1644 2281 et
1667 2245 1791 2293 gratis

484 2303 688 2351 egentibus
721 2303 933 2351 impertiri.
980 2304 1095 2340 Unde
1130 2316 1220 2339 cum
1254 2303 1362 2340 iuxta
1397 2303 1689 2340 Crisostomum
1724 2303 1847 2351 qui35

483 2361 661 2398 abutitur
699 2361 768 2397 tali
812 2374 916 2409 pane
954 2362 1014 2398 vel
1047 2363 1321 2398 consumendo
1354 2361 1394 2398 in
1423 2374 1463 2398 se
1494 2362 1581 2409 ipso
1611 2362 1671 2397 vel
1700 2374 1792 2397 con-

553 2533 572 2551 1.
595 2524 633 2551 ss:
656 2524 852 2551 elevaciom's.
960 2524 986 2551 8.
1008 2525 1052 2551 A:
1078 2525 1262 2553 manducat:
1294 2525 1333 2551 ib.
1356 2526 1383 2552 A
1402 2525 1431 2551 iu
1455 2532 1566 2558 marg:
1594 2524 1792 2559 Augustinus.

483 2567 511 2594 9.
533 2560 577 2586 A:
609 2560 775 2594 postulant.
869 2567 910 2585 10.
932 2559 959 2586 A
979 2559 1009 2586 in
1031 2567 1144 2594 marg:
1176 2559 1360 2586 jeronimus.
1483 2568 1515 2586 ιι,
1539 2560 1575 2586 Β;
1609 2559 1792 2586 Helhedam.

484 2602 523 2626 1³1.
546 2595 573 2621 A
595 2594 622 2620 in
646 2601 759 2628 marg:
781 2593 969 2620 Ambrosius.
1045 2594 1166 2621 18.Ain
1181 2602 1294 2628 marga
1317 2594 1399 2621 Nota
1420 2593 1672 2629 quodsecundum
1686 2593 1793 2628 Augu-

480 2629 591 2655 stinum
602 2631 630 2655 el
641 2628 722 2655 alios
733 2629 847 2655 nullum
859 2628 1001 2655 accidens
1010 2632 1115 2664 potest
1124 2637 1189 2656 esse
1198 2629 1263 2655 sine
1278 2629 1422 2656 subiecto.
1488 2627 1530 2655 32.
1543 2630 1570 2655 A
1582 2629 1610 2655 in
1625 2637 1719 2662 marg.
1731 2638 1736 2655 :
1749 2628 1794 2660 J);

482 2663 522 2689 ib.
546 2663 584 2690 B:
609 2662 727 2698 Quarto
744 2666 846 2698 potest
866 2663 975 2690 notari
993 2672 1031 2691 ex
1050 2664 1110 2690 ista
1130 2664 1296 2690 sentencia.
1398 2663 1443 2691 36.
1472 2663 1587 2691 Codd.:
1615 2664 1790 2690 abutuntur.

555 2748 582 2779 3.
604 2747 735 2778 Decreti
752 2746 868 2777 Tertia
883 2747 964 2778 Pars
986 2748 1062 2778 dist.
1083 2747 1120 2787 11,
1140 2757 1211 2788 cap.
1230 2748 1344 2778 LVIII.
1458 2758 1489 2783 ο.
1509 2748 1568 2778 Sti.
1588 2747 1790 2789 Hieronymi

482 2793 545 2833 Ep.
574 2793 615 2823 ad
644 2793 838 2832 Hedibiam,
866 2793 943 2824 Vol.
964 2792 1089 2833 1⁷8243
1117 2793 1168 2824 Cf.
1190 2794 1385 2835 Wyclifne
1403 2786 1630 2833 Eucharistia,
1658 2804 1689 2834 p.
1716 2803 1791 2824 200.

489 2848 536 2868 12.
565 2838 615 2869 Cf.
643 2838 776 2880 Wyclif
800 2839 848 2869 De
875 2838 1100 2878 Eucharistia,
1128 2849 1159 2880 p,
1186 2850 1240 2882 un.
