2003 3322
210 223 292 269 428
921 232 1039 264 oPUS
1065 231 1401 264 EVANGELICUM
1654 220 1761 274 [CAP.
1781 230 1814 257 1„

501 353 544 376 ea
577 352 647 388 que
680 340 726 376 de
763 339 918 375 Christo
952 340 998 375 ab
1030 339 1376 388 antiquisfuerunt
1406 340 1654 388 prophetata,
1687 341 1727 376 id
1748 349 1816 389 est,

502 399 682 434 doctores
720 398 985 434 ecclesiarum.
1032 398 1109 433 Sed
1147 404 1182 433 et
1220 409 1351 433 omnes
1391 397 1595 434 christiani
1624 399 1818 447 prophete

502 456 683 492 dicuntur
705 456 770 504 qui
796 455 831 491 in
866 468 1031 505 regnum
1065 463 1100 491 et
1131 455 1398 491 sacerdocium
1432 463 1467 491 et
1499 456 1534 491 in
1562 457 1816 505 propheciam

501 521 712 564 unguntur.
762 514 842 549 Nec
874 513 971 549 enim
1005 513 1087 561 quis
1120 520 1249 562 potest
1282 513 1534 562 propheticos
1566 514 1821 563 interpretari

498 584 644 618 sensus,
669 571 743 607 nisi
762 572 901 607 habeat
922 571 1101 620 spiritum
1120 571 1342 621 prophecie.
1379 571 1463 607 Hec
1491 579 1616 608 autem
1648 573 1819 610 diximus
1835 582 1851 613 5

500 637 540 666 ut
572 630 832 673 ostendamuS‚
865 629 952 678 quia
980 630 1172 678 prophete
1205 629 1251 664 de
1278 629 1412 678 quibus
1439 629 1619 666 Christus
1651 631 1820 679 loquitur

501 689 680 724 doctores
725 688 916 723 dicuntur.
972 687 1104 723 Sciens
1154 700 1251 738 ergo
1296 688 1488 724 Dominus
1524 688 1690 736 futuros
1739 702 1820 726 esse

491 746 627 795 falsos
656 746 835 782 doctores
866 746 1042 781 heresum
1068 745 1312 782 diversarum
1347 753 1480 782 contra
1505 757 1618 782 veros
1640 747 1820 784 doctores

501 805 565 853 qui
600 803 820 852 scripturas
853 803 1106 852 propheticas
1145 811 1180 839 et
1217 804 1451 853 apostolicas
1478 816 1669 853 perversa
1702 805 1818 841 inter-

495 862 723 911 pretacione
755 861 1051 910 confunderent,
1086 862 1170 897 ideo
1198 874 1274 911 per
1301 862 1498 911 apostolos
1528 874 1619 898 suos
1650 864 1817 899 omnium
1841 882 1878 902 10

501 920 752 956 ecclesiarum
793 920 973 956 doctores
1010 920 1192 956 admonet
1231 920 1379 956 dicens:
1424 920 1619 956 Attendite
1649 933 1671 956 a
1695 922 1819 970 falsis

497 978 714 1028 prophetis.
750 979 832 1014 Hec
866 977 1150 1014 crisostomus.

1048 1136 1188 1177 CAP.
1221 1137 1271 1178 L.

559 1233 819 1282 Prosequitur
858 1242 991 1269 autem
1031 1232 1105 1269 iste
1143 1232 1301 1269 subtilis
1340 1233 1607 1281 philosophus
1653 1242 1690 1269 et
1728 1247 1819 1282 pro-

500 1293 646 1329 fundus
669 1291 879 1339 theologus
904 1292 1007 1327 hanc
1035 1291 1261 1338 preciosam
1295 1290 1520 1327 doctrinam
1547 1291 1818 1339 evangelicam
1840 1297 1873 1330 15

500 1350 540 1386 in
573 1350 645 1386 hee
677 1350 816 1386 verba:
858 1350 911 1385 Et
942 1362 988 1385 ne
1010 1350 1127 1398 forte
1159 1349 1261 1385 dicat
1293 1349 1431 1397 aliquis
1463 1350 1653 1386 hereticus
1686 1351 1822 1386 doctor

499 1409 587 1458 quia
633 1420 707 1443 non
753 1408 854 1443 dixit
882 1408 1016 1456 falsos
1055 1420 1124 1444 nos
1162 1408 1380 1456 prophetas
1423 1408 1492 1443 sed
1534 1408 1740 1458 gentilium
1786 1416 1822 1445 et

264 1477 331 1504 The
352 1475 427 1502 talse
501 1467 709 1503 Iudeorum
744 1466 935 1512 doctores,
974 1465 1058 1502 ideo
1092 1465 1244 1501 addidit
1283 1466 1433 1501 dicens:
1478 1466 1555 1510 Qui
1585 1466 1739 1502 veniunt
1770 1467 1822 1502 ad

240 1511 457 1576 ξζζρὲνῗξῃεάρ
502 1538 569 1561 vos
601 1525 636 1560 in
671 1524 905 1560 vestimentis
937 1524 1076 1560 ovium.
1115 1523 1305 1567 Quamvis
1336 1531 1371 1559 et
1400 1524 1447 1559 de
1466 1524 1637 1560 Judaicis
1668 1524 1819 1573 quidem

290 1582 411 1616 against
491 1583 615 1632 salsis
646 1583 833 1631 apostolis
865 1590 900 1618 et
926 1582 1131 1631 prophetis
1169 1582 1242 1618 ista
1274 1582 1456 1630 predicit
1501 1589 1627 1618 tamen
1666 1582 1714 1618 de
1744 1582 1852 1619 illis
1837 1598 1875 1619 20

216 1627 267 1647 are
287 1617 473 1647 Christians
498 1641 672 1677 Judaicis
715 1640 779 1689 qui
821 1640 857 1676 in
902 1640 1098 1676 Chizstum
1144 1641 1295 1688 quidem
1322 1640 1492 1687 fuerant
1536 1640 1726 1676 credituri
1770 1653 1821 1677 ex

500 1700 564 1744 eis,
611 1710 802 1748 perversa
847 1705 974 1734 autem
1026 1698 1223 1747 loquentes
1270 1698 1479 1733 secundum
1524 1698 1817 1749 suggestionem

501 1757 669 1807 maligni
703 1756 864 1805 spiritus
902 1757 953 1791 ad
991 1756 1283 1805 corrupcionem
1323 1755 1626 1793 christianorum
1651 1756 1821 1804 fuerant

500 1815 679 1861 locuturi,
715 1815 761 1850 de
787 1815 922 1864 quibus
951 1815 1131 1850 cavendis
1158 1814 1194 1850 in
1228 1813 1332 1850 omni
1361 1813 1524 1863 epistola
1556 1827 1625 1850 sua
1657 1815 1820 1851 sollicite

500 1880 696 1909 ammonet
728 1873 948 1921 Apostolus,
987 1884 1151 1920 quorum
1179 1872 1262 1922 filii
1290 1879 1378 1908 sunt
1415 1879 1450 1907 et
1488 1872 1648 1908 heretici
1689 1873 1876 1909 nzodo.25

507 1931 606 1967 Oves
644 1931 741 1966 enim
788 1931 993 1967 christiani
1030 1930 1222 1976 dicuntur,
1263 1930 1528 1966 vestimentum
1561 1937 1687 1966 autem
1721 1931 1820 1967 ovile

501 1996 555 2025 est
577 1989 721 2038 species
744 1989 1048 2024 christianitatis.
1082 1989 1194 2024 Vides
1216 1988 1305 2037 quia
1328 1989 1374 2024 de
1398 1988 1575 2024 hereticis
1597 1988 1819 2024 christianis

501 2047 669 2096 loquitur
713 2047 892 2083 Christus
933 2047 1154 2097 fugiendis,
1206 2047 1271 2095 qui
1318 2059 1340 2082 a
1377 2046 1488 2094 foris
1542 2046 1578 2082 in
1624 2047 1819 2083 schemate

501 2105 704 2141 christiani
730 2105 910 2141 videntur
931 2105 978 2140 ab
1011 2105 1112 2141 intus
1143 2112 1269 2140 autem
1303 2104 1555 2152 confessionis
1587 2104 1820 2154 efficacitate

499 2163 677 2214 gentiles.
739 2163 791 2198 Et
838 2163 902 2199 isti
945 2163 1065 2198 multo
1117 2162 1421 2211 periculosiores
1470 2169 1558 2198 sunt
1603 2174 1715 2210 quam
1762 2162 1877 2199 illi30

499 2221 664 2267 Judaici,
698 2221 877 2270 quoniam
911 2221 970 2256 illi
998 2220 1152 2269 quidem
1188 2220 1321 2257 reiecti
1350 2220 1396 2256 ab
1429 2220 1616 2269 apostolis
1639 2228 1674 2256 et
1697 2221 1822 2257 notati

501 2287 616 2316 extra
662 2286 887 2315 conventum
934 2278 1237 2315 christianorum
1282 2278 1443 2314 heretici
1492 2278 1741 2328 vagabantur
1784 2286 1820 2315 et

489 2337 637 2385 furtim
671 2337 857 2385 quosdam
900 2337 1201 2385 corrumpebant
1233 2337 1417 2372 incautos.
1452 2336 1520 2371 Isti
1551 2343 1677 2372 autem
1711 2337 1822 2385 quasi

490 2395 658 2444 fundati
700 2393 903 2431 christiani
947 2402 982 2430 et
1026 2395 1207 2431 ecclesias
1250 2407 1341 2431 suas
1389 2394 1592 2439 habentes‚·
1642 2401 1677 2430 et
1727 2394 1820 2443 quid

502 2453 617 2489 dico?
660 2453 842 2489 ecclesias
880 2453 998 2489 eciam
1033 2460 1213 2502 regentes
1239 2453 1372 2501 palam
1406 2464 1490 2488 cum
1524 2451 1700 2488 libertate
1730 2452 1817 2488 sub·
1834 2455 1874 2488 35

502 2518 669 2547 vertunt.
704 2511 757 2546 Et
787 2511 842 2547 sic
874 2510 1124 2559 multiplicati
1152 2518 1241 2546 sunt
1273 2522 1324 2546 ex
1356 2510 1511 2546 diverso
1545 2517 1586 2545 ut
1617 2510 1821 2546 christiani

503 2569 597 2619 vagi
629 2569 766 2618 pocius
806 2569 1010 2604 videantur
1047 2581 1159 2617 quam
1199 2568 1267 2606 illi.
1312 2568 1365 2604 Et
1397 2568 1587 2616 quomodo
1627 2580 1699 2604 non
1730 2575 1819 2604 sunt

498 2627 713 2675 periculosi
755 2633 821 2662 aut
862 2627 1055 2675 quomodo
1098 2627 1262 2663 suadent
1309 2626 1451 2662 multis.
1504 2625 1557 2661 Et
1602 2638 1648 2662 ne
1691 2626 1818 2662 adhuc

574 2820 609 2847 13.
634 2820 654 2846 13
675 2820 712 2846 'in
743 2829 856 2854 marg:
889 2827 942 2854 47.
1055 2820 1093 2847 18.
1121 2821 1164 2847 A:
1199 2820 1345 2847 doctores
1373 2819 1465 2846 deest.
1574 2818 1611 2846 31.
1640 2819 1684 2846 A:
1718 2820 1814 2846 notat.

502 2855 544 2883 35.
566 2857 609 2882 A:
632 2855 728 2882 eciam
750 2855 849 2890 deest3
871 2856 892 2882 B
915 2855 1009 2882 addit.
1084 2855 1130 2882 36.
1154 2857 1197 2882 A:
1220 2855 1250 2881 in
1271 2854 1443 2881 christiani.
