2003 3322
183 214 257 260 176

192 333 426 368 Imperfections

199 370 229 396 in
250 369 299 396 the
318 368 377 395 law
397 367 431 394 of

245 403 379 430 divorce.

883 215 1001 246 OPUS
1026 215 1362 248 EVANGELICUM
1511 202 1617 260 [CAP-
1638 214 1775 242 XLVIII-

522 322 751 357 Secundum
800 320 982 357 mirabile
1025 320 1182 357 videtur
1226 321 1265 357 in
1318 321 1386 358 tali
1441 321 1619 358 divorcio
1667 323 1775 371 quod

465 379 670 427 duplicata
710 379 827 426 culpa
867 390 910 414 ex
950 387 1061 426 parte
1100 379 1310 427 utriusque
1350 379 1566 428 coniugum
1606 392 1686 416 non
1718 380 1775 416 in-

464 436 614 485 fligitur
668 449 771 485 pena
817 436 983 472 divorcii
1031 438 1100 472 sed
1149 437 1236 484 ipsa
1281 437 1470 473 existente
1522 437 1668 485 simpla
1720 447 1777 474 est

464 504 628 542 propter
662 494 793 530 minus
827 502 1036 541 peccatum
1068 507 1171 542 pena
1205 494 1372 531 divorcii
1407 497 1650 544 exequenda,
1685 508 1774 532 curn

463 561 599 588 tamen
653 551 923 589 communiter
975 561 1143 600 uterque
1197 552 1412 600 coniugum
1471 553 1522 589 sit
1572 552 1809 602 particeps5

465 610 620 658 peccati
654 609 819 646 alterius
852 609 908 645 sic
941 610 1156 646 carnaliter
1189 610 1444 655 fornicantis;
1487 619 1524 647 et
1558 610 1590 646 si
1623 624 1704 647 non
1736 611 1776 647 in

464 668 615 704 carnali
638 667 912 704 fornicacione
936 667 1189 716 participent,
1224 667 1468 716 participant
1500 677 1635 705 tamen
1668 681 1776 705 com—

465 726 640 762 muniter
684 725 725 761 in
763 725 938 773 peccatis
983 725 1070 761 aliis
1113 726 1362 773 gravioribus
1407 735 1444 762 et
1489 738 1581 774 sepe
1627 726 1772 763 coniux

463 796 624 820 servans
657 796 697 819 se
731 796 753 819 a
787 782 1059 819 fornicacione
1083 784 1233 820 carnali
1256 793 1396 832 peccat
1418 784 1459 820 in
1481 797 1598 820 suum
1622 784 1772 821 socium

463 841 621 889 gravius
653 841 827 877 aliunde.
862 843 952 877 Ideo
974 841 1131 877 videtur
1154 843 1261 890 quod
1294 842 1361 878 illa
1394 842 1453 878 lex
1485 851 1567 878 tam
1593 842 1774 878 deferens
1796 859 1834 879 ιο

464 909 501 936 et
535 901 757 935 secundum
798 900 925 947 legem
967 900 1189 935 humanam
1231 912 1307 948 que
1340 899 1543 936 sensibilia
1576 908 1671 936 nota
1705 901 1775 936 ho-

465 957 639 993 minibus
678 956 841 1005 respicit
879 969 1086 1005 nunquam
1128 969 1172 993 ex
1204 957 1275 994 Dei
1316 957 1517 1005 sapiencia
1559 958 1772 1005 emanavit,

463 1024 500 1052 et
544 1014 771 1064 specialiter
819 1016 913 1050 dum
963 1014 1003 1050 in
1048 1014 1226 1051 divorcio
1271 1024 1441 1063 utraque
1494 1027 1665 1063 persona
1717 1024 1775 1052 est

464 1073 617 1122 punita.
653 1075 829 1109 Persona
862 1085 955 1120 ergo
990 1085 1030 1108 se
1063 1073 1273 1109 continens
1306 1086 1387 1109 non
1420 1082 1476 1109 est
1500 1082 1666 1122 propter
1697 1073 1775 1110 vir-

462 1140 589 1167 tutem
623 1130 875 1168 continencie
908 1131 1130 1178 punienda3
1177 1131 1217 1167 in
1262 1132 1359 1168 tales
1400 1130 1682 1179 perplexitates
1716 1131 1774 1167 in·
1795 1137 1830 1169 15

463 1189 601 1226 cidunt
638 1189 790 1226 viantes
830 1190 1049 1225 secundum
1089 1188 1391 1225 intricacionem
1436 1189 1533 1237 legis
1586 1190 1773 1227 humane.

521 1249 569 1283 Et
601 1247 707 1283 idem
730 1246 898 1292 videtur,
934 1259 1024 1283 cum
1050 1249 1155 1283 Deus
1188 1259 1269 1282 non
1294 1247 1351 1283 bis
1373 1246 1488 1295 punit
1514 1246 1554 1283 in
1577 1246 1618 1283 id
1640 1247 1773 1295 ipsum

464 1307 571 1354 quod
596 1317 767 1353 persona
800 1304 972 1341 contrita
1007 1306 1054 1341 de
1089 1304 1255 1341 crimine
1288 1317 1369 1341 non
1402 1306 1517 1341 debet
1550 1305 1659 1341 luere
1693 1306 1774 1341 tale

463 1372 674 1411 peccatum
698 1372 788 1411 post
812 1363 969 1410 plenam
995 1362 1317 1399 satisfaccionem
1334 1375 1403 1411 per
1426 1363 1505 1399 tale
1529 1362 1772 1411 divorcium,

463 1423 532 1457 sed
572 1421 660 1469 quis
698 1421 771 1457 scit
811 1421 842 1457 si
884 1420 974 1456 talis
1013 1420 1240 1457 satisfaccio
1280 1420 1329 1456 sit
1369 1420 1595 1469 completa?
1639 1429 1677 1457 et
1718 1420 1773 1457 ita
1789 1435 1831 1456 20

462 1479 622 1516 videtur
661 1478 763 1515 sicut
803 1491 973 1527 persona
1011 1491 1052 1515 se
1091 1478 1300 1515 continens
1332 1487 1463 1526 potest
1500 1479 1685 1515 laborare
1723 1480 1774 1515 ad

462 1538 540 1574 tale
573 1537 809 1583 divorcium,
844 1537 900 1573 sic
933 1545 970 1573 et
1004 1549 1177 1585 persona
1208 1549 1288 1581 rea,
1338 1549 1426 1573 cum
1461 1549 1542 1573 non
1575 1536 1666 1573 licet
1699 1536 1773 1573 sibi

462 1596 645 1632 laborare
698 1596 748 1631 ad
798 1596 876 1631 tale
927 1594 1160 1640 divorcium,
1233 1594 1309 1630 nisi
1360 1595 1478 1642 culpa
1526 1594 1576 1631 sit
1629 1595 1772 1641 deleta,

463 1653 557 1702 quia
597 1652 713 1689 aliter
750 1652 887 1689 liceret
926 1652 1000 1689 sibi
1040 1664 1248 1689 remanere
1292 1652 1332 1688 in
1377 1653 1513 1700 culpa3
1562 1661 1599 1688 et
1643 1653 1774 1689 deleta

464 1711 581 1759 culpa
626 1711 764 1747 liceret
808 1710 881 1747 sibi
925 1723 998 1759 pro
1044 1709 1321 1758 complecione
1373 1710 1530 1747 iustic³e
1584 1722 1628 1746 ex
1671 1723 1773 1758 pura
1790 1713 1829 1746 25

464 1768 716 1806 consciencia
756 1768 895 1817 exequi
941 1769 1038 1804 illud
1086 1768 1323 1815 divorcium,
1364 1777 1401 1804 et
1445 1777 1540 1804 tunc
1583 1777 1625 1804 ut
1667 1769 1774 1816 leges

464 1828 639 1863 humane
677 1826 858 1863 obiciunt
902 1827 1065 1863 haberet
1108 1835 1276 1875 uterque
1322 1825 1464 1862 coniux
1503 1825 1771 1871 occasionem,

463 1886 557 1921 dum
592 1884 673 1921 vult
706 1897 728 1921 a
761 1884 931 1932 coniuge
963 1897 1034 1920 sua
1067 1884 1260 1932 superari,
1305 1883 1438 1920 taliter
1481 1883 1684 1930 fornicari,
1730 1892 1772 1920 ut

464 1944 608 1979 habeat
641 1942 896 1979 occasionem
929 1954 969 1978 se
1002 1955 1023 1978 a
1056 1955 1125 1978 sua
1159 1942 1330 1990 coniuge
1363 1941 1588 1990 separandi.

521 2003 568 2036 Et
601 2001 699 2036 tales
733 2000 988 2036 difficultates
1021 2009 1125 2047 sunt,
1160 2000 1191 2036 si
1219 2001 1269 2036 ad
1302 2008 1460 2048 tempus
1494 1999 1533 2035 in
1566 2012 1645 2048 quo
1679 2012 1770 2036 con·
1788 2004 1829 2036 30

462 2058 572 2106 iuges
606 2058 846 2094 conveniunt
880 2067 1014 2106 posset
1037 2058 1122 2094 fieri
1146 2057 1367 2094 divorcium
1391 2066 1429 2094 et
1451 2057 1595 2093 iterum
1621 2056 1771 2094 reditus

462 2116 594 2152 anime
617 2117 667 2152 ad
692 2129 857 2152 manens
881 2116 1069 2152 continue
1093 2115 1411 2161 matrimonium,
1442 2117 1603 2164 quando
1627 2116 1770 2163 placet,

462 2173 689 2222 specialiter
722 2187 811 2210 cum
845 2183 1013 2222 uterque
1046 2174 1262 2221 coniugum
1286 2183 1419 2222 posset
1452 2173 1507 2209 sic
1540 2173 1770 2210 necessitari

462 2245 505 2268 ex
539 2231 836 2268 incontinencia
869 2234 977 2280 quod
1017 2232 1131 2268 aliter
1169 2244 1250 2268 non
1289 2231 1438 2280 poterit
1476 2243 1516 2267 se
1555 2244 1577 2267 a
1617 2230 1771 2267 luxuria

462 2290 678 2327 continere.
726 2292 774 2326 Et
807 2302 897 2326 cum
939 2290 1013 2326 hoc
1056 2289 1287 2337 contingere
1327 2297 1459 2337 posset
1498 2288 1827 2326 indifferenter35

461 2348 522 2384 vel
545 2347 612 2383 uni
627 2348 687 2383 vel
710 2348 837 2393 alteri,
862 2347 1023 2384 difficile
1046 2347 1201 2384 videtur
1223 2347 1397 2383 limitare
1420 2347 1525 2394 leges
1548 2348 1768 2383 secundum

463 2418 561 2453 quas
595 2407 741 2442 debent
774 2405 905 2441 debite
939 2406 1072 2454 quoad
1104 2406 1235 2442 locum
1271 2414 1308 2441 et
1342 2404 1636 2453 possessionem
1679 2417 1769 2441 cum

462 2464 549 2499 aliis
594 2463 912 2500 circumstanciis
955 2463 1147 2511 separari,
1202 2463 1295 2511 quia
1353 2471 1484 2510 potest
1537 2462 1768 2510 contingere

463 2522 570 2569 quod
603 2522 714 2558 locus
747 2520 1008 2557 dormicionis
1032 2530 1240 2569 separatus
1262 2533 1344 2557 non
1367 2520 1417 2556 sit
1440 2520 1494 2557 eis
1517 2520 1768 2558 conveniens

532 2744 550 2763 ι.
573 2736 599 2763 Α
621 2736 650 2763 in
673 2744 786 2770 marg:
819 2743 845 2763 2.
955 2736 982 2770 8,
1004 2744 1032 2770 9.
1055 2738 1098 2763 A:
1132 2736 1245 2763 coniux
1263 2736 1376 2763 suavis.
1485 2744 1525 2763 10.
1549 2736 1586 2763 B:
1614 2734 1769 2771 differens.

463 2769 499 2798 13.
521 2772 565 2797 A:
598 2771 773 2806 specialiter
793 2772 954 2798 communi.
1064 2771 1099 2798 15.
1120 2773 1163 2798 A:
1198 2774 1229 2798 et
1256 2772 1342 2798 tales.
1453 2772 1493 2798 16.
1516 2772 1558 2797 A:
1592 2770 1621 2797 in
1643 2770 1768 2797 viantes.

462 2813 500 2839 17.
522 2807 550 2832 A
571 2805 600 2832 in
623 2813 736 2840 marg.:
757 2814 790 2840 3.
898 2805 941 2834 23.
964 2805 1001 2832 B:
1035 2807 1098 2833 tale
1127 2805 1297 2833 divorcium
1328 2806 1421 2833 deest.
1461 2805 1577 2833 Codd.:
1611 2805 1669 2832 hoc
1699 2805 1768 2833 nisi.

461 2839 504 2869 32.
525 2841 570 2869 A:
590 2841 691 2869 anime
711 2841 807 2868 deest.
881 2839 925 2876 37.
946 2841 992 2869 A:
1014 2840 1125 2868 debent
1143 2840 1240 2868 twice.
