2003 3322
194 188 283 216 CAP.
303 178 442 231 xxm]
665 188 877 220 SECUNDA
904 188 1029 219 PARS.

252 299 300 333 Et
333 297 471 333 eodem
505 296 625 332 modo
649 296 696 331 de
719 294 867 330 iudicio
900 294 1142 339 futurorum,
1167 306 1243 341 que
1276 302 1366 329 sunt
1399 292 1501 329 iudi-

196 354 301 391 canti
340 352 545 401 incognita
584 361 621 389 et
658 351 810 389 noticia
850 364 990 388 eorum
1031 360 1090 387 est
1123 353 1206 387 Deo
1239 351 1414 399 propria,
1461 359 1503 387 ut

194 413 302 461 quod
340 411 428 449 talis
461 410 824 458 condempnabitur
856 419 925 446 aut
957 411 1065 458 quod
1097 409 1163 446 ille
1195 409 1432 446 salvabitur:
1466 418 1502 445 et

195 470 250 507 sic
284 471 331 506 de
364 468 560 506 similibus
593 468 792 516 ambiguis
825 469 872 504 de
905 468 1053 504 futuro.

163 533 178 564 5
252 529 329 564 Sed
366 526 492 563 tercio
532 528 651 563 modo
692 525 929 563 abscondito
962 525 1158 573 contingit
1190 537 1274 561 esse
1306 523 1501 561 iudicium

193 585 462 631 temerarium,
487 585 582 620 dum
605 593 741 621 tamen
770 584 898 632 ipsum
923 582 1145 620 iudicatum
1169 582 1287 619 fuerit
1309 581 1502 619 iudicanti

193 642 366 679 sciencia
399 642 604 679 communi
638 642 858 690 cognitum,
901 643 969 678 sed
1008 641 1229 689 occupacio
1274 640 1380 677 circa
1424 640 1503 676 tale

193 700 387 737 iudicium
421 709 478 737 est
510 700 670 748 utrique
702 699 808 748 parti
840 699 1006 746 inutilis,
1032 708 1069 735 et
1092 699 1148 735 sic
1180 711 1273 747 sepe
1307 697 1504 747 contingit

194 759 402 808 loquentes
435 758 636 806 superflue
668 759 716 794 de
749 757 979 794 hominibus
1014 756 1206 795 iudicare.

141 914 179 934 10
656 894 794 935 CAP.
828 893 1048 934 XXXII.

252 993 307 1027 Ex
338 990 423 1027 istis
455 990 625 1026 infertur
657 990 928 1027 communiter
960 989 1165 1026 temeritas
1203 988 1341 1026 iudicii
1373 988 1504 1036 prela-

193 1058 328 1085 torum
362 1048 430 1096 qui
464 1057 672 1085 assumunt
711 1057 921 1097 tamquam
955 1047 1200 1096 principium
1238 1048 1346 1095 quod
1379 1046 1504 1083 laicus

192 1107 254 1143 vel
305 1105 486 1143 subditus
538 1119 619 1142 non
671 1107 788 1143 debet
840 1106 1018 1142 iudicare
1071 1107 1119 1142 de
1170 1105 1266 1153 ipsis
1311 1104 1504 1153 quicquid

193 1164 371 1210 fecerint,
405 1165 473 1200 sed
506 1163 580 1212 ipsi
614 1173 777 1201 econtra
810 1165 955 1200 debent
986 1173 1067 1200 tarn
1101 1165 1150 1199 de
1182 1162 1350 1199 subditis
1383 1175 1504 1211 quam

143 1224 242 1260 15de
285 1221 398 1258 laicis
446 1223 813 1270 quomodocunque
858 1221 1056 1258 voluerint
1099 1221 1291 1258 iudicare.
1337 1222 1385 1257 Et
1429 1220 1506 1257 ista

193 1279 465 1317 incarceracio
498 1280 637 1316 iudicii
669 1279 822 1316 laicalis
856 1279 1007 1328 proprii
1037 1287 1095 1316 est
1117 1279 1281 1315 indubie
1304 1278 1505 1327 originata

194 1350 237 1374 ex
285 1337 413 1374 heresi
456 1337 706 1374 Antichristi.
761 1337 859 1383 Quis
905 1337 1009 1374 enirn
1061 1337 1218 1373 dubitat
1262 1337 1360 1386 quin
1411 1336 1505 1373 licet

193 1395 304 1432 laicis
341 1395 519 1432 iudicare
552 1397 599 1432 de
631 1395 906 1444 questionibus
939 1394 1249 1441 mathematicis,
1288 1407 1425 1443 ymmo
1458 1396 1506 1431 de

194 1453 469 1502 questionibus
523 1453 722 1501 practicis,
776 1462 819 1490 ut
863 1462 971 1501 patet
1016 1454 1063 1489 de
1107 1453 1277 1489 seculari
1325 1452 1505 1499 brachio,

137 1528 178 1548 20
195 1513 304 1560 quod
343 1511 552 1559 suspendit
591 1520 628 1548 et
667 1511 782 1548 aliter
820 1510 969 1548 occidit
1009 1520 1046 1547 et
1079 1510 1231 1547 cruciat
1265 1520 1347 1547 tam
1380 1510 1504 1547 laicos

194 1582 316 1617 quam
356 1570 623 1617 presbyteros,
664 1582 763 1618 quos
807 1581 850 1605 ex
882 1568 964 1605 suis
1003 1568 1192 1617 operibus
1232 1568 1384 1605 iudicat
1422 1581 1506 1604 esse

193 1639 294 1663 reos.
347 1628 474 1663 Immo
525 1627 649 1664 tercio
702 1627 872 1675 populus
924 1626 1187 1663 necessitatur
1231 1639 1300 1674 per
1346 1635 1506 1663 curatos

193 1684 420 1732 superiores
464 1685 641 1721 iudicare
679 1694 762 1721 tam
806 1684 928 1721 laicos
969 1698 1089 1733 quam
1128 1686 1384 1733 presbyteros
1424 1696 1507 1721 esse

193 1743 396 1779 adulteros
420 1751 456 1778 et
478 1742 593 1779 aliter
615 1742 867 1789 criminosos,
898 1742 1000 1779 sicut
1022 1744 1266 1791 quandoque
1295 1742 1506 1790 episcopus

139 1807 177 1840 25
192 1800 405 1837 necessitat
449 1802 620 1848 prodere
658 1801 764 1848 ipsos
803 1800 890 1837 sibi.
938 1800 1035 1846 Quis
1076 1813 1170 1848 ergo
1210 1800 1360 1837 diceret
1398 1802 1507 1848 quod

194 1858 407 1906 episcopus
452 1858 558 1906 cogit
604 1859 761 1907 plebem
801 1858 979 1895 iudicare
1013 1859 1060 1895 de
1099 1860 1333 1907 presbytero
1367 1867 1507 1895 contra

193 1916 346 1964 legem?
404 1918 451 1952 Et
503 1926 645 1964 quarto
697 1916 987 1953 necessitantur
1039 1916 1175 1952 fideles
1237 1917 1284 1952 de
1342 1916 1506 1964 proprio

195 1982 307 2010 reatu
350 1973 529 2010 iudicare
569 1983 605 2010 et
643 1974 898 2010 immunitate
931 1974 970 2010 in
1005 1974 1334 2020 confessionibus,
1380 1974 1506 2010 immo

197 2033 305 2079 quod
338 2034 565 2068 sacerdotes
598 2031 659 2068 sui
691 2041 784 2068 sunt
818 2031 927 2079 digni
960 2032 1022 2068 vel
1055 2032 1208 2080 indigni
1241 2032 1425 2080 accipere
1458 2034 1507 2068 ab

140 2089 290 2138 3oipsis
323 2089 566 2137 stipendium
597 2091 705 2138 quod
739 2089 921 2126 doctrina
954 2102 1025 2126 sua
1058 2099 1116 2126 est
1148 2102 1245 2126 sana
1276 2091 1338 2127 vel
1370 2091 1504 2136 stulta,

196 2156 233 2183 et
277 2147 515 2194 generaliter
554 2149 660 2195 quod
702 2156 894 2195 patronus
932 2149 993 2184 vel
1037 2148 1159 2184 frater
1197 2160 1290 2184 suus
1334 2160 1506 2196 peccans

195 2204 235 2240 in
266 2205 396 2252 ipsum
427 2206 485 2241 vel
519 2204 593 2241 sibi
627 2204 761 2241 dicens
793 2206 920 2252 legem
946 2205 1094 2242 Christi
1124 2218 1146 2242 a
1174 2206 1259 2253 lege
1282 2218 1352 2242 sua
1376 2206 1507 2242 deviat

195 2263 256 2298 vel
307 2264 424 2298 docet
476 2262 660 2299 semitam
705 2262 897 2299 veritatis.
951 2265 998 2299 Et
1042 2263 1214 2300 breviter
1260 2272 1351 2300 sunt
1400 2263 1506 2300 mille

197 2332 312 2356 casus
350 2319 391 2356 in
429 2320 573 2368 quibus
617 2320 882 2357 necessitatur
925 2321 1097 2369 populus
1143 2323 1190 2357 de
1228 2321 1506 2358 sacerdotibus

141 2383 180 2417 35
197 2386 278 2414 tam
313 2377 532 2414 maioribus
566 2391 687 2426 quam
722 2378 945 2415 minoribus
978 2378 1170 2425 iudicare,
1206 2391 1295 2415 cum
1330 2392 1436 2427 papa
1470 2389 1507 2416 et

197 2435 374 2483 episcopi
414 2436 625 2473 vendicant
664 2438 772 2484 quod
816 2436 1008 2485 quicquid
1047 2436 1088 2473 in
1127 2436 1251 2474 literis
1289 2437 1350 2473 vel
1389 2437 1507 2474 bullis

198 2493 487 2539 mandaverint,
527 2494 700 2542 populus
734 2495 851 2531 debet
884 2495 1045 2531 credere
1083 2507 1167 2531 esse
1200 2494 1363 2531 iustum.
1405 2496 1506 2532 Cum

198 2563 291 2598 ergo
331 2551 526 2598 Christus,
572 2554 678 2589 Deus
723 2561 760 2589 et
804 2553 926 2589 homo
972 2552 1177 2590 mandavit
1221 2553 1417 2601 populum
1459 2554 1506 2590 de

268 2744 286 2762 1.
308 2737 335 2763 A
356 2736 385 2763 in
408 2745 521 2771 marg:
544 2744 572 2764 2.
645 2736 669 2764 5.
691 2737 884 2773 Ai111na1·g.:
906 2746 938 2772 3.
1008 2746 1046 2772 17.
1060 2739 1088 2765 A
1103 2738 1131 2765 in
1149 2746 1264 2772 marg:
1282 2747 1303 2765 1.
1378 2747 1419 2773 ις).
1436 2739 1504 2766 Ain

199 2779 312 2804 marg:
337 2778 363 2797 2.
393 2798 395 2801 ,
461 2779 503 2798 22.
525 2774 551 2798 A
573 2772 601 2798 in
626 2780 739 2807 marg:
760 2781 792 2805 3,
894 2779 939 2807 20,
960 2780 1003 2807 27.
1025 2774 1069 2800 A:
1092 2773 1130 2799 de
1147 2773 1327 2808 presbytero
1351 2774 1504 2809 —fideles

199 2804 291 2832 deest.
365 2806 409 2832 28.
432 2807 473 2833 A:
496 2809 585 2833 reatu
605 2807 701 2834 ecsam
721 2807 920 2834 immunitate.
995 2806 1037 2834 32.
1060 2809 1103 2834 A:
1124 2807 1155 2835 in
1176 2808 1274 2842 ipsum
1296 2808 1400 2836 deest..

1711 176 1782 213 361

1527 530 1554 556 A
1576 527 1734 564 judgment
1755 528 1781 555 is

1519 565 1588 591 rash
1610 565 1699 590 when
1720 564 1742 591 it
1767 564 1793 591 is

1609 599 1698 633 given

1535 633 1775 669 unnecessarily.

1532 993 1666 1021 Prelates
1686 992 1777 1028 judge

1529 1030 1649 1064 layrnen
1672 1028 1787 1064 rashly,

1535 1064 1625 1091 while
1645 1064 1716 1099 they
1736 1066 1785 1098 try

1553 1103 1584 1125 to
1604 1099 1691 1126 t‘etter
1710 1097 1761 1124 the

1552 1133 1711 1168 iudgment
1730 1133 1765 1159 of

1589 1168 1721 1205 Iaymen.
