2003 3322
176 232 255 268 274
870 229 988 260 opus
1014 228 1348 259 EVANGELICUM
1591 215 1696 269 [CAP.
1718 224 1769 251 1x.

214 344 281 382 The
301 344 404 380 virtue
463 337 572 372 illam
607 335 976 372 sanctificacionem
1013 336 1204 369 debemus
1238 335 1495 381 postmodum
1528 333 1614 369 fieri
1638 343 1770 381 partes

176 378 587 446 Ifflssffissssssdpgffitfgnregni.
634 396 681 429 Et
723 392 896 428 mirabili
937 393 1057 427 modo
1097 391 1227 439 prima
1268 391 1414 439 peticio
1455 392 1596 427 alludit
1634 391 1771 427 virtuti

243 448 268 474 is
291 447 375 474 saith.
464 451 567 497 fidei,
616 465 705 487 cum
740 451 853 498 origo
892 449 1019 486 tocius
1068 449 1157 485 fidei
1203 449 1417 485 christiane
1450 458 1527 485 stat
1560 449 1771 485 inicialiter

463 510 503 546 in
527 511 610 546 Deo
640 518 765 557 patre,
801 518 837 544 et
871 508 987 544 istam
1022 508 1140 543 fidem
1167 508 1357 544 debemus
1390 516 1432 542 ut
1464 508 1769 543 fundamentum

464 567 503 604 in
534 567 597 603 via
630 578 869 614 supponere,
907 574 947 601 ut
978 565 1275 601 sanctificemus
1307 577 1456 601 nomen
1489 565 1573 601 Dei.

192 620 429 690 [geijiiieosseitoilsd
521 627 562 660 In
595 625 669 661 ista
701 637 794 660 vero
827 625 1002 660 secunda
1035 622 1233 670 peticione
1267 635 1355 670 spes
1390 622 1637 671 intelligitur,
1679 622 1772 670 quia

271 690 360 724 hope.
464 683 594 719 omnis
646 695 734 730 spes
787 681 949 718 viatoris
1002 681 1041 717 in
1094 680 1341 717 beatitudine
1394 694 1472 728 qua
1519 680 1675 717 venitur
1723 682 1772 716 ad

464 741 634 788 patriam
671 749 727 776 cst
761 739 932 787 figenda.
968 738 1077 775 Licet
1109 747 1240 775 autem
1276 738 1449 775 sciamus
1483 740 1589 787 quod
1615 747 1771 786 oportet

464 811 631 845 regnum
672 797 834 834 Domini
875 796 1084 845 expurgari
1125 805 1162 832 et
1201 796 1493 844 predestinatos
1533 810 1554 833 a
1594 796 1772 844 reprobis

466 856 638 892 finaliter
670 855 861 903 separari,
902 864 1037 891 tamen
1070 853 1110 890 in
1143 856 1369 902 appetendo
1404 856 1479 890 hoc
1511 854 1663 890 sincere
1696 855 1772 890 ele—

464 927 606 949 vamur
644 914 682 949 in
722 925 789 961 spe
830 914 1049 949 secundum
1085 912 1355 948 intencionem
1389 914 1438 948 ad
1472 912 1644 959 patriam
1680 925 1773 948 con-

465 971 612 1007 fortati.
658 974 739 1007 Nec
778 973 890 1007 obest
930 972 1038 1018 quod
1077 983 1237 1006 oremus
1277 983 1350 1017 pro
1383 970 1451 1006 illo
1485 972 1589 1018 quod
1625 970 1772 1006 scimus

464 1029 691 1065 necessario
732 1029 900 1075 evenire,
948 1028 1041 1076 quia
1075 1029 1246 1076 quedam
1281 1028 1432 1075 species
1465 1028 1665 1064 oracionis
1698 1041 1773 1076 que

467 1096 523 1123 est
577 1087 753 1124 elevacio
809 1086 952 1122 mentis
997 1086 1036 1121 in
1083 1088 1207 1122 Deum
1262 1097 1332 1133 per
1376 1087 1497 1122 talem
1542 1086 1773 1122 oracionem

465 1145 679 1181 necessarii
718 1144 878 1193 proficit
916 1144 1144 1180 necessario
1185 1143 1429 1191 deprecanti.
1479 1145 1526 1179 Et
1560 1146 1665 1180 Deus
1704 1156 1774 1192 per
1817 1144 1827 1151 ⁷

184 1211 232 1237 ΑΗ
254 1211 304 1248 the
326 1211 440 1248 virtues
466 1204 585 1239 talem
633 1203 874 1250 peticionem
922 1203 1104 1249 placatur
1148 1201 1279 1237 oranti
1325 1210 1361 1237 et
1406 1201 1602 1238 benefacit
1639 1201 1695 1237 illi
1735 1201 1774 1237 in

189 1245 437 1306 arehiemlpsslfffdqsm
466 1263 540 1297 hoc
574 1262 682 1309 quod
717 1269 773 1297 est
805 1259 1075 1296 necessarium
1111 1261 1159 1295 ad
1195 1259 1355 1295 finalem
1390 1259 1679 1295 beatitudinem
1705 1261 1773 1295 ad-

255 1322 374 1350 prayer.
466 1319 720 1367 quirendum,
756 1327 792 1354 et
827 1321 883 1363 (ut
917 1317 1043 1354 sancti
1067 1317 1237 1365 predicti
1261 1326 1402 1353 notant
1437 1330 1479 1354 ex
1502 1317 1631 1354 verbis
1661 1317 1773 1353 istius

466 1377 666 1412 oracionis
700 1375 917 1425 dominice)
958 1375 998 1411 in
1037 1375 1215 1423 quolibet
1253 1388 1437 1411 sermone
1477 1375 1559 1412 eius
1599 1384 1635 1412 et
1674 1388 1774 1423 pene

465 1434 505 1470 in
544 1434 721 1483 qualibet
754 1447 825 1470 sua
857 1434 998 1470 sillaba
1031 1442 1122 1469 sunt
1156 1434 1252 1469 fides
1292 1442 1329 1469 et
1364 1433 1507 1470 caritas
1541 1443 1577 1470 et
1608 1433 1774 1470 virtutes

466 1492 540 1529 alie
573 1492 769 1528 intimate.
817 1492 921 1537 Quid
955 1504 1052 1539 rogo
1085 1491 1216 1527 innuit
1248 1491 1424 1539 primum
1457 1494 1620 1529 verbum
1657 1492 1776 1527 Pater

466 1558 596 1586 noster
626 1550 702 1586 nisi
735 1550 941 1586 caritatem
976 1562 1097 1597 quam
1133 1551 1324 1585 debemus
1358 1551 1504 1586 habere
1527 1552 1576 1586 ad
1606 1549 1775 1586 invicem

467 1610 517 1645 ad
541 1608 693 1644 Deum?
727 1610 815 1644 Non
849 1607 956 1643 enim
989 1607 1084 1643 dicit
1107 1608 1226 1642 Pater
1249 1608 1302 1642 mi
1323 1609 1391 1643 sed
1414 1608 1535 1643 Pater
1567 1615 1708 1651 noster,
1733 1616 1775 1642 ut

467 1668 608 1702 doceat
631 1667 739 1714 quod
756 1667 946 1701 debemus
963 1665 1000 1700 in
1020 1664 1187 1701 caritate
1207 1665 1508 1701 communicare
1525 1678 1613 1701 cum
1633 1665 1773 1701 amicis

467 1737 512 1760 ac
546 1724 671 1760 eciam
696 1723 882 1769 inimicis,
916 1735 988 1759 nec
1011 1735 1201 1759 vocamus
1225 1735 1313 1758 eum
1340 1722 1402 1759 hic
1427 1725 1554 1759 Deum
1578 1732 1774 1768 nostrum,
1817 1725 1827 1755 ζ

467 1782 558 1817 licet
610 1782 659 1817 sit
710 1794 859 1817 nomen
911 1781 1171 1816 excellencius
1224 1782 1291 1816 sed
1339 1781 1571 1829 sperancius
1619 1790 1773 1829 patrem

466 1848 662 1885 nostrum,
718 1839 897 1875 docendo
950 1840 1058 1886 quod
1111 1840 1302 1874 debemus
1348 1852 1416 1886 pre
1461 1838 1601 1875 ceteris
1645 1839 1773 1887 ipsum

468 1898 632 1944 diligere
672 1906 709 1932 et
748 1897 788 1932 in
820 1896 908 1944 ipso
942 1896 1182 1932 fiducialiter
1214 1909 1388 1945 sperare.
1435 1899 1482 1932 Et
1516 1897 1571 1933 sic
1604 1910 1685 1933 non
1719 1905 1775 1932 est

467 1955 601 2003 aliqua
633 1955 756 1990 virtus
789 1954 1014 2002 theologica
1046 1966 1118 1990 nec
1150 1954 1286 2002 aliqua
1314 1954 1438 1991 virtus
1462 1967 1645 2002 sequens,
1680 1954 1776 2002 quin

466 2013 506 2048 in
539 2013 717 2061 quolibet
748 2014 868 2048 verbo
902 2012 1013 2048 istius
1046 2011 1244 2048 oracionis
1279 2012 1459 2060 explicite
1492 2013 1552 2048 vel
1583 2012 1776 2060 implicite

467 2071 543 2106 sint
584 2083 772 2116 connexe,
819 2071 965 2106 docens
1006 2072 1112 2118 quod
1152 2070 1219 2118 qui
1254 2071 1372 2118 digne
1412 2070 1507 2106 dicit
1539 2070 1655 2106 istam
1689 2083 1778 2106 ora-

467 2128 622 2165 cionem
658 2128 917 2174 dominicam,
953 2129 1069 2164 debet
1103 2140 1185 2164 esse
1219 2130 1361 2164 ardens
1394 2128 1434 2164 in
1468 2128 1634 2164 caritate
1660 2136 1696 2164 et
1719 2128 1774 2164 sic

468 2186 620 2222 cunctis
655 2186 795 2222 ceteris
828 2186 1039 2222 virtutibus
1074 2194 1325 2233 perornatus.

209 2248 417 2310 effeiidiiiei'ieiii
524 2244 691 2280 Videtur
715 2252 751 2280 et
775 2245 880 2280 hunc
904 2253 1087 2280 sanctum
1116 2243 1337 2290 intendere,
1371 2245 1478 2292 quod
1503 2245 1608 2279 Deus
1641 2251 1777 2291 regnet

467 2373 548 2395 non
593 2361 721 2396 solum
768 2368 907 2407 regnat
952 2372 1071 2407 super
1111 2359 1257 2395 milites
1297 2373 1388 2396 suos
1428 2359 1669 2396 domesticos
1708 2361 1776 2395 sed

468 2430 587 2465 super
635 2426 810 2454 remotos
852 2426 1004 2453 exteros
1045 2430 1143 2465 quos
1184 2417 1281 2464 regit
1322 2426 1358 2453 et
1398 2417 1518 2462 iuvat,
1569 2417 1776 2453 conferens

469 2475 522 2511 eis
569 2477 733 2520 bonum,
780 2475 835 2511 sic
875 2478 979 2511 Deus
1024 2484 1163 2522 regnat
1202 2488 1321 2523 super
1360 2475 1582 2523 quamlibet
1620 2483 1774 2522 partem

470 2533 608 2569 mundi
643 2533 767 2569 eciam
802 2546 923 2581 supra
956 2533 1152 2579 diabolos,
1188 2546 1287 2580 quos
1320 2532 1375 2569 sic
1408 2533 1536 2581 punit,
1570 2546 1659 2569 curn
1684 2545 1777 2568 con-

538 2665 575 2693 13.
607 2666 643 2692 13:
674 2669 786 2693 nalure
815 2666 957 2699 σιωπήν-6,·
988 2666 1016 2693 Α
1041 2665 1070 2692 in
1102 2674 1215 2700 marga
1251 2666 1394 2693 Obieccio
1428 2668 1536 2692 contra
1566 2666 1775 2693 necessitatem

459 2701 646 2735 futurorum
667 2709 730 2727 cum
751 2701 918 2727 solucione.
1020 2699 1058 2727 31.
1081 2700 1118 2727 B:
1139 2703 1210 2727 sunt
1230 2709 1374 2727 connexe.
1478 2699 1520 2727 32.
1543 2700 1581 2727 13:
1603 2700 1692 2727 debet
1709 2708 1777 2727 eam

467 2736 582 2761 ardens
605 2736 634 2761 in
656 2736 788 2762 caritate
809 2735 920 2762 dicere.
994 2734 1040 2768 34.
1063 2736 1090 2762 A
1111 2735 1139 2761 in
1163 2744 1274 2769 marga
1298 2735 1379 2763 Nola
1394 2735 1544 2770 quomodo
1560 2735 1643 2762 Deus
1663 2737 1779 2771 regnat

468 2771 497 2796 in
519 2770 653 2805 qualibet
667 2773 762 2804 parte
781 2770 893 2797 mundi.

540 2830 591 2862 23.
620 2829 670 2860 Cf.
699 2830 885 2860 Sermones
912 2830 966 2868 IV,
993 2831 1059 2870 437
1087 2836 1119 2860 et
1145 2840 1243 2871 seqq.

468 2302 506 2337 in
547 2302 702 2337 inferno
736 2311 772 2338 et
806 2302 983 2350 qualibet
1016 2310 1128 2349 parte
1163 2302 1314 2347 mundi7
1361 2301 1463 2338 sicut
1497 2314 1562 2337 rex
1594 2299 1830 2337 terrenus-5
