2062 3327
195 225 284 254 CAP.
306 216 373 273 xi]
715 230 856 261 PRIMA
883 230 1009 261 PARS.

253 338 302 372 Et
323 337 396 372 hec
420 349 540 373 causa
563 338 750 373 movebat
773 338 1004 373 sacerdotes
1032 336 1235 384 simplices
1260 337 1369 384 quod
1399 349 1514 384 supe-

194 394 319 430 riores
345 395 407 431 vel
431 394 575 442 prelati
597 395 676 431 sint
697 396 747 431 ad
769 394 1075 431 ordinacionem
1099 394 1264 431 Domini
1292 394 1512 439 reformati,

193 453 301 500 quod
318 452 349 488 si
366 454 609 501 quandoque
625 453 798 500 surrepit
814 452 944 489 inanis
958 454 1019 489 vel
1038 452 1280 489 vindicativa
1298 452 1512 500 cogitacio,

67 515 148 556 3:37a
194 512 241 546 de
264 511 339 546 hoc
363 511 500 547 dolent
524 519 561 547 et
584 511 624 546 in
646 511 778 559 prima
806 511 966 547 iusticia
995 507 999 563 Ι
1024 512 1245 547 secundum
1273 512 1382 559 quod
1408 511 1513 558 leges

159 567 265 604 5Dei
300 570 470 605 edocent
503 568 795 618 conquiescunt
829 577 866 604 et
900 581 943 604 ex
977 569 1054 605 fide
1087 577 1252 617 sperant
1287 570 1396 617 quod
1430 582 1513 605 non

192 626 319 674 possit
341 627 430 663 talis
455 627 604 663 esuries
628 635 665 663 et
687 626 773 663 sitis
796 639 877 663 non
901 626 1015 663 bonis
1040 626 1300 663 beatitudinis
1324 626 1511 663 saturari.

250 686 300 720 Et
333 685 397 721 hic
429 693 561 733 potest
601 685 801 721 introduci
841 686 988 721 abusus
1028 697 1148 733 quem
1189 698 1310 733 supra
1343 684 1512 722 inseruit

191 743 456 790 Augustinus:
476 744 633 788 Sextus,
649 743 792 792 inquit,
816 744 958 780 abusus
981 751 1036 779 est
1061 744 1238 779 dominus
1260 744 1341 780 sine
1356 744 1507 779 virtute.

192 800 244 836 Et
276 814 365 837 vere
407 809 463 837 est
505 802 659 848 abusus,
704 814 749 837 ac
792 802 827 837 si
856 802 938 851 quis
971 802 1115 838 diceret
1147 802 1248 851 quod
1280 809 1335 838 est
1366 802 1513 837 animal

139 859 270 895 1osine
312 860 410 905 vita,·
442 860 565 895 virtus
597 860 694 896 enim
728 860 837 896 debet
873 872 955 896 esse
986 861 1239 904 communior,
1273 860 1359 909 quia
1392 860 1513 896 inesse

191 917 342 953 cuilibet
373 918 598 965 christiano,
638 918 707 954 sed
738 918 818 954 sine
851 918 994 954 virtute
1025 930 1097 954 non
1136 926 1191 955 est
1217 918 1402 967 possibile
1433 930 1514 954 esse

191 975 403 1011 secularem
458 976 668 1020 dominum,
721 989 806 1012 cum
857 983 946 1013 tunc
996 977 1175 1026 plenarie
1226 977 1275 1013 sit
1322 977 1512 1015 tirannus.

191 1033 334 1077 Niclzil,
367 1033 497 1082 inquit
527 1034 787 1082 Augustinus,
817 1034 975 1084 proficit
1017 1035 1159 1071 habere
1192 1035 1418 1070 dominandi
1442 1047 1514 1084 po-

192 1098 381 1139 testatem,
413 1092 448 1127 si
478 1093 655 1128 dominus
677 1093 756 1142 ipse
779 1105 851 1128 non
875 1093 1013 1128 habeat
1037 1092 1190 1129 virtutis
1214 1094 1402 1144 rigorem.
1439 1093 1516 1128 Sed

140 1153 174 1185 15
192 1149 252 1185 hic
274 1149 428 1185 virtutis
452 1150 566 1200 rigor
588 1163 661 1186 non
685 1158 763 1186 tam
787 1151 982 1187 exercitus
995 1151 1248 1200 fortitudine,
1272 1151 1358 1200 quia
1383 1158 1417 1187 et
1432 1151 1514 1199 ipsa

191 1207 430 1244 secularibus
463 1208 627 1245 dominis
671 1209 890 1245 necessaria
933 1216 1002 1255 est,
1048 1209 1209 1260 indiget,
1250 1221 1363 1258 quam
1397 1209 1517 1244 animi

192 1265 416 1302 interiorem
450 1267 731 1315 fortitudinem
778 1267 884 1303 bonis
936 1267 1108 1303 moribus
1153 1279 1341 1303 exercere
1393 1267 1512 1303 debet.

193 1324 290 1373 Sepe
333 1324 430 1359 enim
480 1325 693 1361 dominanti
730 1338 805 1374 per
851 1325 971 1361 animi
1012 1325 1297 1375 negligenciam
1332 1326 1516 1374 perditur

183 1382 399 1429 fortitudo,
432 1382 529 1418 sicut
562 1383 597 1418 in
631 1382 723 1419 Heli
764 1384 967 1420 sacerdote
990 1385 1148 1432 factum
1171 1384 1302 1432 fuisse
1334 1396 1513 1433 compro-

137 1454 178 1475 20
193 1441 319 1486 batur,
371 1441 434 1488 qui
478 1441 566 1476 dum
611 1442 816 1478 severitate
860 1442 995 1478 iudicis
1034 1442 1231 1491 peccantis
1272 1442 1384 1491 filios
1442 1454 1514 1477 non

193 1499 389 1534 cohercuit
421 1499 456 1534 in
480 1511 613 1534 eorum
648 1500 869 1545 vindictam,
903 1500 1095 1536 Dominus
1127 1500 1230 1536 velut
1262 1500 1517 1536 consencienti

195 1556 252 1592 illi
273 1556 469 1604 ferociter
502 1557 696 1606 imputans
727 1570 799 1593 non
829 1559 1019 1607 pepercit.
1063 1558 1154 1593 Tria
1178 1571 1275 1608 ergo
1298 1558 1514 1594 necessaria

196 1614 268 1650 hiis
299 1615 363 1663 qui
400 1615 649 1651 dominantur
682 1616 822 1652 habere
867 1624 1030 1666 oportet,
1076 1624 1270 1652 terrorem
1303 1617 1449 1652 scilicet
1481 1623 1516 1652 et

196 1672 482 1708 ordinacionem
516 1681 550 1709 et
582 1687 766 1710 amorem.
805 1674 891 1710 Nisi
921 1675 1018 1710 enim
1053 1682 1205 1710 ametur
1238 1675 1415 1710 dominus
1442 1687 1513 1723 pa-

139 1733 179 1765 25
197 1730 294 1766 riter
316 1738 349 1766 et
376 1739 582 1779 metuatur,
607 1732 807 1768 ordinacio
831 1732 933 1768 illius
957 1740 1136 1769 constare
1168 1733 1324 1768 minime
1352 1733 1510 1781 poterit.

196 1789 273 1824 Per
305 1789 483 1838 beneficia
512 1802 609 1840 ergo
643 1797 677 1825 et
709 1790 972 1839 affabilitatem
1001 1798 1202 1839 procuret,
1237 1798 1276 1826 ut
1309 1791 1514 1840 diligatur,

195 1854 229 1882 et
256 1859 331 1895 per
362 1847 483 1883 iustas
515 1848 704 1884 vindictas
737 1861 809 1884 non
838 1849 1003 1898 proprie
1035 1849 1173 1884 iniurie
1205 1849 1274 1884 sed
1305 1849 1407 1899 legis
1440 1849 1517 1884 Dei

194 1906 346 1940 studeat
379 1912 417 1940 ut
450 1913 655 1943 metuatur.
695 1907 909 1955 Propterea
935 1908 1024 1942 dum
1049 1908 1160 1942 multi
1186 1908 1355 1956 pendent
1388 1907 1424 1942 in
1458 1920 1513 1949 eo,

195 1963 274 2011 ipse
306 1962 390 1999 Deo
423 1965 614 1999 adherere
647 1965 767 2009 debet,
802 1965 865 2013 qui
896 1966 1004 2000 illum
1039 1966 1074 2000 in
1108 1966 1288 2000 ducatum
1322 1965 1516 2001 constituit

139 2025 179 2056 30
194 2021 258 2069 qui
287 2022 339 2056 ad
365 2023 604 2071 portandum
629 2023 838 2058 multorum
871 2036 987 2059 onera
1013 2024 1135 2073 ipsum
1160 2024 1277 2059 veluti
1290 2024 1513 2071 forciorem

193 2079 385 2115 solidavit.
420 2080 600 2116 Paxillus
632 2081 728 2116 enim
763 2082 834 2117 nisi
865 2082 957 2118 bene
977 2082 1092 2131 fixus
1112 2082 1303 2131 firmetur
1332 2089 1367 2117 et
1400 2082 1518 2117 alicui

182 2137 358 2185 sorciori
400 2139 599 2183 adhereat,
644 2151 754 2175 omne
797 2140 898 2188 quod
942 2140 976 2174 in
1023 2152 1064 2175 eo
1093 2140 1235 2188 pendet
1267 2140 1339 2176 cito
1373 2140 1517 2175 labitur

193 2202 227 2231 et
260 2196 339 2244 ipse
370 2197 518 2232 solutus
549 2210 570 2232 a
605 2197 745 2247 rigore
796 2210 862 2233 sue
882 2198 1090 2247 firmitatis
1135 2210 1218 2233 cum
1253 2198 1432 2234 oneribus
1465 2198 1517 2233 ad

193 2260 340 2289 terram
376 2254 578 2292 delabitur.
626 2255 688 2290 Sic
721 2262 755 2291 et
782 2256 967 2304 princeps
998 2256 1071 2291 nisi
1117 2268 1186 2291 suo
1220 2256 1414 2292 conditori
1446 2256 1515 2291 ad-

138 2311 346 2357 35heserit,
398 2312 652 2361 pertinaciter
703 2314 782 2362 ipse
833 2321 867 2349 et
917 2314 1040 2349 omnis
1085 2314 1148 2362 qui
1191 2314 1375 2350 consentit
1420 2314 1514 2349 vicio

193 2370 265 2405 cito
299 2369 452 2405 labitur.
494 2370 662 2418 Quidam
687 2383 849 2420 namque
867 2384 942 2420 per
965 2372 1190 2407 dominandi
1221 2372 1394 2421 officium
1424 2372 1515 2420 plus=

192 2426 276 2463 Deo
323 2429 645 2477 appropinquant,
691 2429 843 2477 quidam
893 2430 928 2465 in
968 2430 1169 2478 proposito
1215 2430 1285 2465 sibi
1317 2430 1516 2480 dignitatis

194 2485 338 2521 honore
388 2487 599 2522 deteriores
636 2487 749 2536 fiunt.
806 2487 973 2538 Moyses
1026 2488 1122 2523 enim
1176 2495 1332 2537 accepto
1380 2488 1517 2537 populi

263 2661 288 2688 7.
310 2655 339 2681 A
359 2654 389 2681 in
411 2662 525 2687 marga
558 2654 655 2682 Sexta
675 2655 801 2687 abusio;
836 2655 857 2682 Β
879 2655 909 2682 in
940 2663 1055 2689 marg:
1081 2654 1110 2682 6.
1226 2654 1263 2682 13.
1291 2657 1319 2683 A
1340 2656 1370 2682 in
1399 2664 1514 2691 marg:

193 2687 391 2724 Augustinus.
464 2690 505 2716 16.
527 2691 570 2716 A:
593 2689 712 2725 indiget
733 2689 827 2716 deest.
903 2689 943 2717 18.
965 2691 993 2717 A
1014 2689 1043 2717 iu
1065 2698 1178 2724 marg:
1206 2690 1390 2717 donu'nandi
1408 2691 1513 2717 virtus.

194 2730 231 2750 21.
253 2725 295 2750 A:
317 2724 347 2750 in
368 2724 463 2750 deest.
537 2723 579 2751 23.
601 2725 629 2751 A
649 2725 677 2751 in
700 2732 815 2758 marga
836 2723 929 2751 Nola.
1004 2723 1042 2752 31.
1064 2725 1182 2752 Codd.:
1204 2728 1235 2752 et
1253 2726 1347 2752 deest.

264 2805 295 2837 8.
324 2808 357 2838 S.
383 2808 582 2848 Augustini,
608 2807 630 2838 1.
651 2818 677 2839 c.
698 2818 730 2849 p.
751 2809 828 2841 213.
906 2819 955 2851 19.
983 2809 1004 2839 Ι.
1023 2808 1108 2850 Reg.
1129 2809 1168 2849 H,
1197 2818 1249 2850 27.
1325 2808 1377 2841 38.
1403 2809 1514 2840 Exod.

196 2853 345 2893 XXXUI,
377 2863 427 2884 11.

1335 2914 1376 2946 33(-

1561 694 1765 730 Augustine's

1540 729 1622 756 sixth
1643 730 1754 757 abuse:
1777 739 1793 757 a

1553 765 1636 791 ruler
1655 766 1788 793 without

1613 800 1722 828 virtue.
