2003 3322
217 192 305 220 cm».
329 184 422 237 ΗΧ]
735 195 871 224 1>R1MA
901 194 1024 224 PARS

214 314 265 348 ad
298 313 473 361 laqueum
497 325 609 361 quam
644 312 859 347 humilitate
892 311 1038 347 veniam
1065 311 1293 358 deprecatus
1317 318 1383 345 est.
1426 311 1529 354 Qua-

212 377 376 419 propter
420 370 580 405 multum
623 370 780 405 interest
820 369 924 418 quali
950 368 1162 417 penitencie
1202 368 1378 417 ignoscat
1412 368 1528 403 Deus.

214 428 332 463 Multi
374 427 471 463 enim
517 428 637 463 multo
682 427 797 463 cicius
837 439 878 463 se
908 427 1094 475 fatentur
1125 438 1305 474 peccasse
1335 432 1448 473 atque
1479 426 1530 460 ita

212 486 527 531 sibisuccensent,
552 492 591 520 ut
615 485 858 521 veliementer
878 497 918 520 se
930 496 1112 533 peccasse
1135 484 1291 529 nollent,
1314 484 1383 519 sed
1405 490 1530 519 tamen

180 543 380 579 5animunz
426 543 477 578 ad
520 543 798 578 humiliandum
844 550 879 578 et
916 555 984 578 cor
1029 542 1278 577 obterendum
1318 541 1529 590 imploran-

215 601 376 649 damque
408 601 557 636 veniam
602 612 674 636 non
714 600 918 649 deponunt,
960 612 1073 648 qnam
1114 599 1248 635 mentis
1286 598 1529 647 affeccionem

209 665 376 707 propter
402 658 554 707 peccati
584 658 889 708 magnitudinem
931 657 1005 693 iam
1046 657 1092 693 de
1133 656 1412 705 dampnacione
1443 655 1531 692 illos

214 716 354 752 habere
386 716 619 752 credendum
653 723 718 752 est.

271 774 323 809 Et
355 774 425 809 hoc
457 781 511 809 est
531 774 647 822 sorte
674 785 840 822 peccare
872 773 907 808 in
942 772 1129 821 Spiritum
1161 772 1358 817 Sanctum,
1391 772 1431 806 id
1462 779 1530 818 est,
1545 777 1623 804 This
1648 776 1674 804 is
1695 777 1743 804 1110
1765 777 1809 804 sin

1587 812 1706 847 against
1726 812 1776 839 tlic

162 843 199 864 10
210 843 283 880 per
315 831 508 866 maliciam
541 838 576 866 et
608 831 792 866 invidiam
816 831 1048 879 fraternam
1072 842 1304 880 oppugnare
1327 829 1529 866 caritatem
1545 847 1625 882 Holy
1646 846 1758 878 Gliost,
1779 851 1808 873 10

209 896 298 938 post
336 896 531 938 acceptam
566 889 736 938 Spiritus
776 889 908 924 Sancti
943 888 1144 938 graciam;
1186 888 1288 936 quod
1327 895 1528 936 peccatum

216 946 404 983 Dominus
437 959 552 996 neque
585 947 645 982 liic
677 959 794 995 neque
825 947 861 982 in
892 946 1036 995 futuro
1075 945 1202 982 seculo
1245 945 1387 980 dimitti
1425 945 1528 982 dicit.

219 1005 326 1040 Unde
367 1005 478 1053 queri
518 1012 645 1053 potest
691 1012 820 1040 utrum
873 1004 908 1039 in
953 1003 1141 1052 Spiritum
1188 1004 1370 1039 Sanctum
1423 1003 1533 1039 Iudei

211 1062 470 1111 peccaverint,
515 1063 667 1111 quando
714 1063 899 1098 dixerunt
931 1062 1032 1110 quod
1076 1061 1111 1096 in
1156 1061 1306 1097 nomine
1337 1061 1529 1113 Belzebub

162 1119 398 1169 15princzpz's
425 1120 689 1156 demoniorum
715 1120 889 1156 demonia
913 1119 1104 1155 Dominus
1135 1119 1364 1168 expelleret,
1399 1126 1528 1155 utrum

215 1178 286 1213 hoc
318 1177 353 1212 in
386 1178 509 1227 ipsum
544 1177 752 1213 Dominum
793 1177 935 1213 dictum
975 1177 1222 1225 accipiamus,
1267 1176 1353 1225 quia
1401 1177 1446 1212 de
1491 1189 1531 1213 se

216 1235 307 1271 dicit
349 1235 425 1271 alio
470 1235 573 1271 loco:
618 1235 661 1270 Si
697 1236 795 1271 enim
823 1234 1158 1284 patremfamilias
1190 1234 1383 1286 Belzebub
1417 1247 1530 1271 voca-

217 1300 366 1339 verunt,
399 1301 538 1342 quanto
572 1293 699 1343 magis
745 1293 973 1330 domesticos
1011 1293 1109 1329 eius:
1151 1293 1209 1328 An
1254 1292 1431 1340 quoniam
1478 1293 1532 1328 in-

217 1351 388 1386 videncia
416 1351 600 1387 dixerant
622 1351 772 1401 ingrati
802 1359 879 1387 tam
898 1351 1142 1400 presentibus
1173 1350 1375 1400 beneficiis,
1398 1362 1531 1399 quam-

160 1420 202 1441 20
217 1409 274 1445 vis
332 1409 498 1444 nondum
550 1409 753 1444 christiani
789 1409 960 1458 fuerint,
1016 1416 1141 1444 tamen
1190 1415 1358 1457 propter
1409 1408 1530 1457 ipsam

216 1466 427 1502 invidencie
471 1466 778 1517 magnitudinem
827 1467 864 1502 in
899 1466 1086 1516 Spiritum
1127 1467 1308 1502 Sanctum
1349 1478 1533 1515 peccasse

216 1524 400 1560 credendi
427 1525 545 1560 sunt?
576 1525 663 1560 Non
696 1525 793 1560 enim
822 1525 892 1560 lzoc
915 1524 1117 1574 colligitur
1139 1524 1186 1559 de
1210 1524 1336 1560 verbis
1357 1524 1528 1560 Domini.

223 1582 410 1625 Quamvis
461 1582 559 1618 enim
611 1583 741 1618 eodem
794 1583 876 1618 loco
933 1582 1100 1618 dixerit:
1158 1582 1382 1630 Quicunque
1433 1582 1530 1618 enim

218 1639 365 1676 dixerit
391 1640 548 1675 verbum
573 1652 731 1689 nequam
755 1640 945 1676 adversus
955 1640 1088 1689 filium
1113 1640 1289 1682 hominis,
1314 1639 1534 1675 remittetur

161 1699 200 1731 25
216 1697 268 1732 ei:
299 1697 362 1746 qui
387 1704 512 1733 autem
544 1697 689 1733 dixerit
715 1698 873 1733 verbum
907 1698 1097 1733 adversus
1120 1697 1307 1746 Spiritum
1333 1697 1531 1741 Sanctum,

217 1767 289 1791 non
324 1755 544 1791 remittetur
586 1755 622 1791 ei
663 1767 780 1804 neque
821 1755 857 1791 in
897 1756 967 1791 hoc
1005 1755 1132 1791 seculo
1165 1767 1282 1804 neque
1314 1755 1349 1790 in
1371 1756 1531 1803 futuro.

223 1813 364 1848 Tamen
398 1813 524 1848 videri
548 1820 677 1862 potest
708 1813 759 1848 ad
791 1813 861 1849 lioc
893 1825 956 1849 eos
988 1813 1244 1849 monuissent
1265 1814 1451 1849 accedant
1482 1814 1533 1849 ad

215 1871 394 1921 graciam
429 1878 463 1906 et
490 1878 581 1919 post
613 1878 808 1920 acceptam
841 1871 1020 1921 graciam
1066 1882 1138 1906 non
1187 1871 1237 1906 ita
1277 1879 1448 1920 peccent,
1494 1879 1533 1907 ut

217 1940 314 1963 nunc
341 1936 613 1977 peccaverunt.
650 1929 762 1964 Nunc
794 1937 919 1964 autem
954 1929 1125 1964 homines
1151 1929 1325 1977 infideles
1348 1929 1533 1965 dixerunt

159 1989 200 2021 30
218 1985 374 2021 verbum
408 1999 568 2035 nequam
602 1986 638 2021 in
660 1987 791 2035 filium
825 1986 1001 2030 hominis,
1040 1993 1074 2021 et
1109 1993 1237 2035 potest
1281 1987 1334 2022 eis
1380 1987 1531 2029 dimitti,

215 2043 248 2078 si
278 2044 456 2079 conversi
475 2044 634 2091 fuerint
666 2051 700 2079 et
732 2045 767 2080 ei
797 2044 1035 2079 crediderint
1067 2052 1101 2079 et
1134 2044 1324 2092 Spiritum
1349 2045 1531 2080 Sanctum

216 2101 444 2150 acceperint.
485 2102 569 2145 Quo
603 2109 757 2150 accepto
782 2101 1080 2150 sifraternitati
1100 2101 1273 2137 invidere
1295 2109 1331 2137 et
1351 2102 1531 2152 graciam

216 2170 328 2206 quam
373 2167 604 2207 acceperunt
648 2171 877 2209 oppugnare
924 2159 1129 2205 voluerint,
1176 2172 1248 2195 non
1294 2159 1347 2195 eis
1393 2159 1535 2195 dimitti

217 2227 334 2264 neque
377 2216 436 2252 lzic
478 2228 596 2265 neque
640 2217 675 2252 in
711 2217 911 2265 futurum.
958 2217 1058 2252 Nam
1107 2217 1141 2253 si
1180 2229 1243 2253 eos
1282 2217 1440 2254 haberet
1477 2218 1532 2253 sic

161 2276 199 2309 35
216 2274 516 2322 condempnatos
548 2282 587 2309 nt
619 2275 724 2310 nulla
756 2287 843 2323 spes
875 2274 953 2310 illis
976 2275 1123 2323 reliqua
1156 2282 1265 2321 esset,
1299 2287 1371 2311 non
1405 2275 1532 2311 adhuc

217 2332 424 2367 monendos
476 2332 676 2375 iudicaret,
729 2344 813 2368 cum
866 2332 1017 2367 addidit
1069 2333 1218 2368 dicens:
1279 2332 1355 2368 Aut
1405 2333 1533 2381 facite

216 2389 397 2425 arborem
422 2390 557 2425 bonam
581 2397 616 2425 et
629 2390 811 2438 fructum
836 2390 915 2425 eius
939 2390 1100 2435 bonum;
1120 2397 1186 2425 aut
1199 2390 1327 2438 facite
1348 2391 1530 2427 arborem

218 2447 360 2481 malam
394 2454 429 2483 et
451 2447 635 2495 fructum
668 2448 747 2483 eius
780 2448 938 2483 malum.
975 2449 1056 2483 Hec
1088 2447 1347 2495 Augustinus.
1380 2444 1384 2501 Ι

287 2620 311 2640 2.
333 2614 371 2641 B:
388 2615 579 2649 penitencia.
686 2623 716 2647 4.
738 2615 777 2642 B:
796 2618 978 2642 successent.
1087 2623 1103 2649 9
1137 2617 1164 2643 A
1185 2615 1215 2642 iu
1238 2623 1351 2650 marg:
1385 2615 1469 2649 Quid
1488 2619 1533 2643 est

212 2655 342 2682 peccare
355 2648 385 2675 in
399 2649 550 2683 Spiritum
562 2649 708 2676 Sanctum
721 2650 886 2677 secundum
897 2650 1116 2686 Augustinunz.
1190 2658 1232 2683 14.
1255 2650 1293 2677 B:
1312 2653 1529 2685 peccaverunt.

217 2690 259 2715 14,
281 2682 318 2710 15.
340 2684 384 2710 A:
406 2683 436 2710 in
456 2684 603 2720 Belfebub
621 2684 774 2719 principe.
848 2683 892 2719 37.
913 2685 957 2712 A:
980 2685 1090 2711 bonam
1110 2700 1143 2705 --
1162 2685 1306 2712 arborem
1327 2685 1421 2712 deest.

292 2754 340 2786 15.
383 2755 500 2786 Matth.
543 2756 611 2795 XII,
654 2765 711 2796 243
750 2757 854 2787 Mai-ci
888 2757 926 2796 Π,
966 2758 1018 2791 23.
1167 2767 1217 2798 ¹7-
1252 2756 1370 2794 Μξιῖῑζῖῑ,
1402 2758 1441 2796 X,
1477 2756 1529 2789 25.

218 2802 270 2834 23.
298 2800 417 2835 Matth.
443 2802 513 2841 XII,
543 2803 595 2836 32.
693 2801 745 2835 36.
774 2803 829 2842 ib„
858 2803 910 2836 23.

1591 886 1635 908 set
1656 881 1777 908 oneself

1589 916 1785 950 maliciously

1553 951 1672 986 against
1691 951 1809 986 charily

1644 986 1720 1013 after

1569 1021 1725 1060 receiving
1745 1020 1795 1047 the

1570 1063 1659 1090 grace
1679 1057 1711 1082 ot
1732 1056 1781 1082 the

1626 1090 1732 1125 Spirit.
