2003 3322
223 196 313 223 CAP.
333 186 485 239 xrvnr]
737 199 874 229 PRlMA
904 197 1030 228 PARS.

224 304 324 340 foret
366 303 524 349 illicita3
578 311 614 339 et
657 312 751 339 tunc
787 302 944 339 videtur
988 301 1109 338 michi
1156 303 1265 350 quod
1304 303 1532 338 sacerdotes

225 361 372 397 Christi
416 360 708 397 necessitantur
753 361 954 408 complere
1005 359 1277 407 evangelicam
1322 359 1531 395 veritatem

225 428 262 455 et
294 418 464 455 excitare
496 418 683 466 coniuges
717 427 753 454 et
777 418 1015 466 generaliter
1048 416 1231 453 homines
1265 417 1315 454 ad
1348 426 1530 453 mutuam

225 476 446 513 caritatem.
495 478 584 521 Quo
615 477 722 512 facto
757 476 872 512 dacio
912 475 1033 511 libelli
1073 474 1231 522 repudii
1270 475 1533 522 superflueret

191 538 261 570 5et
310 534 540 582 quicunque
591 533 690 570 ritus
739 533 956 570 cerimonie
1001 533 1097 580 legis
1144 532 1287 569 veteris
1334 541 1370 568 et
1415 533 1532 580 longe

223 591 449 628 evidencius
488 593 593 639 leges
632 592 805 628 humane
844 591 962 627 hodie
1008 590 1250 628 introducte.
1304 590 1395 625 Ideo
1440 603 1530 626 curn

222 649 288 685 ille
303 650 409 697 leges
433 649 659 697 impediunt
674 648 998 696 predicacionem
1016 647 1284 696 evangelicam
1311 656 1347 684 et
1371 660 1530 684 cursum

222 706 392 743 liberum
424 707 521 754 legis
555 706 715 752 Christi,
754 707 911 743 videtur
944 707 1052 754 quod
1085 715 1175 742 sunt
1209 705 1396 752 heretice,
1439 706 1532 754 quia

223 764 422 801 contrarie
455 764 530 812 legi
563 764 646 800 Dei.
694 766 741 800 Et
775 764 1001 801 evidencius
1034 763 1091 799 illi
1125 763 1267 812 prelati
1300 763 1367 812 qui
1400 764 1532 800 fovent

169 822 309 858 xoillas
343 835 388 859 ac
422 822 680 859 execuciones
708 835 846 859 earum
874 830 911 858 et
934 821 1193 869 suppeditant
1216 822 1343 869 legem
1370 822 1529 858 Christi.

222 880 387 916 Videtur
420 889 554 916 autem
589 881 697 928 quod
735 893 816 916 non
856 892 877 916 a
917 882 1000 916 Deo
1039 892 1108 927 per
1147 892 1187 915 se
1226 881 1294 915 sed
1334 892 1356 915 a
1396 881 1532 928 Moyse

221 938 294 973 fuit
333 938 449 974 dacio
488 937 611 974 libelli
651 938 806 986 repudii
845 937 1072 983 adinventa,
1120 946 1156 974 et
1195 938 1304 985 quod
1350 937 1530 973 Christus

221 1004 387 1043 propter
410 996 492 1032 eius
522 995 875 1044 imperfeccionem
911 1004 947 1031 et
980 995 1077 1043 legis
1110 1007 1177 1031 sue
1212 995 1529 1043 complecionem

220 1053 345 1089 voluit
384 1053 594 1089 dacionem
636 1053 751 1089 huius
791 1053 914 1089 libelli
959 1065 1111 1089 cessare
1161 1062 1198 1089 et
1241 1053 1367 1100 legem
1415 1065 1532 1090 evan-

168 1111 387 1158 15gelicam
435 1124 595 1147 currere
639 1124 709 1159 per
754 1123 845 1147 suos
896 1112 1098 1159 apostolos
1144 1119 1180 1147 et
1233 1123 1372 1146 eorum
1417 1123 1530 1147 veros

219 1168 404 1205 vicarios.
438 1171 486 1205 Et
510 1178 618 1217 patet
641 1171 846 1216 quomodo
880 1177 1077 1205 consonat
1101 1168 1320 1205 cessacioni
1342 1169 1530 1217 legalium

221 1228 330 1274 quod
375 1226 490 1263 dacio
534 1226 657 1263 libelli
697 1226 853 1274 repudii
893 1239 998 1263 nunc
1037 1226 1087 1262 sit
1129 1226 1239 1263 licita
1283 1235 1321 1262 et
1360 1226 1531 1264 fideliter

220 1285 448 1332 exequenda
500 1292 537 1320 et
582 1297 687 1320 nunc
737 1284 877 1321 illicita
931 1297 977 1321 ac
1029 1285 1076 1320 de
1131 1285 1321 1320 mandato
1367 1284 1531 1321 Domini

221 1341 473 1378 dimittenda.

1747 191 1818 237 175

163 1415 204 1435 20
274 1399 520 1447 Augustinus
564 1409 697 1436 autem
742 1400 869 1448 tangit
913 1399 1093 1436 diffusius
1137 1399 1253 1436 istam
1302 1400 1718 1450 materiam,Augustine
1739 1412 1821 1447 right

218 1459 286 1493 sed
319 1457 475 1493 videtur
500 1458 791 1494 Crisostomum
825 1458 954 1494 solum
989 1459 1036 1493 de
1069 1457 1343 1494 fornicacione
1378 1459 1528 1495 carnali

218 1514 449 1563 intelligere.
504 1516 625 1552 Racio
657 1524 793 1552 tamen
824 1515 1037 1552 necessitat
1077 1516 1322 1563 loquendum
1365 1528 1447 1552 esse
1481 1518 1528 1553 de

219 1573 490 1609 fornicacione
529 1573 741 1621 spirituali,
788 1586 864 1622 que
904 1582 962 1610 est
999 1586 1078 1610 una
1118 1573 1315 1610 maneries
1354 1574 1527 1611 fornica-

99 1636 182 1677 373³
220 1630 357 1677 cioniS,
374 1643 494 1679 quam
521 1640 646 1667 textus
668 1631 809 1668 recitat
832 1632 872 1667 in
897 1631 1115 1668 communi.
1147 1637 1150 1680 Ι
1181 1634 1237 1667 De
1257 1631 1528 1669 fornicacione

164 1693 203 1725 25
219 1697 352 1724 autem
386 1689 536 1725 carnali
570 1698 727 1726 tenetur
759 1689 1030 1725 communiter
1059 1691 1167 1738 quod
1200 1702 1279 1725 uno
1313 1689 1526 1737 coniugum

219 1746 440 1783 fornicante
485 1755 521 1783 et
565 1747 720 1794 reliquo
774 1760 795 1783 a
847 1747 1120 1784 fornicacione
1165 1748 1300 1795 quoad
1346 1748 1528 1785 homines

218 1804 376 1840 notorie
398 1816 438 1840 se
461 1814 656 1849 servante,
690 1814 784 1841 tunc
807 1805 959 1841 licitum
986 1814 1043 1841 est
1067 1806 1270 1842 celebrare
1303 1805 1524 1842 divorcium

219 1863 352 1909 quoad
404 1863 581 1907 thorum,
633 1862 688 1898 sic
740 1872 875 1899 tamen
930 1864 1037 1911 quod
1091 1873 1258 1911 uterque
1311 1864 1526 1911 coniugum

219 1929 378 1956 maneat
417 1932 497 1956 non
530 1919 644 1956 alteri
678 1922 956 1968 desponsatus,
1003 1922 1072 1956 sed
1104 1930 1276 1969 utroque
1309 1921 1526 1969 coniugum

162 1977 481 2025 3ocorporaliter
527 1978 778 2014 adulterante
820 1978 1043 2015 divorcium
1089 1978 1310 2026 impeditur
1349 1978 1443 2027 quia
1487 1989 1528 2015 ut

218 2035 356 2071 dicunt
401 2035 608 2072 canoniste
651 2036 765 2083 paria
811 2036 954 2072 delicta
1006 2046 1146 2073 mutua
1191 2036 1527 2085 compensacione

217 2093 425 2129 tolluntur.

274 2152 352 2187 Sed
385 2151 447 2187 hic
479 2151 635 2187 videtur
668 2152 812 2199 duplex
845 2151 1041 2197 mirabile,
1083 2152 1258 2200 primum
1294 2153 1402 2200 quod
1434 2165 1525 2200 pec-

217 2217 349 2244 catum
389 2209 513 2245 levius
553 2208 596 2245 fit
641 2221 761 2245 causa
809 2208 976 2246 divorcii
1016 2209 1258 2255 celebrandi,
1309 2219 1346 2246 et
1389 2220 1525 2246 tamen

160 2270 199 2304 35
216 2275 425 2313 peccatum
456 2266 614 2314 gravius
643 2268 777 2314 quoad
802 2269 929 2302 Deum
959 2276 994 2303 et
1029 2267 1224 2314 homines,
1258 2276 1301 2304 ut
1329 2268 1524 2316 contingit

216 2325 264 2360 de
306 2323 578 2361 fornicacione
622 2324 833 2372 spirituali,
881 2337 962 2360 non
1006 2325 1057 2361 sit
1109 2338 1230 2362 causa
1283 2325 1524 2363 cessacionis

218 2381 465 2418 matrimonii
490 2384 623 2430 quoad
656 2383 831 2418 thorum.
868 2382 1075 2431 Contingit
1109 2383 1214 2419 enim
1249 2396 1293 2419 ex
1325 2384 1395 2420 tali
1429 2396 1525 2420 con-

215 2439 444 2476 tinuacione
467 2439 622 2488 peccati
654 2449 871 2488 utrumque
905 2440 1121 2488 coniugum
1145 2441 1259 2489 perdi
1282 2450 1364 2478 tam
1389 2443 1523 2490 quoad

215 2496 392 2533 animam
432 2510 553 2546 quam
594 2497 718 2534 eciam
760 2499 894 2546 quoad
937 2510 1096 2546 corpus.
1153 2500 1257 2535 Deus
1302 2511 1396 2547 ergo
1440 2501 1523 2537 vult

154 2567 199 2600 40
214 2554 377 2602 aliquod
417 2568 501 2592 esse
540 2555 763 2592 remedium
804 2564 944 2592 contra
985 2557 1089 2593 hunc
1134 2569 1327 2604 errorem,
1372 2566 1415 2593 ut
1460 2557 1522 2594 hic

212 2611 343 2649 innuit
374 2613 633 2661 Augustinus.

281 2781 321 2809 25.
345 2783 370 2809 A
391 2782 421 2810 in
442 2790 555 2818 marg.:
587 2783 701 2816 Opinio
728 2782 848 2818 duplex.
878 2792 908 2816 1‚·
938 2783 979 2811 ib.
1000 2784 1044 2811 A:
1071 2784 1261 2820 coniugium.
1372 2792 1418 2820 29.
1440 2784 1518 2812 Ain

213 2825 326 2851 marg:
347 2824 377 2844 2.
449 2816 492 2845 33.
512 2819 542 2845 A
561 2818 592 2845 in
613 2826 729 2854 marg.:
752 2818 896 2846 Mirabile
916 2819 1039 2854 duplex.
1062 2826 1085 2846 1.

1552 1454 1581 1473 in
1603 1447 1751 1482 applying
1771 1448 1820 1475 the

1544 1485 1605 1519 text
1624 1482 1819 1520 tospiritual

1588 1517 1784 1545 tormcation.
