2003 3322
159 271 210 306 88

170 680 317 707 Different
337 687 422 714 says:

246 713 350 747 direct,

218 748 379 783 restricted,

224 783 372 810 reflected.

171 1084 374 1119 Explanation
396 1084 430 1111 of

206 1119 387 1146 ‘refracted’.

161 1373 420 1408 Corresponding

190 1417 259 1444 says
281 1408 315 1436 of
331 1409 408 1436 love.

856 277 974 309 opus
1000 278 1333 310 EVANGELICUM
1538 267 1644 320 [clxv.
1667 277 1759 304 xxv.

445 384 630 431 analogo‚
664 384 719 420 sic
751 383 977 420 necessario
1010 392 1119 419 amat
1153 392 1189 419 et
1223 384 1375 432 appetit
1408 384 1537 433 ipsum
1563 384 1666 420 idem
1693 387 1761 421 sed

446 442 673 478 inordinate
729 455 817 478 cum
874 442 1035 490 oblique
1093 441 1245 489 spargit
1298 442 1453 478 radium
1509 442 1658 479 amoris
1711 445 1760 479 ad

448 509 653 536 creaturas
687 513 762 548 que
796 508 887 536 sunt
920 500 1083 536 tenebre
1107 499 1279 535 finaliter
1312 500 1573 536 terminatum
1609 510 1645 536 et
1680 509 1759 537 tam

448 559 523 594 hoc
556 558 780 605 exemplum
806 570 925 606 quam
961 558 1036 593 hoc
1070 557 1337 605 exemplatum
1363 567 1419 594 est
1441 571 1520 594 una
1554 560 1601 594 de
1635 571 1761 595 secre-

449 615 623 652 cioribus
657 625 694 652 et
727 615 1041 652 mirabilioribus
1074 624 1217 651 nature
1250 615 1413 663 legibus.
1781 619 1796 650 5

508 674 584 710 Sed
618 687 691 721 pro
725 674 879 710 duabus
906 673 1087 721 partibus
1120 673 1378 721 sequentibus
1401 673 1497 721 legis
1525 673 1763 710 duodecime

450 740 507 768 est
538 733 759 768 notandum
785 733 893 780 quod
926 733 1145 768 secundum
1168 732 1393 768 doctrinam
1418 731 1762 779 perspectivorum

450 789 595 837 aliquis
629 798 686 826 est
719 790 853 826 radius
877 799 1022 833 rectus,
1057 789 1156 826 alius
1181 789 1374 826 refractus
1398 798 1434 825 et
1457 790 1556 826 alius
1581 790 1762 826 reflexus.

450 847 658 883 Refractus
687 847 845 893 dicitur,
870 849 1033 895 quando
1066 847 1239 884 declinat
1273 860 1294 884 a
1327 847 1567 884 rectitudine
1599 856 1764 896 propter

448 904 718 942 variacionem
753 907 901 953 gradus
935 905 1141 953 diaphoni,
1187 906 1256 942 sed
1289 913 1474 953 penetrat
1512 904 1762 953 diaphonum
1783 919 1822 939 ιο

450 962 683 1009 distancius‚
716 972 760 1000 ut
793 972 903 1011 patet
936 965 984 1000 de
1017 963 1148 1012 specie
1182 963 1335 1000 denarii
1359 963 1397 999 in
1423 963 1533 999 disco
1556 964 1764 1011 superfusa

450 1034 554 1068 aqua
587 1023 635 1058 de
668 1021 799 1070 specie
832 1021 927 1057 astri
961 1021 1192 1070 apparentis
1238 1034 1355 1057 mane
1393 1021 1454 1057 vel
1492 1033 1655 1070 vespere
1693 1035 1764 1070 per

449 1091 640 1126 vaporem
687 1088 724 1116 et
772 1079 1011 1127 generaliter
1063 1080 1386 1128 quandocunque
1440 1092 1482 1115 ex
1533 1079 1763 1116 variacione

450 1136 572 1173 medii
605 1137 823 1186 ampliatur
864 1138 1034 1185 angulus
1073 1137 1283 1186 piramidis
1322 1136 1497 1174 radialis.
1546 1137 1610 1174 Sic
1657 1137 1762 1174 enim

450 1197 673 1231 secundum
709 1195 1041 1243 Lyncolniensem
1077 1208 1120 1231 ex
1152 1195 1380 1232 variacione
1414 1195 1535 1231 medii
1569 1195 1765 1243 contingit
1786 1197 1821 1229 15

450 1253 748 1301 quantumlibet
781 1267 947 1302 parvum
983 1253 1275 1302 quantumlibet
1309 1266 1499 1301 magnum
1534 1253 1573 1289 in
1597 1262 1765 1302 quanta-

449 1311 543 1346 libet
575 1311 772 1348 distancia
804 1324 1012 1360 apparere.

508 1370 879 1417 Correspondenter
933 1378 990 1405 est
1035 1370 1129 1405 dare
1177 1378 1254 1405 tres
1309 1369 1506 1406 maneries
1558 1368 1763 1405 radiorum

450 1427 616 1464 amoris:
650 1427 805 1476 Aliquis
839 1427 942 1464 enim
978 1436 1034 1464 est
1057 1427 1192 1464 radius
1215 1436 1359 1473 rectus,
1394 1427 1496 1463 sicut
1525 1426 1763 1464 habencium

449 1486 580 1522 oculos
610 1486 816 1536 Simplices,
848 1486 1052 1522 reddentes
1075 1493 1194 1522 totum
1219 1497 1361 1534 corpus
1383 1485 1580 1521 interioris
1602 1485 1766 1522 hominis
1783 1496 1824 1518 20

449 1544 618 1580 lucidum
653 1549 709 1587 (ut
742 1545 858 1580 docet
882 1544 1063 1580 Salvator
1086 1543 1252 1580 Matthei
1274 1545 1338 1589 VI,
1374 1545 1456 1590 22).
1490 1542 1601 1579 Alius
1631 1552 1763 1580 autem

449 1610 506 1639 est
540 1602 676 1638 radius
709 1602 940 1650 obliquatus
979 1615 1001 1638 a
1039 1601 1279 1638 rectitudine
1318 1614 1398 1650 quo
1437 1610 1603 1649 putatur
1642 1614 1766 1650 quan-

449 1660 635 1697 tumlibet
667 1673 833 1708 parvum
870 1661 1018 1696 bonum
1056 1672 1126 1708 per
1161 1658 1457 1696 involucionem
1491 1658 1763 1696 inordinatam

448 1718 488 1754 in
513 1717 625 1754 tetris
647 1717 941 1766 temporalibus
965 1730 1048 1754 esse
1068 1717 1362 1766 quantumlibet
1386 1730 1575 1765 magnum
1601 1718 1764 1763 bonum⁷

449 1785 491 1812 ut
524 1784 633 1823 patet
666 1777 713 1812 de
745 1776 874 1813 avaris
909 1784 945 1811 et
969 1775 1119 1824 gulosis
1154 1774 1489 1813 constituentibus
1522 1775 1764 1823 temporalia
1782 1775 1821 1807 25

450 1836 576 1870 Deum
611 1846 742 1883 suum,
789 1835 857 1870 sed
890 1834 1021 1870 adhuc
1055 1846 1143 1870 cum
1186 1833 1422 1869 difficultate
1462 1842 1676 1881 penetrant
1715 1834 1765 1869 ad

450 1894 578 1928 Deum
613 1891 785 1928 finaliter
818 1891 1086 1939 diligendum3
1134 1900 1171 1928 et
1203 1893 1275 1927 hos
1307 1900 1466 1939 oportet
1499 1891 1663 1939 purgari
1696 1903 1766 1939 per

450 1950 582 1997 ignem
629 1952 687 1992 (ut
731 1951 848 1986 docet
891 1950 1107 1997 Apostolus
1147 1952 1173 1986 I.
1216 1950 1307 1987 Cor.
1343 1951 1402 1995 ΙΙΙ,
1444 1958 1509 1985 12:
1556 1949 1599 1984 Si
1643 1949 1725 1998 quis
1760 1945 1763 2000 Ι
1808 1959 1888 1994 3532

448 2008 720 2057 superedg'ficczt
753 2008 915 2057 lignum,
939 2009 1080 2056 fenum
1114 2015 1149 2043 et
1179 2008 1375 2057 stipulam.
1422 2006 1479 2043 Illi
1519 2016 1652 2043 autem
1697 2006 1765 2055 qui

450 2078 520 2113 per
554 2065 709 2101 radium
745 2065 906 2102 effectus
946 2078 1026 2101 non
1058 2074 1270 2113 penetrant
1310 2066 1382 2102 hec
1420 2073 1523 2101 tetra
1562 2064 1766 2101 terrestria
1783 2066 1824 2098 30

450 2124 519 2159 sed
558 2122 612 2159 ibi
654 2123 798 2159 sistunt
832 2122 1005 2159 finaliter
1045 2123 1170 2160 eciam
1211 2125 1431 2160 secundum
1477 2122 1633 2159 radium
1678 2135 1766 2171 per-

450 2180 764 2229 pendicularem,
781 2180 835 2216 hii
855 2180 1052 2231 (inquam)
1070 2190 1161 2217 sunt
1177 2182 1224 2217 de
1240 2193 1382 2229 genere
1399 2182 1765 2228 dampnandorum,

451 2251 497 2275 eo
544 2240 651 2286 quod
697 2247 857 2286 oportet
903 2251 968 2275 eos
1014 2251 1148 2275 carere
1196 2238 1349 2275 visione
1395 2247 1432 2275 et
1477 2251 1615 2275 amore
1666 2238 1766 2274 lucis

451 2296 697 2333 abscondite.
722 2299 925 2333 Docemur
949 2296 1084 2345 itaque
1102 2309 1173 2345 per
1196 2297 1321 2344 legem
1347 2296 1574 2333 reflexionis
1597 2295 1766 2344 duplicis

451 2353 656 2390 radiorum
691 2354 808 2391 inniti
832 2357 916 2391 Deo
940 2354 1007 2402 qui
1034 2363 1091 2391 est
1114 2354 1456 2403 perpendicularis
1489 2354 1637 2401 radius,
1671 2355 1765 2390 dum
1784 2353 1823 2386 35

452 2411 723 2459 inpugnamus
746 2425 816 2461 per
848 2412 1120 2449 resistenciam
1155 2412 1457 2449 adversancium
1490 2421 1765 2460 peccatorum,

450 2469 543 2517 quia
575 2472 719 2506 Jerem.
753 2472 868 2516 XVII,
908 2471 948 2507 5:
983 2471 1218 2507 Maledictus
1251 2471 1314 2519 qui
1344 2471 1501 2520 confidit
1533 2471 1568 2506 in
1602 2470 1764 2506 homine.

454 2529 499 2563 Et
532 2540 553 2563 a
585 2527 653 2563 tali
687 2529 775 2575 plus
810 2528 1017 2565 resistente
1056 2529 1145 2576 plus
1185 2530 1375 2564 debemus
1416 2528 1594 2576 elongari
1635 2527 1766 2563 minus

452 2585 791 2622 communicando
830 2585 869 2622 in
909 2586 1022 2622 bonis
1064 2586 1372 2634 temporalibus;
1423 2594 1585 2622 econtra
1630 2594 1763 2621 autem

451 2644 497 2678 de
532 2642 693 2679 homine
727 2644 858 2680 minus
892 2643 931 2679 in
963 2656 1091 2692 opaco
1116 2644 1311 2692 peccatis3
1345 2643 1419 2680 sibi
1445 2643 1549 2680 enim
1575 2645 1765 2679 debemus
1779 2651 1823 2681 40

522 2810 550 2833 4.
572 2801 615 2827 A:
638 2808 697 2827 una
713 2809 789 2828 cum.
866 2799 901 2827 15.
922 2801 949 2828 A
966 2801 994 2827 iu
1014 2808 1127 2834 marg:
1143 2800 1384 2834 Iyncolmenus.
1460 2799 1500 2826 18.
1523 2801 1550 2826 A
1566 2799 1594 2826 iu
1611 2807 1724 2834 marg:
1744 2807 1765 2826 1.

451 2844 488 2862 21.
503 2837 528 2862 A
541 2835 569 2862 iu
588 2843 683 2874 marg.
695 2846 707 2875 ³.
719 2843 760 2875 2..
820 2834 861 2869 23,
877 2842 922 2867 21.
938 2836 965 2862 A
977 2845 982 2861 :
996 2843 1128 2869 parvum
1140 2851 1172 2874 ,-
1184 2834 1510 2879 quantnmffbetdeest.
1568 2833 1613 2860 30.
1626 2833 1763 2861 Rectius:

452 2870 574 2897 radtum
595 2869 782 2911 affec-cumn.
810 2871 866 2897 See
893 2872 1059 2897 Sermones
1081 2870 1116 2903 ΙΙ7
1144 2868 1207 2897 38δ.
1313 2868 1355 2896 33.
1378 2869 1494 2896 Codd.:
1524 2872 1635 2904 quarto
1665 2869 1764 2903 quotis

450 2904 580 2931 correxi.
602 2898 647 2931 Cf.
671 2905 846 2937 Sermones,
869 2905 886 2931 1.
908 2913 932 2930 c.
956 2912 984 2938 p.
1007 2904 1072 2938 ⁴580.
