2003 3322
170 542 267 569 Men's
287 543 389 578 praise
410 543 435 569 is

214 577 266 604 but
286 586 303 604 a
324 585 402 611 poor

240 612 371 639 reward.

177 2107 274 2135 God's
300 2109 448 2144 approx‘al

205 2148 288 2170 must
309 2144 343 2170 be
365 2151 421 2170 our

227 2178 311 2205 chief
327 2178 399 2205 aim.

870 251 988 282 oeus
1013 250 1350 283 EVANGELICUM
1595 239 1700 293 [CAP.
1721 248 1772 277 111.

460 359 730 406 dampnanda,
759 371 848 394 cum
881 357 1213 406 concupisceneia
1241 355 1246 411 Ι
1274 358 1368 395 licet
1396 357 1551 395 oriatur
1574 370 1618 394 ex
1641 367 1773 395 mente
1813 359 1895 393 380¹0

460 417 650 457 humana,
701 425 836 453 tamen
889 416 998 452 racio
1049 418 1184 464 quoad
1238 416 1564 452 commissionem
1615 416 1773 453 sceleris

460 473 713 510 contradicit.

519 532 738 580 Exequitur
778 541 911 568 autem
953 531 1226 568 Crisostomus
1266 531 1562 580 exposicionem
1604 531 1774 580 predicti

461 591 532 626 sub
565 590 640 626 hiis
672 590 819 626 verbis:
853 590 1044 639 Alioquin,
1079 589 1221 637 inquit,
1256 602 1328 625 non
1352 590 1536 626 habebitis
1557 591 1807 626 mercedem5

462 649 566 697 apud
599 656 755 697 patrem
796 656 981 684 vestrum.
1034 647 1137 691 Quid
1175 648 1272 683 enim
1313 661 1334 683 a
1373 648 1457 684 Deo
1497 648 1669 697 recipies,
1712 648 1778 697 qui

462 706 578 741 nichil
617 707 701 742 Deo
747 706 916 742 dedisti?
959 706 1060 742 Nam
1099 706 1201 753 quod
1237 713 1405 754 propter
1442 707 1568 742 Deum
1597 706 1648 755 fit
1693 706 1777 742 Deo

464 764 582 799 datur
614 772 648 800 et
681 777 702 799 a
738 764 820 800 Deo
854 763 1083 812 recipietur,-
1121 764 1222 812 quod
1253 771 1378 799 autem
1407 771 1574 812 propter
1605 763 1777 800 homines

451 822 505 871 fit
551 822 586 857 in
627 829 759 858 ventos
800 822 1011 871 effunditur
1049 829 1084 857 et
1121 834 1143 856 a
1181 821 1286 857 nullo
1326 829 1527 869 operatur.
1578 821 1683 864 Quid
1722 829 1776 857 est

461 879 559 915 enim
593 880 787 916 nomiman
822 880 939 916 laus?
963 879 1073 928 qnasi
1095 887 1294 915 ventorum
1328 879 1613 915 transeuncium
1647 891 1774 916 sonus.
1797 892 1834 912 10

462 938 513 972 Et
558 945 757 974 cessarunt
796 938 967 973 homines
1012 937 1114 985 loqui
1145 944 1179 973 et
1218 937 1393 986 perdidit
1426 938 1607 986 fructum
1651 949 1775 984 suzim,

462 996 548 1044 quia
577 1003 745 1045 propter
776 996 948 1031 homines
968 995 1082 1044 fecit,
1117 1002 1155 1030 ut
1187 996 1233 1031 ab
1266 995 1319 1031 eis
1348 995 1600 1040 laudaretur‚·
1632 1007 1702 1044 que
1723 1002 1777 1031 est

461 1061 595 1089 autem
628 1054 820 1103 sapiencia
855 1066 917 1089 res
949 1055 1046 1089 dare
1078 1060 1112 1089 et
1145 1054 1261 1089 verba
1295 1066 1415 1089 vacua
1449 1065 1682 1103 comparare
1712 1061 1778 1089 aut

463 1119 566 1147 certe
596 1112 812 1147 mercedem
839 1112 914 1147 Dei
944 1119 1214 1160 contempnere
1244 1111 1279 1147 in
1307 1119 1537 1160 perpetuum
1563 1119 1775 1147 manentem

461 1169 497 1204 in
536 1170 626 1205 celis
658 1177 694 1205 et
722 1170 923 1220 fugitivos
955 1169 1148 1205 hominum
1189 1181 1386 1205 sermones
1418 1169 1593 1219 eligere?
1636 1169 1832 1205 Meliusifi

461 1234 517 1263 est
555 1228 653 1263 enim
696 1228 935 1276 nonfacere
966 1240 1078 1275 quam
1107 1235 1274 1276 propter
1307 1228 1476 1263 homines
1497 1228 1650 1276 facere.
1703 1227 1781 1270 Qui

463 1297 535 1321 non
566 1285 673 1335 facit
711 1286 782 1321 etsi
818 1286 853 1321 in
893 1286 972 1321 celo
1011 1298 1084 1321 non
1117 1285 1257 1321 invenit
1291 1286 1351 1321 vel
1381 1286 1516 1321 saltem
1550 1297 1668 1334 super
1699 1293 1776 1321 ter-

464 1356 550 1379 ram
586 1343 683 1379 nihil
710 1344 863 1392 perdit,-
894 1344 957 1391 qni
988 1352 1114 1379 autem
1144 1350 1312 1392 propter
1344 1344 1515 1379 homines
1537 1343 1643 1392 facit
1674 1350 1708 1379 et
1740 1343 1776 1378 in

464 1409 572 1437 terra
597 1401 773 1450 perdidit
805 1409 839 1437 et
871 1401 907 1436 in
944 1402 1023 1437 celo
1056 1414 1128 1437 non
1161 1401 1312 1437 invenit.
1355 1401 1421 1437 Vel
1452 1402 1559 1437 illum
1593 1401 1721 1450 aspice
1755 1413 1777 1436 a

462 1471 533 1507 quo
566 1459 718 1495 laudem
752 1467 945 1508 expectas.
989 1459 1094 1502 Quid
1124 1459 1235 1495 sentit
1268 1460 1315 1495 de
1346 1459 1409 1495 τρῖ)
1441 1460 1531 1495 Ideo
1564 1467 1599 1495 te
1631 1459 1777 1505 laudat,
1794 1470 1835 1490 ἰο

465 1517 551 1565 quia
580 1524 747 1566 propter
770 1518 896 1553 Deum
930 1526 965 1553 te
985 1519 1129 1566 facere
1156 1524 1289 1565 putat‚·
1319 1517 1353 1553 si
1382 1525 1508 1553 autem
1543 1517 1778 1567 intelligeret

462 1575 548 1623 quia
596 1583 763 1624 propter
814 1588 897 1611 eum
940 1576 1061 1624 facis,
1115 1587 1186 1611 non
1233 1582 1268 1611 te
1313 1575 1493 1611 laudaret
1536 1576 1604 1611 sed
1650 1575 1778 1625 magis

464 1633 714 1682 vituperaret.
755 1632 859 1675 Quid
891 1646 988 1683 ergo
1022 1634 1081 1669 illi
1108 1633 1265 1681 placere
1289 1633 1460 1681 festinas
1492 1633 1556 1681 qui
1585 1633 1618 1668 si
1650 1640 1684 1668 te
1705 1633 1775 1668 ali-

464 1691 615 1738 quando
659 1689 895 1727 intellexerit
942 1691 1162 1727 deridebit?
1209 1691 1272 1726 Sic
1316 1703 1412 1741 ergo
1458 1698 1511 1726 est
1556 1691 1668 1726 homo
1715 1691 1779 1739 qui

460 1757 627 1798 propter
671 1749 842 1785 homines
872 1749 977 1797 facit
1016 1750 1167 1792 bonum,
1212 1749 1308 1784 sicut
1349 1749 1612 1784 mercenarius
1652 1748 1777 1784 malus
1794 1750 1832 1781 25

465 1807 528 1854 qui
559 1806 663 1855 infra
697 1814 846 1855 tempus
878 1807 1082 1843 locaciom's
1113 1819 1180 1842 sne
1217 1807 1378 1842 comedit
1412 1818 1542 1843 omnes
1582 1807 1778 1842 mercedes

463 1877 574 1906 suas‚·
605 1877 688 1900 cum
718 1873 843 1900 antem
869 1874 1040 1913 tempore
1069 1865 1256 1914 completo
1281 1865 1493 1910 recesserit,
1519 1865 1642 1900 nudus
1665 1876 1777 1914 egre-

466 1923 583 1957 ditur.
632 1923 694 1958 Sic
739 1935 836 1972 ergo
883 1936 1025 1958 vacuus
1066 1923 1171 1958 vadit
1208 1923 1260 1958 ad
1295 1923 1418 1958 Deum
1460 1921 1525 1971 qui
1561 1923 1776 1958 mercedem

465 1981 651 2016 bonorum
691 1993 849 2029 operum
891 1994 1048 2017 suorum
1088 1981 1263 2028 accipere
1302 1981 1535 2016 desideravit
1568 1980 1603 2015 in
1635 1981 1775 2016 seculo.

466 2040 547 2074 Hec
580 2038 862 2075 Crisostomus.
1795 2041 1835 2073 30

525 2096 689 2132 Videtur
740 2096 858 2132 istum
913 2105 1094 2132 sanctum
1143 2097 1259 2143 plane
1305 2104 1590 2144 contempnere
1635 2109 1775 2132 vanam

465 2154 645 2201 gloriam.
702 2155 872 2202 Oportet
916 2162 1051 2190 tamen
1096 2156 1214 2191 verba
1260 2166 1330 2190 sua
1374 2153 1413 2190 in
1458 2154 1532 2190 ista
1577 2153 1779 2190 sentencia

465 2224 559 2248 sane
593 2212 774 2260 intelligi.
809 2212 976 2248 Videtur
1009 2212 1112 2248 enim
1148 2213 1254 2260 quod
1289 2211 1464 2259 concipit
1493 2211 1609 2248 istam
1635 2223 1779 2260 prepo-

467 2270 658 2306 sicionem
691 2280 859 2319 propter
881 2270 1101 2318 intelligere
1126 2282 1286 2306 causam
1313 2269 1471 2306 finalem
1496 2269 1777 2318 principalem,

468 2328 520 2364 ita
545 2329 652 2376 quod
676 2329 730 2364 sic
754 2328 972 2364 sentenciet
997 2329 1104 2376 quod
1128 2340 1248 2364 nemo
1272 2329 1388 2364 debet
1412 2328 1541 2364 facere
1564 2336 1779 2376 quantum-
1795 2330 1834 2363 35

467 2398 624 2434 cunque
663 2387 811 2422 bonum
853 2399 953 2434 opus
995 2388 1042 2422 de
1080 2398 1224 2434 genere
1263 2385 1394 2434 primo
1434 2394 1470 2422 et
1504 2385 1779 2433 principaliter

467 2452 629 2492 propter
676 2445 814 2480 laudes
860 2444 1090 2491 hominum3
1141 2453 1176 2480 et
1226 2444 1318 2492 quia
1371 2443 1602 2492 quicunque
1642 2443 1777 2480 fideles

465 2502 602 2538 volunt
637 2502 741 2538 istud
778 2503 1012 2548 concedere,
1060 2515 1148 2538 cum
1185 2510 1396 2550 acceptant
1430 2501 1535 2538 istud
1568 2510 1776 2550 tamquam

533 2667 557 2686 9.
572 2660 615 2686 A:
638 2660 895 2687 commissionem.
968 2668 998 2692 4.
1019 2660 1047 2686 A
1069 2660 1096 2686 iu
1120 2667 1233 2695 murga
1257 2658 1474 2686 Crisostomus.
1548 2657 1571 2685 5.
1585 2659 1628 2686 A:
1645 2659 1776 2686 nabebis.

464 2704 491 2729 g).
515 2695 535 2720 Β
557 2694 586 2721 iu
609 2702 723 2729 marg:
746 2694 830 2730 Quid
844 2697 886 2721 est
900 2694 969 2721 laus
984 2694 1165 2724 hominum?
1238 2702 1272 2721 11.
1288 2694 1332 2720 A:
1348 2696 1378 2720 et
1391 2693 1473 2720 deest
1489 2693 1591 2720 before
1606 2696 1776 2721 cessarunt.

465 2727 502 2756 13.
523 2729 567 2756 A:
589 2731 691 2756 autem
712 2729 806 2756 deest.
881 2736 922 2763 ¹9·
944 2729 988 2757 A:
1007 2728 1156 2764 perdidit.
1230 2736 1277 2762 24.
1291 2729 1336 2756 A:
1359 2735 1437 2764 ergo
1458 2728 1558 2761 deest;
1580 2727 1601 2755 B
1616 2727 1645 2755 in
1662 2736 1775 2763 marg:

462 2763 569 2790 Addit.
695 2762 736 2791 33.
769 2764 797 2790 A
831 2764 858 2790 in
893 2771 1005 2798 marga
1039 2763 1208 2790 Jolzannes.
1335 2761 1376 2797 35,
1410 2761 1456 2789 36.
1489 2763 1533 2789 A:
1565 2763 1775 2799 quodcunque.

464 2796 507 2825 38.
529 2799 572 2825 A:
593 2801 784 2834 attemptanl.

537 2869 566 2900 ἦ.
593 2870 660 2911 (η).
688 2870 784 2912 lmp„
813 2870 833 2900 l.
861 2880 888 2900 c.
917 2880 949 2911 p.
975 2870 1053 2911 807.
