2003 3322
162 216 208 252 50
861 220 978 253 opos
1004 220 1338 253 EVANGEI„1CUM
1547 206 1653 261 [CAP.
1675 217 1754 244 XVI.

445 337 549 364 tnznn
584 337 653 365 etc.
687 329 855 364 Frustra
880 328 1003 378 igitur
1026 328 1215 363 contendit
1238 328 1272 362 in
1296 335 1403 363 terra
1423 334 1576 375 patrem
1602 327 1754 373 habere,

447 388 510 434 qni
536 394 690 435 patrem
723 394 758 421 et
775 386 947 435 patriam
969 386 1179 434 profitetur
1209 398 1248 421 se
1281 386 1423 421 habere
1456 385 1490 420 in
1524 385 1616 430 celo,
1651 385 1756 420 cuins

441 446 571 493 patrie
598 457 803 493 possessor
835 456 943 479 nenio
977 444 1160 493 efficitur,
1194 443 1266 479 nisi
1286 443 1349 492 qni
1380 443 1426 478 de
1459 450 1612 478 terrene
1628 442 1758 491 patrie

447 503 690 538 contencione
721 514 881 538 securus
913 502 1087 537 liabetur.

505 562 624 596 Istum
662 568 796 596 autem
830 561 999 596 abusum
1033 558 1248 606 septimum
1273 559 1448 594 studeret
1471 571 1577 606 papa
1607 557 1790 593 solicitef)

446 618 613 654 vivendo
647 618 678 654 si
712 617 914 665 inculpate
946 611 1076 654 veniet
1116 618 1165 653 ad
1205 616 1391 665 patriam,
1435 615 1529 664 quia
1575 615 1756 651 modicus

448 688 558 711 error
597 676 636 712 in
676 667 896 711 christiano
930 676 1030 711 duce
1062 684 1143 711 tam
1184 673 1558 710 immisericorditer
1598 682 1760 710 conten-

449 734 556 770 cioso
590 733 699 770 ducit
733 746 822 769 eum
857 733 1006 770 directe
1040 735 1089 769 ad
1123 742 1335 769 tartarum.

947 869 1087 910 CAP.
1120 869 1255 909 XVI,

162 974 248 1003 sixti]
266 973 433 1002 beatitude:
508 966 697 1014 Sequitur
728 974 835 1001 sexta
859 964 1064 1001 beatitudo
1088 977 1165 1012 que
1188 963 1289 1000 sicut
1313 963 1483 999 includit
1507 963 1673 999 virtutes
1706 962 1761 999 sic
1783 978 1820 999 10

168 1009 430 1080 Ῑέξέξθῇᾒζὲῂᾎζῗ
451 1024 622 1061 excludit
672 1032 851 1071 peccata.
906 1022 1039 1058 Prima
1091 1022 1336 1058 beatitudine
1380 1021 1505 1058 virtus
1558 1020 1763 1057 humilitas

450 1082 669 1118 includitur
722 1090 759 1117 et
816 1080 1002 1129 Superbia
1051 1079 1285 1126 excluditur,
1336 1081 1429 1115 dum
1480 1079 1660 1116 Christus
1708 1078 1764 1115 sic

450 1140 645 1188 loquitur:
692 1139 805 1175 Beati
842 1151 1036 1188 pauperes
1081 1138 1232 1188 spiritu,
1278 1138 1453 1186 quoniam
1499 1138 1671 1186 ipsorum
1711 1143 1765 1173 est

438 1203 616 1249 ‘regnunt
650 1198 834 1233 celorznn.

510 1257 694 1293 Secundo
743 1256 868 1303 gradu
908 1254 1114 1290 beatitudo
1160 1253 1300 1290 arralis
1333 1254 1499 1289 docetur
1544 1252 1696 1289 miticia
1729 1259 1822 1291 et15

451 1314 672 1351 excluditur
703 1313 851 1349 invidia
895 1322 1016 1361 atque
1049 1313 1119 1359 ira,
1166 1313 1260 1347 dum
1295 1311 1457 1348 dicitur:
1501 1311 1615 1347 Beati
1644 1311 1765 1357 mites,

450 1374 626 1422 qnoniam
661 1372 734 1421 ipsi
758 1372 1008 1420 possidebunt
1040 1378 1200 1406 terram.
1249 1372 1292 1405 In
1325 1369 1449 1406 tercio
1482 1370 1609 1417 gradu
1641 1369 1766 1405 beati-

451 1431 600 1467 tudinis
659 1431 824 1466 docetur
876 1428 1088 1465 solicitudo
1146 1427 1187 1463 in
1239 1427 1373 1464 divino
1446 1427 1667 1463 ministerio
1730 1435 1766 1463 et

452 1489 674 1526 excluditur
748 1488 951 1524 mundana
1013 1485 1232 1522 insolencia
1297 1486 1377 1522 sive
1441 1485 1606 1531 accidia,
1671 1486 1764 1521 dum

454 1547 618 1583 dicitur:
663 1546 777 1582 Beati
814 1546 877 1594 qni
919 1546 1064 1595 lugent,
1112 1544 1288 1593 quoniam
1340 1544 1413 1593 ipsi
1455 1544 1764 1580 consolabuntur.
1783 1560 1824 1581 20

455 1609 496 1641 ln
531 1613 676 1653 quarto
708 1616 801 1640 vero
848 1603 1109 1639 includuntur
1152 1601 1426 1650 temperancia
1469 1610 1506 1638 et
1539 1600 1697 1637 iusticia
1731 1609 1767 1637 et

455 1664 718 1700 excluduntur
750 1662 842 1710 gula
874 1670 992 1710 atque
1025 1660 1180 1696 luxuria
1218 1661 1312 1696 dum
1348 1659 1514 1696 dicitur:
1561 1660 1675 1695 Beati
1705 1659 1770 1708 qui

453 1722 625 1758 esuriunt
656 1728 690 1757 et
721 1720 870 1763 siciztnt,
903 1719 1078 1768 qnoniam
1118 1718 1192 1767 ipsi
1220 1719 1510 1754 saturabuntur.
1553 1720 1594 1754 In
1628 1717 1768 1766 quinto

454 1781 579 1828 gradu
624 1777 884 1815 beatitudinis
928 1777 1146 1813 includitur
1202 1776 1420 1812 elemosina
1464 1784 1501 1812 et
1545 1774 1768 1811 excluditur

454 1837 640 1883 avaricia,
674 1839 767 1872 dum
814 1836 869 1871 sic
914 1834 1076 1871 dicitur:
1121 1835 1235 1870 Beati
1265 1835 1549 1881 misericordes,
1593 1833 1825 1882 quoniam&

456 1896 762 1932 niivericordianz
787 1900 1074 1942 consequentur.
1099 1895 1226 1928 Immo
1251 1905 1339 1928 cum
1364 1901 1445 1928 tam
1462 1892 1626 1928 virtutes
1649 1904 1769 1940 quam

456 1954 557 1990 vicia
591 1963 681 1988 sunt
714 1964 904 1998 connexa,
952 1951 1126 1999 quelibet
1173 1950 1340 1986 istarum
1385 1950 1679 1986 beatitudinum
1714 1949 1770 1984 in-

457 2011 580 2048 cludit
626 2023 765 2047 omnes
810 2010 976 2047 virtutes
1034 2018 1070 2045 et
1121 2009 1292 2044 excludit
1348 2020 1601 2056 quecumque
1655 2007 1768 2045 vicia.

458 2071 572 2106 Unde
606 2069 646 2104 in
692 2070 766 2104 boc
811 2077 921 2104 sextu
968 2068 1094 2115 gradu
1140 2066 1399 2102 beatitudinis
1445 2068 1612 2102 docetur
1643 2065 1772 2113 parci-

459 2128 591 2163 monia
643 2136 679 2162 et
731 2126 952 2162 excluditur
1001 2124 1291 2172 castrimargia,
1351 2126 1443 2160 dum
1501 2124 1555 2160 sic
1607 2123 1829 2163 diciturzsso

457 2186 569 2220 Beati
600 2186 739 2220 mnndi)
773 2185 903 2229 corde,
948 2184 1124 2232 qnoniam
1158 2183 1231 2231 ipsi
1262 2183 1386 2218 Dennz
1422 2183 1610 2218 videbunt.
1645 2183 1772 2229 Super

458 2257 536 2291 qur)
580 2242 845 2289 Augustinus:
899 2242 1036 2287 Quam,
1082 2241 1223 2288 inquit,
1267 2241 1376 2276 stulti
1417 2247 1503 2276 sunt
1546 2240 1610 2288 qni
1646 2240 1770 2275 Deum

458 2302 539 2337 istis
572 2301 691 2336 oculis
723 2300 983 2336 mter-toribus
1006 2306 1182 2347 querunt,
1205 2310 1289 2334 cuni
1313 2299 1430 2334 corde
1453 2298 1636 2333 mundato
1670 2298 1772 2333 vide-

459 2367 560 2403 atur,
593 2359 689 2394 sient
721 2358 813 2393 alibi
852 2358 1038 2406 seriptum
1072 2364 1148 2392 est:
1192 2357 1243 2391 Et
1287 2357 1322 2391 in
1367 2356 1611 2405 simplicitate
1643 2355 1772 2391 cordis

459 2418 603 2464 qnerile
647 2417 776 2457 illurn,
819 2417 888 2451 hoc
920 2422 975 2451 est
1018 2428 1086 2450 cor
1130 2415 1312 2449 mnndum
1358 2421 1392 2449 et
1435 2414 1481 2449 ab
1525 2414 1629 2449 omni
1658 2414 1828 2453 sorde35

531 2582 554 2600 2.
576 2574 614 2600 B:
636 2582 667 2600 se
687 2574 781 2600 deest.
891 2574 918 2599 εἰ.
940 2574 982 2599 A:
1005 2573 1107 2604 uniet;
1128 2573 1148 2598 Ι),
1169 2571 1315 2598 correxit:
1347 2571 1467 2601 veniet:
1492 2570 1532 2597 ib.
1559 2570 1587 2597 A
1607 2570 1636 2597 in
1659 2578 1772 2604 marg:

460 2608 627 2636 Jolinnnes.
747 2608 772 2634 8.
797 2609 832 2634 B:
862 2616 927 2634 euni
949 2607 1064 2635 duceni.
1176 2615 1215 2633 10.
1237 2608 1281 2633 A:
1308 2606 1363 2641 qui
1378 2606 1468 2635 sicut:
1491 2605 1531 2632 ib.
1551 2606 1595 2632 A:
1615 2605 1660 2631 sic
1680 2604 1773 2631 deest.

465 2645 638 2705 1{›>⁷-22k'A:
661 2643 728 2669 dnm
755 2659 781 2662 —
803 2643 926 2670 luxuria
948 2643 1041 2669 deest.
1132 2640 1175 2669 23.
1197 2643 1241 2668 A:
1261 2641 1399 2668 seiciunt.
1491 2639 1534 2666 32.
1557 2642 1585 2667 A
1606 2639 1635 2666 in
1657 2647 1772 2674 marg:

462 2690 472 2705 ,Ι
489 2687 566 2713 ugus
583 2687 659 2704 Jnnv.

539 2760 585 2780 12.
614 2749 730 2779 Manli.
758 2750 798 2787 V,
834 2751 863 2782 3.
988 2748 1036 2779 is).
1064 2748 1182 2779 Malth.
1210 2748 1249 2786 V,
1281 2758 1314 2787 4.
1435 2756 1488 2777 22.
1523 2745 1640 2776 Mat-th.
1667 2746 1709 2784 V,
1742 2744 1773 2776 6.

465 2796 516 2827 25.
545 2796 663 2826 Manli.
692 2797 729 2835 V,
758 2806 788 2836 7.
909 2796 961 2827 31.
990 2794 1108 2825 Matth.
1137 2795 1176 2833 V,
1203 2793 1235 2825 8.
1356 2794 1407 2825 ¹32.
1435 2795 1522 2833 Aug.
1544 2792 1563 2822 l.
1583 2803 1622 2831 c.,
1650 2790 1773 2833 {2157-

465 2845 517 2882 ⁴³¹4.
544 2844 621 2882 Sap.
652 2844 672 2880 l,
706 2853 730 2871 1.
