2003 3322
205 218 285 267 436
912 225 1030 259 opos
1055 224 1392 259 EVANGELICUM
1612 211 1720 268 [CAP.
1744 221 1807 252 ιιι.

494 334 607 371 homo
646 333 742 371 bona
782 334 942 383 operari
973 345 1090 383 neque
1133 334 1253 370 bonus
1309 334 1426 371 mala.
1475 332 1608 372 Malus
1646 345 1745 384 ergo
1777 333 1810 370 si

495 394 577 429 vult
621 393 717 428 bona
763 392 932 441 operari,
979 392 1100 428 bonus
1138 392 1269 441 primo
1296 392 1387 441 fiat.
1441 392 1504 427 Sic
1536 399 1571 428 et
1609 391 1685 428 alio
1725 392 1808 428 loco

495 451 713 486 evidencius
736 450 827 486 dicit
858 450 939 499 ipse
961 450 1173 486 Dominus:
1204 449 1280 485 Aut
1302 450 1430 498 facite
1461 450 1643 485 arborem
1667 450 1807 485 bonam

495 516 562 544 aut
594 508 776 544 arborem
810 508 966 544 malam.
1008 508 1122 552 Quod
1161 508 1196 543 si
1226 509 1323 543 duas
1355 515 1518 543 naturas
1550 507 1713 543 istorum
1752 508 1811 543 his

497 567 645 602 duabus
688 566 894 602 arboribus
929 565 1150 616 figuraret,
1196 577 1268 601 non
1317 566 1483 601 diceret:
1519 565 1666 601 Facite.
1717 565 1845 609 Quis5

499 624 598 660 enim
633 624 829 660 hominum
861 631 990 673 potest
1011 624 1155 672 facere
1186 623 1400 659 naturam?
1430 623 1582 659 Deinde
1613 623 1731 659 eciam
1765 623 1816 659 ibi

496 694 579 718 cum
601 682 775 731 ipsarum
798 682 966 717 duarum
990 682 1177 717 arborum
1201 681 1433 717 mencionem
1443 681 1618 730 fecisset,
1637 681 1814 717 subiecit.-

504 740 693 789 Ypocrite,
734 740 924 788 quomodo
952 739 1115 789 potestis
1161 740 1258 775 bona
1301 739 1417 788 loqui,
1462 751 1547 775 cum
1578 739 1662 775 sitis
1705 739 1809 775 mali.

503 798 697 842 Quamdiu
730 810 828 848 ergo
861 797 1017 847 quisque
1039 798 1165 833 malus
1198 804 1266 844 est,
1299 809 1371 833 non
1388 803 1520 847 potest
1531 798 1675 846 facere
1696 798 1814 834 bonos

484 856 660 904 fructus.
711 856 754 891 Si
785 856 882 891 enim
917 856 1035 892 bonos
1062 856 1227 903 fructus
1256 855 1416 903 fecerit,
1461 855 1536 890 iam
1577 855 1702 891 malus
1739 868 1872 900 noum

496 914 580 949 erit.
636 913 701 949 Sic
746 914 945 950 verissime
990 913 1067 950 dici
1104 913 1271 962 poterit:
1316 913 1402 949 Non
1444 920 1574 962 potest
1621 913 1690 950 nix
1733 925 1814 950 esse

497 971 639 1018 calida,
673 984 758 1008 cum
792 972 890 1008 enim
924 971 1051 1007 calida
1084 983 1166 1007 esse
1197 971 1355 1020 ceperit,
1388 983 1460 1007 non
1485 971 1559 1006 iam
1583 983 1666 1007 eam
1690 971 1812 1007 nivem

495 1030 563 1065 sed
605 1042 745 1078 aquam
791 1042 984 1066 vocamus.
1033 1029 1164 1065 Potest
1201 1041 1299 1079 ergo
1326 1028 1425 1078 fieri
1460 1035 1499 1064 ut
1538 1041 1608 1077 que
1640 1029 1709 1066 nix
1731 1029 1816 1078 suit

497 1100 569 1123 non
610 1088 672 1125 sit.
719 1088 806 1124 Non
845 1095 971 1124 autem
1006 1092 1135 1137 potest
1161 1086 1260 1137 fieri
1295 1094 1335 1122 ut
1373 1087 1443 1123 nix
1479 1087 1605 1123 calida
1643 1087 1704 1123 sit.
1753 1088 1816 1124 Sic

492 1153 623 1195 potest
654 1146 763 1195 fieri,
809 1153 848 1181 ut
892 1146 957 1195 qui
998 1146 1124 1181 malus
1157 1144 1288 1193 suerit
1347 1157 1419 1181 non
1463 1145 1513 1181 sit
1555 1145 1695 1192 malus,
1741 1151 1871 1184 non15

497 1211 623 1240 tamen
657 1204 756 1254 fieri
793 1211 922 1253 potest
966 1211 1007 1239 ut
1051 1204 1177 1239 malus
1209 1204 1301 1239 bene
1326 1202 1471 1251 faciat.
1516 1203 1617 1246 Quia
1661 1203 1818 1240 eciamsi

496 1262 708 1311 aliquando
749 1262 853 1298 utilis
891 1269 960 1310 est,
1005 1274 1079 1298 non
1119 1262 1190 1298 hoc
1228 1261 1309 1310 ipse
1331 1261 1450 1310 facit,
1496 1262 1566 1298 sed
1584 1261 1639 1311 fit
1671 1262 1717 1298 de
1749 1261 1815 1298 illo

498 1319 629 1356 divina
662 1320 916 1369 providencia
944 1327 1198 1369 procurante,
1230 1319 1329 1355 sicut
1361 1319 1408 1356 de
1439 1319 1638 1356 Phariseis
1671 1320 1813 1356 dictum

497 1385 573 1414 est:
607 1378 691 1422 Que
723 1379 853 1414 dicunt
885 1379 1026 1427 facite,
1066 1389 1137 1427 que
1168 1384 1294 1413 autem
1318 1377 1477 1426 faciunt
1511 1378 1656 1426 facere
1686 1378 1812 1414 nolite.

498 1436 586 1472 Hoc
625 1435 751 1485 ipsum
790 1437 893 1486 quod
930 1437 1028 1472 bona
1069 1436 1245 1472 dicebant
1282 1443 1318 1471 et
1349 1447 1419 1484 que
1457 1435 1631 1472 dicebant
1668 1436 1815 1472 utiliter
1830 1451 1873 1473 20

497 1494 755 1530 audiebantur
791 1502 826 1530 et
858 1494 1022 1544 fiebant,
1066 1507 1139 1530 non
1178 1501 1263 1529 erat
1301 1493 1471 1529 illorum.
1526 1494 1653 1543 Super
1683 1494 1810 1530 cathe-

500 1552 613 1588 dram
652 1552 764 1599 enim,
803 1553 933 1602 inquit,
982 1552 1121 1603 Affoysi
1154 1552 1298 1588 sedent.
1353 1552 1431 1588 Per
1477 1551 1645 1588 divinam
1692 1552 1816 1602 igitur

499 1610 743 1646 clemenciam
768 1618 803 1646 et
820 1610 1115 1660 providenciam
1140 1610 1265 1660 legem
1289 1610 1366 1645 Dei
1385 1610 1634 1659 predicantes
1653 1617 1816 1660 possunt

500 1680 581 1704 esse
619 1668 862 1705 audientibus
895 1669 1018 1715 utiles,
1058 1680 1142 1704 cum
1175 1667 1248 1704 sibi
1278 1680 1350 1703 non
1383 1675 1519 1704 essent.
1582 1668 1643 1703 De
1675 1668 1816 1704 talibus

498 1726 574 1762 alio
608 1726 691 1763 loco
719 1738 794 1775 per
820 1727 1054 1775 prophetam
1090 1726 1231 1762 dictum
1265 1733 1338 1762 est:
1384 1725 1612 1762 Seminastis
1644 1726 1813 1762 triticum
1832 1730 1871 1762 25

499 1792 534 1819 et
555 1784 686 1833 spinas
715 1785 941 1831 messuistis,
974 1784 1060 1833 quia
1090 1784 1187 1820 bona
1204 1783 1426 1833 precipiunt
1448 1791 1483 1819 et
1514 1783 1619 1819 mala
1642 1784 1814 1832 faciunt.

499 1842 586 1878 Non
630 1855 727 1892 ergo
780 1842 844 1891 qui
895 1854 959 1878 eos
1003 1842 1208 1879 audiebant
1251 1849 1285 1877 et
1319 1841 1524 1890 faciebant
1573 1854 1644 1891 que
1685 1842 1731 1878 ab
1764 1842 1816 1878 eis

499 1900 726 1936 dicebuntur
778 1901 823 1936 de
865 1900 984 1949 spinis
1022 1913 1117 1936 uvas
1149 1900 1340 1950 legebant⁷
1383 1900 1452 1936 sed
1490 1911 1565 1949 per
1601 1899 1732 1949 spinas
1771 1900 1817 1935 de

499 1958 572 1994 vite
604 1958 783 2008 legebant
816 1971 924 2006 uvas,
957 1965 1152 2008 tamquam
1187 1957 1222 1994 si
1241 1970 1396 1994 manum
1430 1957 1567 2006 aliquis
1593 1969 1668 2007 per
1688 1970 1815 2007 sepem

499 2016 638 2064 mittat,
678 2024 744 2052 aut
776 2024 879 2053 certe
901 2017 948 2052 de
980 2017 1066 2062 vite,
1098 2029 1170 2066 que
1200 2016 1301 2064 sepis
1323 2015 1454 2064 suerit
1485 2015 1670 2064 involuta,
1703 2020 1875 2052 uvam30

501 2074 620 2124 legat,
652 2087 725 2111 non
757 2074 957 2123 spinarum
991 2082 1047 2111 est
1069 2075 1234 2123 fructus
1266 2074 1342 2119 ille,
1376 2074 1444 2110 sed
1476 2073 1573 2110 vitis.

210 2139 270 2167 We
291 2143 373 2166 must
402 2139 484 2165 1earn
559 2132 786 2168 Rectissime
823 2145 915 2169 sane
959 2133 1137 2181 queritur
1180 2144 1274 2181 quos
1296 2131 1461 2180 fructus
1505 2144 1573 2168 nos
1619 2132 1818 2168 attendere

236 2174 460 2236 *ffflasssmfsffifflf
501 2190 678 2237 voluerit,
712 2191 845 2239 quibus
867 2203 1102 2240 cognoscere
1123 2191 1302 2227 arborem
1330 2190 1536 2239 possimus.
1574 2189 1692 2225 Multi
1719 2189 1816 2225 enim

501 2249 662 2296 quedam
697 2249 732 2284 in
753 2249 956 2297 fructibus
989 2250 1174 2298 deputant
1206 2260 1276 2297 que
1309 2248 1360 2283 ad
1393 2247 1656 2284 vestimentum
1689 2248 1816 2283 ovium

495 2307 691 2354 pertinent
735 2314 770 2342 et
808 2308 879 2342 lzoc
924 2308 1038 2343 modo
1071 2320 1093 2342 a
1127 2307 1227 2356 lupis
1267 2306 1523 2356 decipiuntur,
1575 2305 1690 2342 sicuti
1730 2313 1818 2342 sunt
1834 2309 1872 2341 35

500 2364 637 2400 ieiunia
683 2365 744 2400 vel
774 2366 976 2401 oraciones
1008 2365 1069 2401 vel
1099 2365 1322 2416 elemosyne
1368 2376 1439 2412 que
1471 2364 1598 2400 omnia
1631 2363 1705 2400 nisi
1722 2363 1819 2413 fieri

500 2422 618 2457 eciam
651 2423 698 2458 ab
723 2423 924 2474 ypocritis
951 2430 1109 2472 possent
1148 2435 1221 2458 non
1256 2422 1401 2458 diceret
1430 2421 1628 2471 superius:
1678 2420 1819 2458 Cavete

499 2492 544 2515 ne
576 2480 764 2516 iusticiam
799 2488 967 2517 vestram
990 2481 1157 2529 faciatis
1188 2493 1319 2517 coram
1360 2479 1587 2527 hominibus,
1631 2486 1671 2514 ut
1710 2479 1815 2516 vide-

499 2538 618 2573 amini
646 2539 693 2574 ab
725 2539 788 2575 eis.

570 2657 593 2676 2.
617 2650 660 2676 A:
683 2653 711 2676 et
731 2649 825 2677 deest.
916 2648 941 2676 5.
962 2649 1172 2684 A:fugaret.
1264 2657 1297 2677 ιι.
1320 2650 1364 2676 A:
1383 2649 1495 2684 potuit.
1581 2647 1618 2676 13.
1639 2649 1683 2676 A:
1705 2648 1815 2684 igitur.

501 2692 546 2716 14.
567 2685 611 2710 A:
633 2683 748 2720 fuerit.
839 2692 878 2711 21.
912 2685 957 2711 A:
987 2692 1083 2719 super
1101 2684 1195 2711 deest.
1286 2683 1328 2711 23.
1358 2685 1402 2711 A:
1437 2684 1630 2711 clemenciam
1662 2686 1693 2710 et
1722 2683 1815 2710 deest.

500 2718 545 2745 30.
570 2719 606 2746 ss:
622 2722 654 2746 ut
673 2722 766 2746 certe.
840 2718 882 2746 33.
905 2718 942 2746 ss:
963 2727 1140 2754 pos-sumum
1163 2719 1203 2746 ib.
1225 2718 1246 2745 Β
1268 2719 1297 2746 in
1320 2727 1428 2753 marg:
1456 2718 1634 2746 Vestimenta
1655 2718 1768 2746 ovium.

572 2793 601 2823 3.
629 2791 747 2823 Matth.
773 2792 844 2831 ΧΠ,
882 2793 934 2824 33.
1054 2791 1084 2823 8.
1112 2792 1156 2823 ib.
1185 2793 1236 2833 34.
1375 2802 1423 2833 ¹9·
1462 2790 1582 2822 Matth.
1620 2791 1735 2829 XXIII,
1785 2791 1814 2823 3.

503 2847 553 2869 21.
594 2838 626 2869 ib
666 2849 694 2869 2.
793 2838 843 2870 25.
871 2840 995 2870 jerem.
1034 2839 1103 2878 XII,
1149 2839 1195 2871 13.
1296 2839 1349 2880 39.
1377 2837 1495 2868 Matth.
1523 2838 1579 2877 VI,
1613 2848 1639 2868 1.
