2003 3322
153 246 232 282 270

159 715 237 743 How
259 722 327 741 men
350 722 420 749 may

177 751 212 777 be
231 749 349 776 trained
373 750 411 788 oy

394 792 410 811 n

166 786 216 812 the
238 784 349 819 phrase
370 784 388 811 ‘1

218 818 359 846 heaven)

848 242 966 274 OPUS
992 243 1326 275 EVANGELICUM
1551 231 1658 285 [CAP-
1678 240 1760 268 VIII·

443 349 670 396 deseruerit,
714 349 780 398 qui
816 349 950 398 ubique
983 361 1145 399 presens
1184 357 1252 397 est,
1297 362 1369 386 non
1411 349 1586 386 locorum
1617 349 1758 398 spaciis

442 408 510 443 sed
542 407 746 456 presencia
780 407 1006 453 maiestatis,
1044 408 1113 443 sed
1145 414 1185 442 ut
1222 408 1481 444 admoneatur
1519 407 1669 444 animus
1707 408 1758 443 ad

442 472 624 500 naturam
657 465 974 501 excellenciorem
999 472 1034 500 et
1057 465 1277 515 digniorem
1300 477 1341 502 se
1363 473 1602 512 convertere,
1627 465 1666 500 id
1689 472 1756 511 est,

444 523 495 558 ad
533 523 744 559 Dominum
790 530 825 558 et
872 523 998 558 Deum
1043 535 1167 569 suum,
1213 535 1297 559 cum
1336 523 1460 573 ipsum
1499 535 1641 572 corpus
1679 522 1758 559 eius

443 581 545 629 quod
583 587 780 616 terrenum
821 588 889 626 est,
934 581 986 616 ad
1025 593 1167 629 corpus
1206 581 1474 628 excellencius,
1518 581 1558 616 id
1596 588 1664 627 est,
1707 581 1791 616 ad5

444 650 586 688 corpus
618 638 755 674 celeste
785 650 905 687 supra
938 650 979 674 se
1010 638 1263 674 convertitur.

508 696 695 732 Convenit
738 696 856 731 eciam
895 696 1088 746 gradibus
1127 696 1329 746 religionis
1367 704 1402 732 et
1434 696 1649 744 plurimum
1690 707 1757 732 ex—

440 754 549 803 pedit
588 761 629 790 ut
667 754 836 790 omnium
874 754 1045 789 sensibus
1083 761 1118 789 et
1150 755 1409 802 parvulorum
1450 761 1484 789 et
1523 766 1758 804 magnorum

445 812 536 848 bene
556 811 752 848 senciatur
774 812 820 847 de
841 812 937 847 Deo.
968 811 1021 847 Et
1043 812 1126 846 ideo
1149 812 1215 860 qui
1236 812 1444 848 visibilibus
1466 812 1591 847 adhuc
1609 811 1757 860 pulcri-

444 869 638 905 tudinibus
683 869 803 904 dediti
843 876 943 915 sunt,
991 881 1059 905 nec
1098 877 1262 918 possunt
1301 870 1447 918 aliquid
1485 870 1817 918 incorporeumlo

445 927 636 977 cogitare,
683 927 861 976 quoniam
901 939 1051 963 necesse
1089 934 1144 963 est
1176 935 1217 963 ut
1249 927 1370 963 celum
1400 928 1610 976 preferant
1641 934 1758 973 terre,

443 985 688 1021 tolerabilior
719 992 775 1021 est
806 985 932 1033 opinio
967 997 1114 1031 eorum,
1151 985 1185 1021 si
1218 985 1340 1021 Deum
1372 997 1481 1034 quem
1515 986 1641 1020 adhuc
1673 997 1759 1021 cor-

438 1043 636 1092 poraliter
675 1043 850 1092 cogitant
887 1043 923 1078 in
963 1043 1042 1078 celo
1077 1043 1214 1091 pocius
1252 1043 1415 1078 credant
1452 1055 1533 1079 esse
1569 1055 1684 1092 quam
1724 1042 1759 1077 in

445 1108 577 1145 terra,·
620 1108 660 1136 ut
697 1112 782 1136 cum
821 1100 1029 1149 aliquando
1063 1101 1320 1150 cognoverint
1360 1101 1589 1150 dignitatem
1636 1100 1761 1136 anime

445 1159 582 1194 celeste
625 1158 744 1194 eciam
792 1170 934 1207 corpus
978 1159 1180 1205 excedere,
1226 1158 1354 1208 magis
1399 1171 1482 1194 eum
1519 1166 1684 1208 querant
1723 1158 1815 1193 inst>

445 1216 574 1252 anima
603 1229 718 1265 quam
743 1217 778 1252 in
802 1228 969 1265 corpore
1000 1216 1119 1252 eciam
1154 1216 1303 1260 celesti‚·
1331 1223 1364 1252 et
1392 1229 1476 1252 cum
1506 1215 1761 1266 cognoverint

444 1281 626 1323 quantum
681 1274 792 1310 distet
844 1274 945 1310 inter
982 1281 1234 1323 peccatorum
1282 1274 1432 1310 animas
1477 1281 1511 1309 et
1555 1274 1758 1317 iustorum,

444 1333 542 1369 sicut
573 1344 646 1368 non
679 1333 885 1379 audebant,
924 1344 1007 1368 cum
1041 1333 1168 1368 adlzuc
1200 1332 1414 1368 carnaliter
1445 1339 1639 1381 saperent,
1673 1344 1757 1367 eum

446 1390 481 1425 in
514 1397 623 1426 terra
657 1390 853 1426 collocare
884 1391 953 1426 sed
984 1390 1019 1425 in
1052 1390 1145 1437 celo,
1177 1390 1232 1426 sic
1258 1398 1395 1439 postea
1426 1390 1677 1439 nzeliorifide
1700 1389 1760 1424 vel

445 1448 706 1498 intelligencia
739 1448 868 1498 magis
891 1460 974 1483 eum
998 1448 1033 1483 in
1067 1448 1205 1484 animis
1237 1448 1425 1484 iustorum
1457 1460 1570 1497 quam
1604 1447 1640 1483 in
1667 1459 1758 1496 pec·
1775 1460 1816 1481 20

446 1513 621 1542 catorum
656 1506 868 1555 requirant.
916 1507 1033 1542 Recte
1065 1506 1188 1556 igitur
1220 1506 1452 1556 intelligitur
1483 1506 1585 1554 quod
1616 1505 1757 1541 dictum

447 1571 503 1600 est
534 1564 655 1599 Pater
699 1571 831 1600 noster
873 1564 938 1613 qui
980 1576 1018 1600 es
1062 1564 1098 1599 in
1143 1564 1233 1599 celis
1273 1564 1308 1599 in
1348 1564 1529 1600 cordibus
1568 1563 1756 1599 iustorum

447 1634 527 1658 esse
560 1621 715 1666 dictum,
749 1629 944 1671 tamquam
978 1622 1013 1657 in
1046 1622 1188 1671 templo
1220 1629 1352 1658 sancto
1374 1634 1455 1659 suo.
1491 1621 1617 1656 Simul
1639 1621 1757 1657 eciam

447 1686 487 1715 ut
516 1680 582 1729 qui
613 1687 713 1726 orat,
746 1680 781 1714 in
814 1692 855 1715 se
885 1692 1032 1728 quoque
1064 1680 1146 1728 ipso
1181 1680 1269 1715 velit
1301 1680 1479 1715 habitare
1511 1691 1619 1727 quem
1654 1679 1758 1714 invo-

447 1745 520 1784 cat,
566 1744 601 1773 et
639 1749 723 1773 cum
764 1738 835 1773 hoc
873 1738 1040 1786 affectat,
1084 1745 1208 1773 teneat
1252 1737 1440 1773 iusticiam
1486 1749 1557 1785 quo
1602 1740 1816 1772 munere25

448 1795 634 1831 invitatur
666 1796 717 1830 ad
748 1795 1037 1831 inhabitandum
1072 1796 1240 1831 animum
1275 1796 1394 1831 Deus.

504 1853 585 1888 Iam
631 1852 753 1903 igitur
798 1853 995 1889 videamus
1038 1865 1108 1901 que
1161 1853 1236 1889 sint
1272 1854 1450 1902 petenda.
1506 1853 1663 1888 Dictum
1705 1859 1761 1887 est

448 1911 546 1946 enim
585 1911 669 1959 quis
707 1911 756 1946 sit
786 1911 852 1959 qui
877 1911 1026 1960 petitur
1057 1918 1092 1946 et
1125 1911 1188 1946 ubi
1217 1911 1376 1947 habitat.
1423 1910 1598 1946 Primum
1632 1917 1758 1946 autem

448 1969 616 2005 omnium
647 1980 717 2017 que
741 1976 926 2017 petuntur
958 1969 1029 2005 hoc
1061 1976 1136 2005 est:
1170 1969 1440 2018 Sanctificetur
1472 1980 1606 2004 nomen
1639 1975 1758 2003 tuum.

454 2027 569 2070 Quod
621 2039 693 2063 non
736 2027 791 2063 sic
829 2027 988 2075 petitur,
1042 2027 1152 2075 quasi
1195 2039 1266 2063 non
1313 2027 1362 2063 sit
1404 2033 1579 2062 sanctum
1625 2037 1759 2062 nomen
1775 2030 1817 2062 30

448 2084 608 2120 Domini
643 2085 711 2120 sed
749 2092 787 2119 ut
827 2092 1001 2121 sanctum
1043 2085 1233 2120 habeatur
1265 2085 1311 2120 ab
1344 2085 1574 2130 hominibus,
1621 2083 1660 2119 id
1692 2090 1759 2128 est,

449 2143 501 2178 ita
534 2142 611 2178 illis
643 2142 853 2179 innotescat
876 2143 983 2178 Deus
1016 2150 1055 2178 ut
1088 2155 1159 2179 non
1184 2143 1403 2179 existiment
1426 2142 1572 2191 aliquid
1592 2141 1761 2178 sanctius

448 2201 550 2249 quod
588 2200 717 2250 magis
755 2201 948 2249 offendere
986 2201 1155 2236 timeant.
1201 2201 1332 2249 Neque
1365 2200 1462 2236 enim
1496 2199 1582 2248 quia
1617 2199 1759 2235 dictum

448 2265 524 2294 est:
556 2258 682 2294 Notus
704 2258 741 2294 in
764 2258 885 2294 Judea
910 2259 1029 2304 Deus,
1063 2259 1099 2293 in
1128 2259 1253 2294 Israel
1284 2271 1469 2308 magnum
1503 2269 1637 2293 nomen
1669 2257 1762 2303 eius,

447 2316 501 2351 sic
545 2315 838 2366 intelligendum
885 2323 952 2362 est,
997 2316 1108 2365 quasi
1143 2316 1236 2351 alibi
1274 2316 1401 2352 minor
1437 2316 1485 2351 sit
1530 2316 1648 2361 Deus,
1693 2314 1817 2351 sed35

447 2373 544 2409 sicut
588 2373 638 2409 ibi
681 2386 865 2424 magnum
913 2386 1048 2410 nomen
1093 2374 1183 2420 eius,
1230 2374 1293 2410 ubi
1330 2386 1406 2423 pro
1445 2385 1511 2409 sue
1550 2372 1762 2408 maiestatis

447 2431 680 2467 admiranda
709 2427 715 2483 Ι
744 2432 1012 2481 magnitudine
1034 2432 1269 2479 nominatur,
1293 2432 1344 2467 ita
1360 2432 1413 2467 ibi
1425 2431 1567 2467 dicitur
1587 2437 1760 2466 sanctum
1802 2432 1883 2467 383²

448 2501 582 2525 nomen
622 2489 714 2536 eius,
761 2490 824 2525 ubi
861 2502 945 2525 cum
989 2490 1239 2526 veneracione
1282 2496 1317 2525 et
1362 2489 1579 2538 offensionis
1625 2488 1763 2524 timore

518 2676 539 2696 1.
573 2669 611 2696 B:
648 2668 797 2696 deseruit.
912 2677 941 2704 9.
973 2668 1089 2697 Codd.:
1122 2668 1268 2696 visilibus.
1387 2677 1428 2696 10.
1461 2668 1500 2695 B:
1533 2675 1595 2695 non
1622 2671 1762 2703 possunt.

449 2711 488 2737 17.
510 2703 546 2730 B:
569 2703 672 2731 distat.
765 2711 806 2738 19.
828 2704 871 2730 A:
894 2704 913 2730 i.
934 2704 1063 2731 meliori.
1153 2711 1200 2737 24.
1217 2704 1259 2730 A:
1281 2705 1385 2730 orant.
1476 2711 1520 2738 27.
1542 2703 1580 2730 B:
1609 2711 1667 2743 que
1684 2705 1763 2730 sunl.

449 2745 493 2773 27,
514 2738 559 2766 28.
582 2738 622 2766 ss:
644 2738 764 2765 Dictum
786 2741 832 2765 est
848 2741 961 2766 autem.
1070 2736 1113 2765 32.
1135 2739 1179 2765 A:
1200 2740 1333 2765 sanctus.
1441 2736 1483 2765 33.
1505 2739 1548 2765 A:
1571 2746 1650 2765 emm
1671 2737 1764 2764 deest.

448 2771 494 2806 34.
516 2774 560 2800 A:
581 2776 626 2800 est
642 2773 753 2800 Judea.

520 2857 572 2897 34.
600 2857 728 2888 Psalm.
756 2858 889 2897 LXXV,
919 2868 948 2889 2.
