2003 3322
222 214 310 242 CAP.
334 204 417 258 Lx]
692 213 904 245 SECUNDA
934 213 1061 244 PARS.
1741 202 1823 248 469

225 322 414 360 calumnie
448 321 654 357 inveniant.
689 321 741 356 Et
773 320 857 355 ideo
897 319 1128 368 simpliciter
1160 319 1339 355 audiebat
1366 320 1536 368 populus

224 381 403 431 simplex.
458 379 501 415 Si
541 386 668 414 autem
711 377 832 427 aliqui
861 389 993 413 eorum
1038 377 1247 425 affuissent,
1298 376 1379 412 sine
1422 377 1536 413 dubio

224 438 421 476 silencium
459 444 495 474 et
524 436 760 487 gravitatem
800 435 950 485 populi,
1001 434 1098 470 sicut
1149 434 1314 471 consulti
1354 434 1535 482 fuerant,

226 495 598 534 contradiccz'onibus
656 494 737 530 suis
780 493 1085 538 conturbassent,
1147 492 1235 541 quia
1298 492 1361 527 ubi
1409 492 1536 528 maior

193 554 400 601 bsciencia,
432 553 484 589 ibi
512 552 665 589 malicia
689 551 863 600 forcior.
903 550 980 593 Qui
1010 557 1136 586 autem
1157 550 1424 599 festinaverat
1454 562 1536 587 esse

221 613 349 662 prior,
394 610 556 661 difficile
593 616 789 646 contentus
826 609 900 645 erit
932 620 1013 645 esse
1049 608 1249 644 secundus.
1302 608 1405 643 Erat
1437 608 1534 644 enim

226 671 365 706 docens
398 681 461 705 eos
492 669 589 705 sicut
615 674 846 717 potestatem
870 666 1023 703 habens.
1064 666 1198 702 Omnis
1230 666 1368 702 doctor
1398 678 1536 702 servus

224 735 280 764 est
312 727 423 778 legis,
463 726 550 776 quia
588 737 706 774 neque
735 738 857 775 supra
890 726 1015 775 legem
1047 724 1194 760 addere
1226 730 1355 773 potest
1390 723 1537 773 aliquid

222 786 430 822 secundum
467 784 674 834 proprium
712 795 822 820 suum
861 794 1012 820 sensum
1052 794 1169 831 neque
1205 781 1436 818 subtrahere
1467 782 1537 817 ali-

173 861 210 881 10
225 843 316 893 quid
336 843 545 879 secundum
573 841 781 891 proprium
804 841 1050 887 intellectum,
1083 840 1153 876 sed
1174 840 1246 876 hoc
1268 841 1536 876 tantummodo

220 901 401 951 predicat
443 901 546 949 quod
589 900 753 936 habetur
798 899 834 934 in
875 900 973 949 lege.
1022 899 1104 934 Nec
1143 897 1242 934 enim
1270 904 1399 947 potest
1431 910 1537 934 mens

226 960 393 995 humana
439 959 662 995 detractare
704 958 807 1005 quod
837 956 1031 1006 sapiencia
1075 956 1203 992 divina
1249 955 1419 991 dictavit.
1473 956 1537 992 Sic

226 1017 322 1053 enim
357 1016 408 1052 ait
431 1016 636 1052 Salomon:
667 1016 727 1051 Ne
757 1015 881 1050 addas
914 1014 1041 1050 verbis
1063 1013 1225 1049 Domini
1255 1025 1373 1062 neque
1405 1013 1536 1050 detra-

226 1075 295 1110 has
327 1074 424 1111 inde.
465 1074 542 1118 Qui
571 1074 668 1109 enim
694 1073 765 1109 hoc
792 1085 908 1108 ausus
936 1079 990 1108 est
1010 1073 1154 1121 facere
1189 1084 1230 1107 se
1260 1071 1537 1120 sapienciorem

173 1139 334 1182 15putat
365 1144 446 1168 esse
475 1144 588 1181 quam
622 1132 748 1167 Deum
782 1138 817 1166 et
848 1130 980 1180 incipit
1012 1142 1092 1166 esse
1112 1130 1248 1178 falsus
1280 1129 1399 1177 testis,
1450 1129 1537 1178 quia

227 1190 325 1226 illud
357 1189 447 1225 dicit
478 1190 580 1238 quod
626 1201 691 1225 nec
729 1189 877 1224 audivit
921 1200 987 1224 nec
1020 1188 1128 1224 vidit.
1187 1187 1366 1223 Christus
1410 1194 1535 1224 autem
1605 1203 1721 1236 Christ,
1743 1212 1776 1230 as

229 1248 404 1284 dominus
447 1247 547 1298 legis
590 1255 645 1283 est
687 1254 723 1282 et
770 1247 1000 1283 subtrahere
1038 1253 1167 1295 potest
1218 1246 1265 1281 de
1308 1245 1394 1296 lege
1437 1237 1738 1300 quodlgffistceguffi
1754 1237 1815 1299 ἕξεί

222 1313 388 1355 propter
431 1305 691 1341 necessitatem
744 1305 930 1354 temporis
972 1304 1093 1351 iussit,
1153 1311 1193 1339 ut
1234 1310 1331 1352 puta
1373 1311 1539 1353 propter
1553 1311 1583 1334 to
1607 1293 1642 1334 ‹31-
1660 1307 1825 1346 witlydraw

227 1363 416 1400 duriciam
464 1363 594 1400 cordis
637 1363 779 1399 iussum
822 1363 964 1411 fuerat
1012 1362 1107 1398 dare
1152 1361 1322 1398 libellum
1371 1361 1533 1411 repudii.
1622 1341 1703 1370 from
1724 1346 1756 1369 η’

168 1438 211 1460 20
225 1421 417 1458 Dominus
460 1422 557 1457 illud
588 1421 697 1470 quasi
723 1427 952 1470 potestatem
998 1420 1140 1456 habens
1171 1419 1358 1456 subduxit
1391 1419 1538 1456 dicens:

232 1480 347 1524 Quod
375 1480 483 1516 Deus
506 1479 720 1524 coniunxit,
756 1479 869 1515 homo
902 1491 975 1515 non
1007 1485 1174 1527 separet.
1209 1479 1303 1514 Item
1328 1484 1363 1514 et
1384 1477 1538 1513 addidit

224 1538 328 1587 quod
365 1544 533 1587 propter
564 1537 826 1587 infirmitatem
863 1549 1023 1587 operum
1054 1536 1179 1572 minus
1202 1537 1346 1585 suerat
1377 1536 1534 1582 iussum,

226 1603 265 1631 ut
302 1603 418 1645 puta:
461 1595 636 1644 Antiquis
669 1595 810 1631 dictum
849 1602 924 1631 est:
961 1595 1049 1630 Non
1089 1594 1259 1639 occides;
1302 1606 1375 1644 ego
1407 1601 1534 1630 autem

227 1654 332 1690 dico:
374 1654 460 1689 Non
510 1653 708 1690 irascaris.
760 1653 849 1690 Ideo
882 1665 979 1703 ergo
1023 1652 1281 1699 mirabantur,
1328 1652 1414 1701 quia
1464 1664 1537 1689 non

169 1718 208 1751 25
225 1712 335 1761 quasi
362 1723 500 1748 servus
532 1711 630 1762 legis
661 1711 730 1747 sub
758 1719 950 1761 potestate
989 1711 1216 1747 constitutus
1247 1710 1346 1746 illud
1378 1711 1538 1747 docebat

223 1771 326 1819 quod
348 1770 491 1818 fuerat
523 1769 680 1817 iussum,
729 1771 797 1806 sed
838 1769 948 1819 quasi
985 1769 1163 1805 dominus
1195 1768 1296 1819 Iegis
1327 1776 1363 1805 et
1394 1769 1538 1805 habens

216 1834 448 1878 potestatem
493 1840 564 1864 sua
609 1828 841 1864 auctoritate
887 1828 1054 1863 addebat
1096 1839 1215 1877 super
1252 1828 1353 1875 quod
1392 1827 1536 1863 dictum

222 1886 371 1922 dicens.-
402 1886 578 1934 Antiquis
610 1886 753 1922 dictum
777 1886 920 1934 fuerat
952 1886 1036 1933 hoc,
1069 1897 1142 1935 ego
1175 1891 1301 1921 autem
1336 1885 1420 1922 dico
1453 1885 1535 1921 hoc.

221 1945 305 1980 Hec
338 1943 620 1980 Crisostomus.

164 2022 205 2054 30
279 2004 353 2038 Iste
398 2003 541 2038 doctor
582 2001 739 2038 videtur
785 2001 991 2038 verificare
1036 2001 1188 2038 dictum
1228 2000 1412 2049 Apostoli
1457 2013 1537 2048 quo
1580 2002 1800 2051 Reasonsthat

220 2059 316 2096 dicit
349 2061 456 2109 quod
490 2059 607 2096 Greci
642 2068 817 2108 querunt
850 2059 1109 2107 sapienciam,
1157 2072 1248 2096 cum
1281 2058 1354 2095 iste
1388 2060 1537 2095 Grecus
1552 2037 1636 2099 dmg
1656 2037 1827 2106 giffrffpwd

219 2117 421 2166 sapienter
473 2117 757 2166 compendiose
810 2126 846 2154 et
891 2117 1083 2166 exquisite
1137 2116 1317 2166 exposuit
1380 2115 1537 2164 sapien-

89 2179 173 2223 404b
220 2175 324 2212 ciam
358 2175 467 2212 verbi
501 2175 660 2213 Christi.
699 2177 780 2212 Nec
814 2175 886 2211 fuit
925 2175 1141 2224 impeditus
1173 2187 1245 2223 per
1282 2183 1390 2212 terro
1418 2171 1424 2227 Ι
1452 2186 1537 2211 rem

219 2233 470 2280 Antichristi,
511 2233 605 2282 quia
642 2233 912 2269 Antichristus
951 2242 1033 2270 tarn
1074 2234 1164 2270 loco
1197 2246 1319 2282 quam
1353 2241 1536 2280 tempore

162 2298 202 2331 35
218 2304 340 2340 quam
385 2291 510 2328 eciam
545 2292 666 2328 stulta
698 2290 951 2328 subieccione
984 2294 1032 2328 ab
1065 2291 1133 2328 illo
1171 2290 1333 2340 distitit3
1373 2299 1409 2326 et
1449 2289 1537 2338 capi
1564 2287 1584 2307 ¹·
1611 2279 1753 2347 ῑῖνὲῖῗᾞ
1766 2279 1816 2306 1¹¹0

218 2349 375 2387 videtur
407 2362 524 2398 posse
557 2362 601 2387 ex
631 2349 762 2386 verbis
798 2361 874 2398 que
907 2349 1038 2386 innuit
1071 2351 1179 2398 quod
1213 2362 1255 2386 ex
1289 2361 1408 2386 causa
1441 2361 1538 2397 qua·
1605 2348 1767 2376 salvation.

221 2407 392 2456 druplici
431 2407 553 2444 alium
598 2409 868 2456 sequebantur
910 2407 1119 2445 dominum
1158 2407 1448 2456 predicantem,
1494 2415 1538 2443 ut

219 2465 339 2514 primi
371 2475 537 2514 propter
569 2466 804 2503 discendum
836 2466 942 2504 viam
987 2468 1037 2503 ad
1070 2466 1244 2515 patriam
1285 2464 1536 2513 dirigentem,

288 2618 313 2646 5.
333 2619 379 2645 A:
405 2618 469 2645 illic
488 2618 634 2652 malicia;
656 2619 697 2646 ib.
719 2620 758 2646 B:
783 2619 844 2654 Qui
857 2619 947 2646 enim.
1021 2626 1050 2653 9.
1070 2619 1115 2645 A:
1136 2618 1174 2645 de
1191 2625 1248 2645 suo
1268 2624 1362 2644 remo.
1437 2624 1473 2644 12.
1495 2616 1534 2643 B:

218 2653 352 2680 humana
372 2653 550 2680 directiare.
643 2652 681 2681 13.
715 2653 783 2682 Non
812 2653 921 2681 addas.
1012 2660 1056 2679 ¹22.
1077 2652 1115 2679 ss:
1136 2651 1220 2687 quod
1239 2652 1332 2679 deest.
1425 2650 1470 2679 28.
1490 2652 1535 2678 A:

217 2688 372 2757 gip-egit?
382 2687 576 2757 mdzsscrcgtcxlepst.
684 2687 730 2716 30.
752 2690 781 2716 A
801 2689 831 2716 in
854 2696 967 2723 marg:
987 2686 1154 2715 Jolzannes.
1270 2685 1313 2714 32.
1334 2687 1379 2713 A:
1401 2686 1535 2721 exponit.

291 2783 339 2816 13.
366 2783 468 2814 Deut.
494 2784 550 2823 IV,
578 2793 608 2824 2,
634 2784 705 2824 XII,
735 2785 787 2820 32,
814 2784 914 2814 Prov.
941 2782 1042 2821 XXX,
1069 2781 1100 2813 ὁ.
1170 2791 1222 2812 21.
1251 2780 1369 2812 Matth.
1389 2781 1474 2820 XIX,
1500 2779 1532 2811 6.

219 2830 270 2861 23.
298 2828 415 2860 Matth.
444 2830 499 2870 Vl,
528 2839 580 2869 21,
609 2840 661 2860 22.
776 2831 828 2863 31.
856 2831 866 2861 Ι
896 2830 975 2860 Cor.
1007 2839 1032 2867 1,
1062 2838 1113 2859 22.
