2003 3322
218 223 307 251 CAP.
329 211 398 266 VI]
697 223 908 256 SECUNDA
936 223 1061 256 PARS.
1741 213 1819 250 263

221 331 393 369 minacio
432 343 590 378 magna,
637 329 731 378 quia
770 328 952 366 deridere
986 329 1206 375 hominem⁷
1252 328 1423 365 dicendo
1457 329 1531 365 sibi

220 391 367 436 Racha,
401 398 459 426 est
487 388 651 436 dignum
686 388 905 424 secundum
941 386 1192 435 evangelium
1227 399 1375 434 magna
1407 399 1530 435 pena;

219 456 371 497 quanto
412 446 538 494 magis
571 445 751 483 deridere
785 447 914 481 Deum
950 446 1070 481 rnodo
1103 457 1183 493 quo
1217 444 1369 481 dictum
1404 453 1460 481 est
1494 454 1531 481 et

218 505 259 542 in
291 505 367 542 ista
398 503 563 541 historia
596 503 827 551 figuratum.

184 563 200 596 5
275 565 324 600 Et
367 563 440 599 hec
485 561 660 599 creditur
704 560 813 598 racio
858 572 982 609 quare
1032 560 1070 596 in
1122 569 1233 597 tanta
1271 561 1528 596 sacerdotum
1547 567 1613 595 Our
1634 568 1745 606 priests
1766 569 1824 596 like

218 620 472 657 multitudine
533 632 614 656 non
673 618 833 667 proficit
895 618 1061 655 ecclesia
1113 617 1370 655 oracionibus
1429 618 1531 654 sicut
1569 603 1798 665 tlssgffikohlggal

216 678 325 715 olim.
377 678 544 714 Videtur
588 676 694 714 enim
748 685 830 713 tam
877 684 1057 713 oratores
1100 689 1221 724 quam
1266 677 1531 712 conductores
1547 672 1823 708 needsarousing.

216 736 421 774 incurrere
458 735 575 772 istam
615 734 891 771 infidelitatem
933 735 1041 783 quod
1081 736 1186 770 Deus
1224 746 1304 770 non
1350 733 1532 770 meminit

216 794 311 832 facti
335 793 409 830 sibi
440 792 633 841 placentis
665 793 726 828 vel
759 792 859 828 iuste
891 791 981 838 vite,
1016 791 1089 828 nisi
1124 792 1342 828 clamantes
1376 791 1533 828 fortiter

162 851 347 901 10ipsum
381 859 645 899 provocarent
679 851 729 887 ad
761 849 893 886 taliter
924 849 1188 897 largiendum.
1225 850 1342 895 Quod
1376 849 1534 886 videtur

217 910 432 958 figuratum
465 908 506 945 in
544 907 847 956 quadringentis
882 907 1159 944 sacerdotibus
1202 907 1310 952 Baal,
1357 908 1404 943 de
1447 907 1534 955 qui-

217 969 288 1004 bus
332 969 378 1003 III
422 969 572 1015 Regum
617 967 750 1012 XVIII,
801 975 866 1013 27.
914 965 1068 1011 Quibus
1113 965 1250 1001 Helias
1299 964 1395 1001 dixit
1443 965 1531 1001 illu-

217 1026 367 1062 dendo:
419 1024 593 1060 clamate
637 1036 728 1060 voce
778 1023 939 1059 maiore.
994 1024 1102 1059 Deus
1145 1023 1242 1059 enim
1292 1030 1419 1059 vester
1465 1030 1533 1069 est,

216 1091 251 1120 et
299 1083 446 1132 forsan
505 1094 588 1118 cum
643 1082 719 1118 alio
774 1081 944 1130 loquitur
994 1088 1060 1116 aut
1111 1081 1147 1116 in
1199 1081 1415 1117 diversorio
1469 1088 1534 1116 aut

164 1140 252 1177 15z'n
296 1141 431 1177 itinere
482 1147 548 1176 aut
591 1147 694 1175 certe
741 1139 897 1182 dormit,
942 1146 982 1174 ut
1033 1139 1235 1175 excitetur.
1285 1140 1385 1175 Cum
1439 1151 1532 1187 ergo

217 1198 313 1236 talia
363 1197 442 1235 sint
492 1196 669 1234 heretica
713 1205 750 1233 et
794 1196 1061 1244 impossibilia
1106 1197 1154 1233 de
1196 1198 1279 1233 Deo
1324 1209 1432 1243 vero,
1477 1196 1531 1232 vi—

218 1258 332 1293 detur
378 1256 486 1304 quod
529 1254 660 1292 omnis
707 1255 859 1291 clamor
897 1253 988 1291 talis
1027 1253 1121 1291 cleri
1154 1254 1229 1290 nisi
1283 1255 1331 1290 de
1381 1263 1532 1303 quanto

217 1323 322 1351 recte
374 1313 518 1350 excitat
568 1312 828 1349 devocionem
875 1313 924 1348 ad
963 1314 1090 1349 Deum
1137 1311 1324 1349 devocius
1369 1325 1533 1350 exoran-

216 1373 311 1408 dum
352 1380 408 1408 est
446 1370 611 1408 omnino
653 1370 893 1418 superfluus,
934 1378 970 1406 et
1003 1369 1230 1418 specialiter
1262 1369 1294 1405 si
1338 1370 1532 1419 impediat

159 1440 200 1462 20
216 1429 444 1467 oracionem
505 1427 706 1465 interioris
764 1426 936 1464 hominis
989 1441 1109 1476 quam
1163 1428 1413 1476 evangelium
1469 1428 1532 1465 hic

214 1487 397 1536 precipit.
461 1486 642 1523 Christus
694 1494 828 1522 autem
880 1484 1037 1522 videtur
1089 1499 1229 1534 parum
1285 1499 1426 1524 curare
1484 1488 1532 1523 de

90 1544 170 1579 382¹⁷
215 1545 355 1594 templi
401 1544 558 1582 edificio
603 1552 840 1592 sumptuoso
869 1539 874 1596 Ι
903 1552 940 1580 et
977 1543 1034 1581 sic
1067 1545 1115 1580 de
1147 1544 1321 1582 basilicis
1355 1546 1403 1582 ab
1437 1557 1531 1592 ypo-
1547 1549 1752 1578 Clu-istcares
1773 1555 1825 1577 not

216 1603 324 1640 critis
357 1602 398 1639 in
429 1601 638 1640 ecclesiam
672 1601 911 1638 introductis
956 1605 1014 1645 (ut
1056 1610 1166 1650 patet
1211 1602 1378 1639 Matthei
1411 1603 1531 1638 XXIV
1558 1584 1696 1647 forcffipg
1722 1590 1813 1654 {¹5⁰⁵

217 1670 253 1698 et
283 1662 370 1698 Joh.
395 1661 493 1705 IV0).
526 1659 643 1696 Talia
676 1668 810 1696 autem
844 1658 1049 1696 sensibilia
1082 1660 1235 1696 mundo
1271 1659 1531 1709 splendencia

160 1719 198 1752 25
215 1718 400 1756 videntur
440 1717 596 1766 aperire
636 1717 782 1754 ostium
825 1718 970 1754 domus
1008 1717 1160 1754 orantis
1202 1726 1239 1754 et
1272 1718 1531 1755 introducere

217 1777 256 1813 in
294 1790 410 1813 suum
446 1775 674 1813 cubiculum
714 1774 921 1821 inimico33
970 1774 1061 1812 ideo
1095 1775 1191 1812 dicit
1225 1776 1407 1813 Christus
1440 1776 1530 1812 Joh.

216 1836 278 1882 IV,
314 1845 379 1880 21,
425 1833 692 1871 Samaritanis
731 1832 999 1881 allegantibus
1039 1835 1147 1882 quod
1184 1833 1434 1871 Jerosolimis
1475 1842 1532 1870 est

215 1893 326 1929 locus
364 1892 406 1928 in
444 1904 524 1940 quo
563 1892 732 1928 adorare
771 1899 949 1939 oportet:
991 1891 1097 1928 Venit
1129 1892 1227 1928 hora
1266 1900 1301 1928 et
1334 1904 1430 1928 nunc
1463 1899 1530 1936 est,

215 1951 367 1999 quando
413 1950 489 1986 viri
523 1950 758 1985 adoratores
794 1949 1015 1985 adorabunt
1047 1957 1203 1998 patrem
1244 1950 1279 1985 in
1319 1950 1459 1999 spiritu
1498 1957 1533 1985 et

160 2008 201 2040 30
217 2008 392 2055 veritate,
436 2020 522 2043 nam
568 2015 603 2043 et
640 2014 755 2056 pater
798 2007 895 2043 tales
939 2007 1077 2057 querit,
1123 2007 1187 2056 qui
1229 2008 1393 2044 adorent
1432 2020 1529 2044 eum.

215 2068 329 2102 Nunc
367 2074 502 2102 autem
544 2066 716 2101 mundus
755 2064 1009 2101 sensibilibus
1044 2073 1102 2101 est
1136 2065 1191 2101 sic
1225 2065 1383 2101 deditus
1423 2066 1530 2114 quod

215 2124 302 2172 plus
335 2122 505 2160 attendit
537 2124 645 2171 quod
678 2123 822 2159 habeat
854 2122 1063 2159 oraciones
1097 2135 1231 2170 novas,
1266 2131 1406 2160 cantus
1439 2124 1531 2159 sub-

215 2181 302 2217 tiles
336 2189 372 2218 et
405 2181 537 2218 locum
567 2181 845 2228 splendentem
876 2193 997 2229 quam
1022 2181 1130 2228 quod
1153 2182 1298 2217 habeat
1320 2180 1529 2217 oraciones

217 2238 403 2287 antiquas
444 2247 482 2275 et
526 2238 854 2275 circumstancias
900 2250 998 2286 quas
1040 2238 1223 2275 Christus
1271 2238 1443 2286 precipit
1488 2237 1529 2274 in

160 2295 292 2333 35hoe
329 2297 432 2333 loco.
479 2298 527 2332 Et
567 2304 753 2332 excusent
788 2296 1004 2332 militantes
1038 2296 1105 2344 qui
1138 2296 1339 2333 sciverunt
1373 2297 1420 2332 de
1453 2297 1529 2332 1100

217 2363 383 2402 peccato
406 2353 652 2390 infidelitatis
675 2353 878 2391 inficiente
900 2353 1109 2390 oraciones
1134 2353 1312 2401 ecclesie,
1337 2354 1431 2402 quia
1455 2366 1527 2402 ego
1590 2359 1640 2397 the
1660 2358 1728 2385 love
1748 2358 1783 2385 of

218 2413 294 2448 hoc
326 2411 460 2448 nescio
494 2413 563 2448 sed
592 2412 710 2448 credo
736 2413 842 2460 quod
867 2413 942 2448 hoc
964 2420 1175 2459 peccatum
1200 2420 1258 2448 est
1282 2411 1526 2460 principium
1569 2393 1792 2464 ῃῖἓὲξὴᾶὲῗῗέξ

219 2469 381 2506 demoni
421 2469 579 2506 docenti
616 2470 825 2518 populum,
874 2478 915 2505 ut
953 2478 1170 2517 postponat
1210 2469 1336 2518 magis
1376 2471 1525 2505 bonum

220 2536 256 2564 et
288 2526 363 2563 sibi
395 2526 491 2563 utile
525 2536 562 2563 et
594 2536 791 2575 preponat
824 2527 955 2563 minus
985 2528 1133 2563 bonum
1159 2528 1248 2575 plus
1271 2526 1526 2576 splendidum

159 2586 352 2633 40quoad
399 2586 610 2631 mundum,
663 2584 817 2621 seducit
861 2585 1007 2621 multos
1052 2594 1233 2621 terrenos
1277 2585 1317 2621 in
1363 2585 1529 2622 ecclesia

221 2642 430 2679 militante.

286 2762 314 2786 4.
328 2754 356 2780 A
367 2763 371 2780 ε
384 2754 444 2781 ista
455 2754 555 2780 twice.
628 2762 654 2788 7.
667 2755 710 2781 A:
723 2753 846 2780 videtur
859 2753 928 2780 nisi.
1002 2752 1029 2780 8.
1040 2754 1061 2780 B
1072 2763 1077 2780 :
1090 2753 1271 2781 meminerit.
1346 2753 1387 2781 16.
1401 2753 1438 2780 B:
1451 2755 1528 2780 sunt.

289 2833 342 2865 23.
369 2831 486 2863 Matth.
513 2831 631 2871 XXIV,
659 2841 688 2862 2.
