2003 3322
190 190 278 218 CAP.
298 180 423 234 xrvr]
675 192 887 224 SECUNDA
914 193 1041 224 PARS.
1713 199 1759 231 41
1775 185 1792 220 3

191 310 232 333 ea
256 310 326 346 que
348 298 434 333 huic
462 298 537 333 vite
559 297 811 347 transigende
839 305 926 333 sunt
956 297 1185 343 necessaria,
1220 310 1337 345 neque
1365 305 1508 333 temere

191 356 357 390 animum
398 355 561 391 hominis
600 355 909 403 voluntatemque
941 356 1197 404 condempnat
1229 355 1265 390 in
1305 367 1347 391 eo
1376 355 1506 403 sacto,

192 414 227 448 in
274 425 345 461 quo
389 425 461 449 non
505 420 668 461 apparet
710 414 901 462 quomodo
945 413 1073 448 animo
1124 420 1159 448 et
1214 413 1408 448 voluntate
1459 413 1508 448 sit

183 471 366 519 factum;
414 478 448 506 et
486 471 669 519 quidquid
706 471 927 520 officiorum
963 471 1116 507 exhibet
1148 471 1303 516 homini,
1348 472 1419 506 lzac
1456 471 1509 506 in-

161 529 363 564 §tencz'one
393 528 592 573 exhibeat;
633 541 706 577 qua
739 529 807 564 sibi
842 529 921 564 vult
954 528 1141 575 exhiberi,
1180 529 1219 564 id
1251 536 1319 573 est,
1365 536 1405 563 ut
1437 540 1508 564 non

193 587 238 622 ab
277 599 319 622 eo
352 586 499 634 aliquid
537 586 731 622 commodi
760 587 988 635 temporalis
1021 594 1207 634 expectet,
1246 587 1296 622 ita
1337 598 1406 622 cor
1438 586 1510 622 erit

192 644 360 693 simplex
398 651 433 679 et
476 644 660 679 mundum
700 644 735 679 in
775 656 847 692 quo
884 644 1061 693 queritur
1091 644 1213 680 Deus.
1260 644 1372 680 Beati
1410 656 1509 693 ergo

193 702 329 737 mundi
357 702 486 747 corde,
521 702 697 750 quoniam
732 702 806 750 ipsi
836 702 961 737 Deum
996 702 1186 737 videbunt.

70 764 149 807 398⁰
251 760 329 795 Sed
366 760 436 795 hoc
475 760 560 807 quia
597 772 814 808 paucorum
855 767 922 803 est,
962 760 1036 795 iam
1076 759 1207 808 incipit
1235 755 1239 813 Ι
1269 760 1315 795 de
1357 759 1507 795 investi-

142 817 324 867 mmo-anda
355 824 390 852 et
406 817 642 865 possidenda
674 818 866 866 sapiencia
898 818 1012 866 loqui,
1043 819 1145 866 quod
1176 825 1231 853 est
1254 818 1403 867 lignum
1438 817 1511 852 vite

193 875 299 911 cuius
331 875 456 922 utique
493 875 762 925 investigande
799 888 844 911 ac
879 876 1123 923 possidenda
1164 875 1203 910 id
1236 883 1302 920 est,
1343 882 1509 911 contem-

189 933 345 981 plande‚
386 933 474 968 talis
513 933 646 968 oculus
680 946 753 982 per
786 934 912 969 omnia
950 933 1154 982 superiora
1190 934 1403 981 perductus
1442 940 1510 977 est,

193 1003 264 1039 quo
298 991 424 1026 videri
460 990 534 1026 iam
564 991 687 1039 possit
718 998 805 1026 arta
840 991 899 1026 via
939 999 973 1027 et
1005 999 1172 1041 angusta
1201 998 1319 1040 porta
1353 1003 1425 1039 qua
1459 992 1509 1025 ad

195 1048 316 1084 celum
351 1048 533 1085 intratur.
570 1050 653 1084 Hec
687 1048 945 1096 Augustinus.

143 1111 176 1142 15
250 1106 417 1142 Videtur
450 1106 569 1141 istum
606 1115 788 1142 sanctum
823 1107 1029 1142 intendere
1054 1107 1163 1154 quod
1196 1105 1269 1142 iste
1301 1106 1351 1142 sit
1380 1105 1509 1142 brevis
1602 1114 1651 1140 All
1672 1114 1722 1140 ihc

194 1164 419 1200 intellectus
464 1163 576 1200 istius
624 1164 786 1200 moralis
826 1164 1031 1212 principii:
1079 1164 1226 1200 Omnia
1270 1176 1509 1212 quecunque
1530 1149 1801 1210 ᾝἚἜᾸΠἹᾞᾞᾎῙΞ

195 1222 346 1258 debetis
392 1221 691 1258 racionabiliter
736 1223 835 1258 velle
880 1231 923 1258 ut
967 1222 1115 1258 faciant
1159 1221 1272 1257 vobis
1313 1221 1507 1267 homines,
1600 1218 1723 1245 mihis.

194 1279 558 1327 proporcionaliter
603 1280 679 1316 illis
724 1280 842 1316 facite
882 1282 1014 1327 quoad
1056 1291 1198 1326 mores⁷
1247 1289 1284 1315 et
1329 1279 1384 1315 sic
1429 1292 1509 1316 non

195 1346 252 1373 est
286 1337 474 1385 possibile
506 1337 700 1373 viatorem
734 1337 774 1373 in
808 1337 974 1374 caritate
1007 1337 1189 1385 proximo
1223 1350 1294 1373 suo
1325 1337 1495 1374 deficere

139 1395 271 1431 2011isi
319 1395 479 1431 deficiat
531 1404 671 1431 contra
724 1395 831 1431 istud
876 1395 1133 1443 principium.
1188 1396 1280 1431 Ideo
1327 1395 1509 1431 Christus

194 1453 394 1489 subtiliter
426 1462 463 1488 et
496 1453 780 1501 compendiose
815 1453 966 1501 colligit
995 1453 1239 1490 sentenciam
1266 1452 1379 1489 istius
1402 1453 1509 1501 prin—

196 1510 288 1558 cipii
327 1511 367 1546 in
406 1510 557 1558 legibus
597 1520 633 1547 et
674 1511 898 1559 prophetis3
946 1520 982 1547 et
1016 1524 1105 1547 cum
1146 1511 1284 1547 omnia
1319 1512 1509 1548 mandata

196 1569 376 1616 decalogi
421 1568 499 1605 sint
544 1581 720 1605 connexa
772 1578 809 1605 et
854 1569 1021 1617 quilibet
1075 1570 1190 1605 debet
1242 1570 1339 1606 velle
1392 1582 1507 1605 suum

196 1627 421 1674 proximum
462 1627 533 1663 sibi
575 1627 839 1674 spiritualiter
877 1627 1074 1675 proficere
1117 1627 1156 1663 in
1189 1627 1344 1674 integra
1376 1629 1510 1663 obser-

140 1689 177 1720 25
196 1685 334 1720 rancia
397 1686 697 1730 mandatorum,
759 1693 868 1732 patet
930 1687 1038 1733 quod
1100 1684 1255 1733 singula
1319 1687 1510 1721 mandata

196 1742 404 1790 utriusque
437 1744 572 1778 tabule
605 1743 642 1778 in
678 1742 753 1779 isto
788 1743 987 1791 principio
1019 1752 1109 1779 sunt
1143 1743 1368 1779 coniuncta.

678 1890 815 1931 CAP.
847 1891 1023 1931 XLVI.

256 1987 308 2020 Ex
342 1985 417 2021 isto
451 1985 650 2033 principio
684 1985 775 2022 fidei
810 1986 933 2022 claret
967 1986 1150 2022 fidelibus
1174 1987 1381 2034 quomodo
1406 1986 1508 2022 mili-
1556 1992 1657 2027 lioing
1678 2001 1710 2019 as
1731 2001 1776 2019 wc

197 2052 285 2078 tans
318 2043 483 2079 ecclesia
517 2052 766 2091 purgaretur.
804 2046 904 2079 Nam
929 2045 1059 2092 primo
1089 2044 1245 2080 videtur
1268 2045 1373 2092 quod
1398 2056 1509 2092 reges
1532 2028 1793 2097 xffiuixcyii'pepfflognct·

142 2107 182 2138 30
199 2109 234 2136 et
273 2109 501 2147 potentatus
540 2101 662 2137 seculi
701 2110 912 2149 quererent
956 2101 1151 2138 instanter
1189 2103 1237 2137 ab
1280 2101 1354 2137 hiis
1393 2102 1510 2137 sectis
1550 2093 1781 2166 Ῑῖῗὶξγεξζζὲἳξίἷιζὲ

197 2167 370 2205 quatuor
415 2158 511 2206 quid
555 2159 791 2195 naturaliter
835 2168 871 2195 et
911 2158 1007 2207 quid
1049 2159 1267 2207 figuraliter
1299 2159 1348 2195 sit
1380 2159 1510 2195 hostia
1564 2153 1626 2192 'the
1647 2167 1773 2204 orders

198 2225 440 2254 consecrata.
484 2218 585 2252 Nam
633 2217 765 2253 nullus
810 2218 925 2253 debet
964 2218 1063 2253 velle
1102 2216 1143 2252 in
1184 2217 1261 2253 fide
1300 2230 1339 2253 se
1378 2216 1509 2265 decipi
1526 2200 1793 2262 dtelff¹0²³¹{1⁶af”1{',¹-¹0³¹0}⁵

199 2282 235 2309 et
267 2273 494 2321 specialiter
525 2274 565 2310 in
599 2274 676 2310 fide
708 2283 788 2311 tam
816 2274 1035 2321 communi,
1071 2275 1170 2311 citra
1194 2287 1314 2323 quam
1340 2276 1510 2322 populus
1590 2271 1639 2297 ¹¹¹0
1661 2271 1741 2297 ¹¹0⁵?

197 2339 279 2367 tam
314 2331 353 2367 in
386 2331 675 2379 temporalibus
711 2345 831 2380 quam
871 2332 1146 2380 spiritualibus
1178 2334 1279 2368 adeo
1303 2332 1510 2380 spoliatur,

142 2395 181 2426 35
199 2391 298 2425 Nam
341 2389 589 2426 ministracio
630 2390 746 2426 huius
786 2390 1027 2427 sacramenti
1066 2391 1170 2426 valet
1209 2402 1331 2438 regno
1369 2390 1511 2438 Anglie

200 2448 326 2483 multa
371 2447 495 2483 millia
530 2460 755 2484 marcarum
803 2448 841 2483 in
875 2447 1101 2496 sumptibus
1143 2447 1367 2484 annuatim.
1415 2448 1512 2493 Quis

200 2516 293 2552 ergo
326 2517 406 2541 non
440 2514 699 2552 cognosceret
731 2506 938 2542 veritatem
975 2505 1066 2542 fidei
1100 2505 1140 2542 in
1174 2506 1249 2542 hoc
1276 2506 1455 2553 puncto?

271 2692 295 2712 2.
317 2685 354 2712 B:
376 2686 481 2713 animi.
590 2694 623 2712 11.
645 2687 689 2712 A:
711 2686 797 2713 cuius
817 2686 932 2721 itaque.
1041 2685 1077 2713 15.
1099 2687 1128 2712 A
1148 2685 1176 2712 in
1199 2694 1316 2720 marg.:
1343 2685 1510 2713 Johannes.

202 2727 246 2754 27.
267 2720 289 2746 B
310 2721 340 2747 in
363 2728 475 2754 marga
498 2727 555 2754 43.
629 2719 673 2747 28.
695 2721 721 2747 A
744 2721 773 2747 in
796 2728 910 2754 marg:
933 2728 956 2747 1.
1032 2719 1071 2747 35.
1093 2721 1195 2752 valen
1215 2723 1257 2747 A:
1280 2721 1430 2748 videlicet.

273 2813 303 2845 7.
331 2803 449 2835 Matth.
475 2804 517 2843 V,
543 2803 575 2835 8.
