2003 3322
175 228 262 257 CAP.
284 220 427 274 xxxv]
687 232 829 263 PRIMA
856 232 981 263 PARS.

232 337 504 374 Crisostomus
537 345 670 373 autern
705 336 761 373 sic
792 337 990 385 loquitur:
1027 337 1253 373 Scribarum
1287 344 1322 373 et
1348 337 1486 386 phari-

173 407 327 431 seorum
360 395 506 432 iusticie
536 403 622 431 sunt
662 396 844 430 mandata
876 395 1025 445 Moysi,
1073 395 1317 443 impleciones
1360 402 1486 430 autem

175 454 447 489 mandatorum
480 453 636 488 illorum
669 459 755 489 sunt
787 453 970 488 mandata
999 452 1156 488 Christi.
1190 453 1278 488 Hoc
1302 459 1357 488 est
1389 464 1486 502 ergo

175 511 276 559 quod
307 511 417 546 dicit:
448 510 536 546 Nisi
565 511 629 559 qui
658 523 778 559 supra
818 510 917 560 legis
949 511 1132 546 mandata
1165 510 1284 546 eciam
1318 510 1386 546 hec
1418 522 1488 559 que

142 569 278 617 5apud
309 568 396 604 illos
428 568 584 603 minima
629 568 857 604 estimantur
900 568 1132 617 impleverit,
1179 580 1250 604 non
1284 568 1404 603 intrat
1450 568 1486 603 in

174 638 338 676 regnum
372 626 557 673 celorum,
601 626 778 674 quoniam
818 626 884 661 illa
919 621 1037 676 (sicut
1079 623 1271 677 diximus)
1313 626 1359 661 de
1386 638 1487 674 pena

174 684 324 731 quidem
370 684 545 729 liberant,
591 696 663 719 non
708 690 834 719 autem
885 684 1067 719 inducunt
1105 684 1140 718 in
1180 696 1357 733 regnum.
1404 683 1489 719 Hec

173 748 299 777 autem
332 748 367 777 et
399 742 445 777 de
472 753 572 790 pena
605 741 771 777 liberant
802 748 837 777 et
858 741 1107 777 introducunt
1138 741 1174 776 in
1201 753 1378 791 regnum,
1403 753 1487 776 cum

173 799 221 835 sit
253 806 378 835 autem
412 799 453 834 id
484 799 606 847 ipsum
639 799 791 835 solvere
822 799 978 834 minima
1012 799 1079 835 hec
1111 799 1295 835 mandata
1335 806 1370 834 et
1414 811 1486 834 non

121 870 159 890 10
173 857 379 903 custodire,
412 868 532 905 quare
564 857 609 892 de
629 857 799 892 solvente
821 857 972 904 quidem
1003 869 1123 906 supra
1157 857 1268 892 dicit:
1305 857 1382 899 Qui
1411 857 1487 893 sol-

174 915 272 950 verit
304 926 418 950 unum
453 915 498 950 de
530 915 722 950 mandatis
754 914 836 951 istis
867 915 1044 961 minimis,
1078 915 1257 951 minimus
1289 915 1489 950 vocabitur

174 971 209 1007 in
256 984 378 1022 regno
410 971 488 1009 Dei
525 973 726 1008 ostendens
757 985 841 1008 eum
882 972 954 1009 etsi
994 972 1192 1008 minimum
1237 984 1318 1008 esse
1361 980 1486 1008 tamen

173 1029 209 1065 in
243 1042 365 1080 regno
404 1042 493 1066 esse.
543 1030 621 1065 Hic
652 1037 778 1066 autem
824 1031 870 1066 de
916 1043 988 1066 non
1031 1037 1211 1066 servante
1250 1030 1360 1065 dicit.-
1404 1030 1491 1066 Nisi

174 1087 430 1124 abundaverit
461 1088 608 1123 iusticia
643 1087 807 1124 hominis
839 1088 1042 1124 christiani
1066 1088 1158 1138 plus
1197 1100 1310 1136 quam
1343 1088 1488 1124 scriba-

121 1149 157 1181 15
175 1157 261 1180 rum
295 1152 330 1181 et
357 1146 646 1194 phariseorum,
686 1158 759 1181 non
805 1146 964 1181 intrabit
1007 1146 1042 1181 in
1090 1159 1254 1197 regnum
1301 1146 1483 1182 celorum.

180 1203 257 1247 Qui
286 1203 384 1239 enim
418 1215 490 1239 non
523 1203 682 1239 intrabit
705 1203 740 1238 in
774 1216 940 1254 regnum
964 1204 1149 1251 celorum,
1182 1211 1297 1240 extra
1322 1216 1486 1254 regnum

174 1261 259 1296 erit.
291 1261 384 1297 ‘Sed
427 1261 550 1297 videte
610 1261 786 1309 quoniam
832 1261 1029 1297 minimum
1078 1274 1158 1298 esse
1200 1262 1237 1297 in
1283 1273 1405 1312 regno
1451 1262 1490 1296 id

174 1318 297 1367 ipsum
330 1331 402 1355 non
435 1326 490 1355 est
524 1326 560 1354 et
591 1331 663 1354 non
686 1319 837 1355 intrare
860 1332 1024 1369 regnum
1071 1320 1170 1355 Esse
1191 1320 1289 1356 enim
1323 1319 1488 1368 aliquem

174 1376 210 1411 in
243 1388 366 1426 regno
400 1389 471 1413 non
505 1384 561 1412 est
593 1389 765 1426 regnare
810 1389 895 1412 cum
933 1377 1090 1413 Christo
1122 1378 1189 1413 sed
1227 1389 1308 1414 esse
1339 1385 1487 1413 tantum

118 1446 160 1468 20
177 1433 212 1469 in
251 1435 397 1483 populo
443 1434 602 1481 Christi,
646 1441 841 1483 tamquam
883 1435 918 1471 si
960 1435 1083 1471 dicat:
1133 1435 1211 1479 Qui
1251 1435 1411 1471 solverit
1454 1442 1489 1471 et

175 1492 349 1527 docuerit
379 1492 446 1536 sic,
479 1492 580 1528 inter
611 1492 844 1529 christianos
875 1493 1025 1541 quidem
1055 1493 1128 1528 erit
1159 1500 1354 1542 tamquam
1391 1506 1486 1529 unus

173 1549 419 1587 christianus.
460 1550 537 1594 Qui
579 1557 704 1586 autem
750 1550 870 1586 intrat
916 1551 952 1586 in
997 1563 1162 1601 regnum
1195 1551 1248 1601 fit
1288 1551 1489 1600 particeps

173 1607 289 1657 regni
330 1619 414 1643 cum
465 1607 632 1644 Christo.
686 1608 749 1644 Sic
793 1615 829 1644 et
869 1608 962 1644 alibi
1013 1609 1155 1644 dicitur
1205 1609 1301 1645 bono
1353 1621 1488 1645 servo:

172 1664 280 1700 Intra
307 1665 343 1700 in
375 1666 563 1716 gaudium
598 1665 744 1701 domini
772 1666 841 1713 tui,
886 1667 956 1702 hoc
988 1673 1056 1710 est,
1095 1674 1135 1702 ut
1165 1667 1282 1703 simul
1311 1667 1489 1717 gaudeas

116 1726 156 1758 25
172 1734 256 1758 cum
309 1723 460 1759 domino
504 1730 580 1761 tuo.
638 1723 921 1772 Consequenter
964 1731 999 1760 et
1045 1724 1114 1760 iste
1152 1725 1217 1773 qui
1253 1737 1325 1761 non
1368 1725 1489 1761 intrat

174 1792 338 1832 regnum
383 1781 568 1828 celorum,
619 1782 791 1832 gloriam
836 1782 987 1830 quidem
1034 1783 1149 1833 regni
1199 1782 1369 1819 celorum
1414 1795 1487 1819 non

173 1839 324 1875 habebit
355 1851 438 1874 cum
476 1838 645 1882 Christo,
683 1840 756 1875 erit
787 1846 914 1876 tamen
947 1840 983 1875 in
1017 1852 1139 1890 regno
1173 1841 1358 1877 celorum.
1404 1842 1488 1877 Hec

174 1897 460 1933 Crisostomus.

230 1954 398 1990 Videtur
430 1954 550 1990 istum
586 1963 769 1991 sanctum
816 1955 948 1992 dicere
991 1968 1072 1992 non
1116 1956 1317 1993 contrarie
1349 1958 1486 2004 Augu-

117 2016 159 2048 30
173 2011 279 2049 stino
313 2013 503 2048 mandata
538 2012 752 2061 dupliciter
783 2022 953 2061 possunt
986 2013 1065 2050 dici
1090 2014 1271 2060 minima,
1304 2014 1366 2051 vel
1390 2014 1484 2063 quia

174 2082 313 2106 eorum
330 2070 590 2106 observancia
607 2080 664 2107 est
682 2070 808 2107 facilis
824 2072 884 2107 vel
901 2071 995 2120 quia
1011 2072 1214 2108 contraria
1224 2072 1413 2120 operacio
1429 2081 1486 2108 est

173 2128 281 2175 levis,
314 2137 358 2164 ut
390 2128 505 2164 facile
538 2137 596 2164 est
624 2128 828 2165 hominem
859 2142 1092 2177 preservare
1115 2142 1155 2166 se
1179 2131 1228 2166 ab
1251 2129 1486 2176 homicidio,

173 2187 242 2222 sed
273 2186 357 2222 leve
390 2198 490 2234 opus
524 2195 582 2222 est
614 2185 752 2231 irasci;
799 2195 836 2222 et
868 2187 922 2223 ita
962 2186 1064 2223 sicut
1096 2187 1343 2236 Augustinus
1389 2188 1487 2224 dicit

174 2244 281 2280 nuda
326 2245 517 2280 mandata
561 2243 657 2291 legis
709 2244 853 2281 veteris
898 2254 1067 2292 possunt
1112 2245 1191 2281 dici
1238 2245 1406 2282 minima
1450 2254 1488 2282 et

118 2304 157 2337 35
175 2303 365 2338 mandata
398 2302 513 2348 levia,
556 2310 691 2338 tamen
723 2301 799 2338 illis
833 2302 1082 2350 pertinencia
1115 2313 1281 2351 possunt
1314 2305 1364 2340 ad
1397 2315 1487 2340 sen-

174 2371 261 2394 sum
304 2358 540 2407 equivocum
585 2359 663 2396 dici
709 2359 890 2396 minima.
944 2361 1317 2409 Correspondenter
1359 2360 1489 2409 dupli-

176 2416 273 2452 citer
314 2425 446 2465 potest
490 2417 656 2465 intelligi
700 2417 906 2454 hominem
946 2430 1031 2455 esse
1070 2418 1109 2455 in
1145 2431 1268 2467 regno
1311 2420 1488 2456 celorum

246 2594 265 2613 1.
287 2586 315 2613 A
341 2585 371 2612 in
402 2594 515 2622 marg:
545 2586 758 2615 Crisostomus.
886 2596 926 2615 10.
948 2588 992 2615 A:
1024 2589 1145 2624 quidem
1170 2596 1266 2624 supra
1292 2589 1369 2616 dicit
1391 2590 1486 2617 deest.

176 2619 218 2647 16.
238 2621 282 2647 A:
307 2620 411 2655 Qui—
426 2623 560 2649 celorum
580 2622 675 2649 deest.
749 2632 789 2658 17.
811 2625 854 2651 A:
876 2623 976 2650 videte
995 2624 1078 2658 quia.
1153 2631 1191 2651 21.
1212 2624 1256 2651 A:
1278 2626 1379 2651 tamen
1400 2632 1488 2652 unus.

175 2662 222 2687 24.
241 2656 286 2682 A:
308 2658 343 2682 ut
360 2655 453 2682 deest.
527 2664 570 2691 27.
586 2658 630 2684 A:
652 2658 682 2684 in
699 2665 818 2693 regna;
837 2658 878 2685 ib.
895 2657 934 2684 B:
956 2657 1045 2685 Sicut
1056 2658 1140 2685 alibi.
1214 2665 1261 2693 29.
1281 2659 1310 2686 A
1325 2659 1355 2686 in
1371 2667 1487 2694 marg.:

173 2688 344 2716 lohannes.
435 2689 481 2717 30.
502 2692 530 2718 A
550 2691 580 2718 in
602 2699 715 2727 marg:
738 2701 761 2718 1.
858 2691 897 2719 31.
918 2693 947 2719 A
966 2693 996 2719 in
1018 2700 1132 2727 marg:
1153 2700 1181 2720 2.
1282 2692 1325 2721 35.
1347 2694 1385 2721 B:
1407 2694 1487 2721 levia

175 2726 208 2750 at
232 2724 303 2751 illis.
411 2723 454 2759 37.
482 2726 511 2752 A
536 2726 567 2752 in
594 2734 708 2761 marg.:
741 2727 906 2754 Hominem
938 2735 1005 2755 esse
1030 2736 1062 2755 1n
1090 2735 1188 2764 regno
1221 2728 1358 2755 celorum
1383 2731 1489 2764 potest

175 2759 315 2793 intelligi
331 2759 505 2794 dupliciter.
526 2768 550 2788 1.

250 2853 274 2874 1.
302 2843 369 2885 Op.
396 2843 478 2885 Imp.
509 2845 612 2876 Hom.
638 2845 694 2885 XI,
720 2846 740 2876 l.
769 2856 796 2877 c.
824 2856 856 2887 p.
884 2852 961 2889 795.
1071 2832 1270 2887 24.*Matth.
1299 2848 1404 2888 XXV,
1433 2856 1485 2880 21.

1702 224 1773 260 125

1532 344 1750 380 chrysostom.

1513 460 1561 488 To
1582 461 1618 488 be
1638 461 1714 488 least
1733 461 1764 488 in

1520 495 1569 522 the
1589 496 1757 530 kingdome

1512 530 1586 557 does
1608 535 1661 557 not
1681 538 1769 557 mean

1511 569 1541 591 to
1563 565 1598 591 be
1618 565 1765 592 excluded

1566 600 1647 627 from
1668 600 1718 626 the

1561 634 1719 669 kingdom.

1512 1964 1685 1998 Augustine
1706 1965 1765 1991 and

1537 1999 1743 2035 chrysostom

1525 2035 1630 2061 shewn
1653 2038 1707 2061 not
1726 2038 1757 2060 to

1510 2068 1683 2096 contradict
1703 2068 1777 2095 each

1591 2105 1689 2130 other.
