2003 3322
209 215 297 243 CAt‘.
320 208 432 261 xxv]
727 220 864 250 PRIMA
896 220 1019 250 PARs.

269 323 413 361 Tercio
459 324 499 360 in
544 326 619 361 hoc
651 326 759 373 quod
800 325 1094 373 quorsumlibet
1139 326 1359 361 secundum
1405 325 1530 361 lineas

209 383 388 419 radiosas
442 382 684 419 rectissimas
742 384 939 419 subducto
998 384 1209 419 obstaculo
1273 382 1428 431 sperice

209 440 395 477 diffundit
428 443 487 489 (ut
518 442 712 488 probatur
742 443 770 476 ΙΙ
804 440 1003 477 Vitulonis
1037 438 1104 489 lss').

267 500 420 544 Quarto
453 498 493 534 in
525 499 600 535 hoc
628 499 735 547 quod
767 498 1012 546 impediente
1043 511 1173 547 opaco
1203 499 1527 546 penetracionem

175 555 369 597 §luminis
402 558 623 593 secundum
657 557 848 604 angulum
889 556 1113 593 reflexionis
1157 557 1341 605 equalem
1382 557 1529 605 angulo

208 613 430 651 incidencie
454 614 690 663 regulariter
708 627 748 651 se
770 614 949 651 reflectat
973 617 1030 660 (ut
1054 616 1355 651 demonstratur
1371 615 1529 651 VVitu-

208 672 310 710 lonis
343 674 460 719 XXfl).

268 730 420 776 Quinto
461 743 504 767 ex
547 731 623 767 hoc
657 732 765 779 quod
811 739 919 767 retro
964 743 1136 778 opacum
1183 731 1403 767 secundum
1450 740 1529 767 tres

210 789 460 825 differencias
493 789 729 837 regulariter
767 797 903 825 causat
936 790 1098 825 umbras
1132 790 1189 833 (ut
1222 797 1330 836 patet
1364 791 1392 825 ΙΙ
1416 789 1528 825 Vitu-

155 866 193 887 10
210 847 343 893 lOHlS).

267 907 385 942 Sexto
430 918 473 941 ex
512 906 589 941 hoc
627 906 736 953 quod
769 918 791 941 a
831 905 1008 953 quolibet
1048 912 1199 952 puncto
1238 904 1401 941 luminis
1440 904 1528 941 illu-

209 962 389 999 minabili
437 962 586 999 directe
631 963 819 1011 opposito
873 962 1112 999 diffunditur
1162 963 1212 999 ad
1263 962 1528 999 illuminabile

208 1020 345 1057 radius
378 1020 615 1066 luminosus,
658 1020 776 1057 unica
808 1029 966 1057 tantum
1000 1020 1105 1057 linea
1138 1020 1529 1068 perpendiculariter

208 1078 422 1115 incidente.
457 1081 570 1115 Patet
604 1091 646 1115 ex
678 1080 766 1114 XXa
800 1078 965 1115 secundi
997 1077 1210 1114 Vitulonis.

155 1144 190 1175 15
267 1136 448 1184 Septimo
473 1149 516 1173 ex
540 1138 614 1173 hoc
630 1138 740 1185 quod
763 1149 884 1173 omne
906 1138 1145 1173 umbrosum
1164 1136 1253 1184 plus
1276 1135 1528 1173 illuminatur

209 1194 314 1231 circa
359 1194 517 1231 radium
563 1194 637 1231 sibi
682 1194 1070 1243 perpendiculariter
1114 1193 1372 1240 incidentem,
1424 1203 1461 1230 et
1505 1208 1527 1231 a

207 1261 357 1301 puncto
389 1252 669 1301 propinquiori
708 1252 869 1299 sorcius,
903 1253 995 1289 licet
1027 1251 1120 1288 situi
1154 1252 1403 1298 distanciori‚
1428 1252 1525 1289 inci-

208 1312 306 1347 dunt
332 1311 466 1359 plures
502 1311 604 1347 radii
638 1324 661 1347 a
697 1310 879 1359 pluribus
908 1310 1067 1359 punctis
1103 1309 1283 1358 corporis
1320 1309 1525 1346 luminosi.

208 1370 321 1405 Patet
368 1369 465 1405 illud
505 1370 680 1405 secundo
720 1368 918 1405 Vitulonis
957 1370 1044 1404 ΧΧΔιὶ
1085 1377 1122 1404 et
1161 1369 1317 1405 duabus
1357 1380 1525 1417 sequen-

151 1444 192 1465 20
207 1426 326 1463 tibus.

1490 396 1530 419 SC

266 1486 420 1522 Octavo
455 1497 498 1521 ex
521 1485 596 1521 hoc
619 1486 726 1533 quod
759 1497 878 1521 omne
911 1484 1173 1530 luminosum,
1209 1497 1298 1520 cum
1334 1483 1525 1520 continue

208 1555 307 1591 eque
360 1543 529 1579 multum
579 1542 746 1579 effundit
793 1544 840 1578 de
890 1542 1041 1578 lumine
1094 1542 1133 1578 in
1184 1541 1331 1578 minori
1389 1541 1525 1590 spacio

209 1600 520 1638 circumclusum
569 1601 698 1649 ipsum
739 1600 888 1637 forcius
934 1600 1133 1637 illuminat
1173 1613 1294 1648 quam
1341 1600 1523 1648 spacium

209 1658 335 1695 maius
369 1659 449 1696 illo.
485 1660 596 1695 Patet
630 1660 660 1694 ΙΙ
693 1658 893 1695 Vitulonis
926 1659 1079 1696 XXIV&

150 1724 191 1756 25
264 1719 380 1754 Nono
414 1730 457 1754 ex
490 1717 564 1753 hoc
588 1718 697 1765 quod
730 1716 832 1753 radii
867 1718 915 1753 ab
949 1729 1029 1752 uno
1053 1725 1202 1764 puncto
1235 1716 1400 1752 luminis
1433 1729 1524 1764 pro-

207 1776 392 1812 cedentes
440 1776 659 1811 secundum
709 1774 908 1811 linearum
963 1774 1255 1822 longitudinem
1311 1775 1361 1810 ad
1406 1787 1524 1822 eque-

208 1833 443 1870 distanciam
469 1834 558 1881 plus
582 1834 806 1872 attendunt.
841 1834 955 1869 Patet
984 1833 1160 1869 secundo
1182 1832 1383 1869 Vitulonis
1406 1834 1522 1869 XXV.

264 1892 312 1927 Et
340 1891 432 1928 hinc
463 1890 620 1928 decimo
642 1899 753 1939 patet
776 1892 882 1939 quod
915 1903 1035 1927 omne
1063 1891 1198 1927 lumen
1231 1902 1301 1938 per
1323 1890 1523 1927 foramina

207 1949 416 1996 angularia
448 1949 627 1985 incidens
660 1950 914 1994 rotundatur,
951 1957 987 1985 et
1025 1961 1067 1985 ex
1095 1958 1204 1985 sexto
1238 1947 1418 1996 sequitur
1450 1961 1522 1984 un-

151 2014 192 2046 30
207 2007 362 2043 decimo
396 2008 503 2056 quod
534 2006 669 2043 radius
698 2006 861 2043 luminis
882 2019 952 2054 per
975 2007 1157 2043 foramen
1180 2018 1300 2053 super
1322 2006 1521 2043 obiectum

206 2064 377 2101 solidum
414 2064 627 2101 incidentis
661 2064 735 2101 erit
767 2064 983 2112 perimeter
1016 2065 1056 2101 in
1091 2064 1219 2100 solido
1260 2076 1378 2112 super
1418 2064 1522 2112 peri-

207 2131 380 2159 metrum
413 2123 624 2159 foraminis
658 2123 864 2170 ampliata.
900 2124 1013 2159 Patet
1035 2122 1166 2170 prima
1190 2122 1356 2158 istarum
1389 2122 1519 2170 legum

208 2184 252 2216 20
276 2180 398 2217 Vitul.
423 2182 580 2217 XXXIX
613 2189 650 2217 et
682 2180 883 2229 posterior
916 2189 1024 2228 patet
1059 2181 1200 2216 eodem
1224 2179 1327 2216 libro
1350 2181 1520 2216 XXXVI.

264 2238 512 2275 Duodecimo
552 2238 591 2274 in
629 2239 706 2275 hoc
745 2239 853 2286 quod
892 2237 1006 2275 radio
1038 2237 1363 2286 perpendiculari
1402 2250 1521 2274 omne

150 2300 189 2334 35
208 2308 352 2344 corpus
396 2296 645 2344 diaphonurn
691 2304 926 2344 penetrante
970 2296 1105 2332 radius
1138 2295 1300 2344 oblique
1339 2295 1520 2332 incidens

206 2353 247 2390 in
279 2354 412 2390 medio
445 2354 610 2391 secundi
643 2353 835 2402 diaphoni
870 2353 1066 2390 densioris
1099 2353 1329 2401 refringitur
1360 2355 1409 2390 ad
1432 2366 1521 2401 per-

206 2412 506 2459 pendicularem
531 2413 695 2449 ductum
720 2424 839 2460 super
861 2411 1024 2448 secundi
1048 2411 1240 2460 diaphoni
1264 2411 1518 2459 superficiem

276 2589 296 2608 1.
318 2580 388 2608 Ain
405 2588 518 2615 marg:
540 2588 573 2615 3.
646 2589 675 2612 4,.
688 2581 717 2607 Α
731 2580 760 2607 in
777 2587 890 2621 marg:
912 2587 943 2613 4.
1018 2580 1044 2607 S.
1066 2580 1093 2607 A
1111 2579 1141 2607 iu
1159 2588 1273 2615 marg:
1289 2581 1320 2608 5.
1397 2588 1429 2607 11.
1445 2581 1473 2607 A
1488 2580 1517 2607 in

207 2623 321 2650 marg:
345 2614 374 2642 6.
484 2617 590 2654 14·.A³
629 2614 799 2642 Vz'lulionis.
832 2614 1000 2654 Sermones
1033 2615 1116 2652 l.-c.:
1150 2623 1188 2642 ex
1211 2615 1344 2653 secundo
1372 2614 1519 2642 Vitulonis

204 2649 357 2690 secundm
421 2649 458 2677 15.
480 2651 507 2677 A
528 2658 558 2677 ln
580 2657 666 2688 marg
688 2659 694 2676 :
717 2657 744 2684 7.
825 2657 865 2684 17.
884 2651 929 2677 A:
949 2652 988 2676 stt
1009 2653 1106 2688 twice.
1185 2656 1224 2676 21.
1245 2650 1273 2676 A
1294 2657 1324 2676 in
1346 2657 1460 2683 marg:
1489 2648 1517 2687 8.

206 2691 253 2717 24.
274 2685 318 2711 A:
345 2684 431 2711 zllzcd.
474 2717 486 2726 ἢ
517 2683 560 2711 25:
582 2685 610 2711 A
630 2692 659 2723 ln
683 2691 796 2719 marg:
822 2691 852 2718 9.
930 2683 984 2723 .²8-
1005 2684 1034 2710 A
1053 2691 1083 2710 in
1105 2691 1219 2719 marg:
1242 2692 1286 2723 1¹0⁸.
1318 2718 1321 2722 Α
1372 2683 1418 2711 30.
1439 2685 1467 2710 A
1488 2692 1517 2710 ιι]

205 2727 302 2780 1δῖιέὲῇ
314 2719 723 2788 ;-1ιᾶἰαρὴέξὲίξεεὲξέιΐιιηι.
813 2719 858 2752 34.
880 2719 908 2745 A
928 2726 958 2745 m
981 2726 1095 2753 marg:
1117 2725 1161 2745 12.
1249 2717 1294 2752 50,
1316 2717 1358 2753 37.
1380 2719 1424 2745 A:
1446 2719 1518 2744 cien-

279 2838 308 2870 3.
334 2837 385 2869 De
410 2836 572 2868 Vitelone
599 2836 642 2868 cf.
669 2837 866 2876 Sermones,
895 2836 915 2867 1.
942 2847 970 2868 c.
996 2846 1029 2876 p.
1059 2835 1135 2868 383.

1769 212 1818 247 85
