2003 3322
164 218 214 265 98
864 218 982 251 01>th
1007 216 1343 250 EVANGELlcuM
1497 194 1607 250 [CAP.
1627 210 1767 240 xxvm.

180 341 248 368 The
269 347 347 375 pope
367 338 422 376 has
454 340 560 377 papa
594 326 708 375 fingit
740 338 780 362 se
804 327 951 361 habere
973 334 1215 373 potestatem
1249 326 1298 361 ad
1332 324 1766 362 excommunicandum

171 372 433 437 ξὲζξὲἑῗξῃζῗῐῧῖ
456 395 493 423 et
515 384 763 434 puniendum
788 383 1049 431 spiritualiter
1064 395 1350 431 quamcunque
1365 395 1579 431 personam
1603 382 1768 419 ecclesie

178 442 423 506 dffi‘sffstffitvghffo
458 443 682 489 militantis;
719 443 786 478 sed
819 454 901 477 non
923 442 1012 489 plus
1041 453 1163 489 quam
1197 442 1346 477 habent
1378 440 1528 477 diaboli
1562 441 1612 477 ad
1646 440 1770 475 male-

255 520 353 540 curse.
458 502 675 538 dicendum
716 500 865 548 populo
896 499 1128 535 christiano.
1162 500 1263 535 Nam
1297 500 1384 535 Job.
1409 500 1471 545 ΙΙΙ,
1507 499 1528 535 8
1563 497 1769 534 scribitur:
1804 542 1806 544 Ι

456 559 695 595 Maledicant
727 557 803 593 diei
832 557 867 592 in
901 569 972 606 qua
1006 564 1118 593 natus
1155 569 1251 592 sum.
1307 556 1384 600 Qui
1416 557 1652 592 maledicunt
1685 545 1805 602 diei,5

458 617 523 667 qui
547 616 683 666 parati
712 622 803 652 sunt
830 615 1022 651 suscitare
1053 614 1281 650 Leviathan.
1330 614 1525 651 Diabolus
1567 612 1673 650 enim
1714 620 1773 649 est

456 676 597 724 plenus
637 672 928 710 malediccione
969 681 1006 708 et
1045 684 1135 709 cum
1181 671 1384 708 maledicit
1427 671 1617 720 producit
1659 669 1774 719 quasi

458 734 506 769 de
549 731 740 781 propriis.
796 731 888 766 Ideo
932 729 1104 779 precipit
1147 730 1365 778 Apostolus
1413 730 1527 766 Rom.
1566 730 1649 776 XII,
1705 741 1773 774 14:

457 790 679 827 Benedicite
711 797 745 825 et
778 789 894 824 nolite
924 788 1170 835 maledicere,
1216 787 1311 836 quia
1347 787 1389 823 in
1429 788 1506 824 hoc
1551 787 1774 823 deserendo

460 848 664 886 Christum
710 848 769 895 (ut
802 855 913 894 patet
946 847 1053 883 Luce
1085 848 1149 892 IX)
1195 854 1419 894 sequuntur
1452 845 1634 882 homines
1667 843 1775 892 prin—
1796 842 1834 867 10

461 907 590 955 cipem
625 906 896 942 tenebrarum.
930 907 1033 941 Nam
1066 903 1107 940 in
1138 904 1224 955 lege
1246 902 1370 940 veteri
1393 903 1564 952 legimus
1589 904 1636 939 de
1659 904 1777 938 bene-

461 964 710 1001 diccionibus
760 971 797 999 et
841 961 1210 1008 malediccionibuS,
1255 970 1299 998 ut
1331 970 1441 1009 patet
1473 958 1777 997 Deuteronomii

460 1024 599 1058 XXVII
646 1030 683 1058 et
727 1021 899 1066 XXVIII,
947 1021 1155 1069 quomodo
1201 1020 1249 1055 de
1293 1020 1378 1067 lege
1410 1017 1575 1055 Domini
1617 1018 1779 1054 fuerunt

462 1081 589 1117 tribus
623 1081 814 1127 deputate
847 1079 898 1115 ad
930 1077 1252 1114 benedicendum
1293 1076 1334 1113 in
1365 1085 1503 1114 monte
1536 1075 1709 1113 Garisim
1743 1084 1781 1112 et

461 1138 588 1175 tribus
622 1137 697 1174 alie
731 1137 921 1185 deputate
953 1137 1003 1172 ad
1036 1134 1360 1172 maledicendum
1394 1135 1433 1171 in
1467 1143 1603 1171 monte
1636 1126 1836 1170 Hebal.15

464 1199 603 1233 Petrus
648 1195 775 1232 eciam
825 1193 1029 1231 maledixit
1061 1193 1216 1231 Ananie
1261 1202 1297 1230 et
1340 1193 1526 1241 Zaphire,
1561 1193 1648 1230 Act.
1682 1193 1709 1239 I,
1743 1199 1781 1227 et

464 1253 630 1302 Symoni
663 1266 795 1301 mago,
840 1254 928 1289 Act.
960 1254 1061 1288 VIII.
1107 1253 1184 1288 Sed
1228 1263 1302 1287 nec
1334 1249 1663 1288 benediccionem
1707 1261 1781 1285 nec

466 1311 799 1349 malediccionem
826 1310 996 1358 legimus
1021 1311 1167 1346 habere
1189 1309 1392 1356 virtutem,
1425 1308 1501 1345 nisi
1527 1308 1568 1344 in
1590 1315 1780 1356 precepto

466 1369 629 1407 Domini
652 1369 703 1405 sit
728 1369 910 1415 fundata,
945 1367 1039 1417 quia
1073 1367 1218 1404 mirum
1241 1368 1345 1404 foret
1367 1368 1475 1415 quod
1497 1379 1570 1404 vox
1592 1364 1781 1411 hominis,

468 1437 651 1465 creature
682 1436 766 1464 tam
799 1426 1008 1472 instabilis,
1038 1427 1203 1463 haberet
1223 1434 1378 1462 tantam
1408 1425 1597 1462 virtutem
1629 1422 1705 1460 nisi
1734 1424 1782 1460 ab
1800 1427 1842 1448 20

469 1488 550 1525 alto
585 1486 844 1522 descenderet
876 1498 899 1521 a
930 1493 1041 1533 patre
1073 1483 1285 1520 luminum.

178 1565 311 1593 Prelates
332 1562 371 1590 do
391 1566 445 1589 not
528 1546 576 1580 Et
607 1543 753 1580 iterum
781 1542 935 1579 *mirum
968 1543 1070 1578 foret
1103 1543 1211 1591 quod
1244 1540 1537 1578 contrariantes
1561 1539 1721 1576 Christo
1744 1537 1784 1575 in

191 1597 449 1668 {Titii'geagciisrtilsets
472 1615 543 1640 sua
575 1602 655 1639 vita
700 1610 737 1638 et
782 1602 868 1649 lege
915 1601 1108 1637 haberent
1148 1608 1303 1636 tantam
1340 1599 1529 1639 virtutem
1575 1599 1625 1635 ad
1663 1597 1785 1633 male-

204 1669 256 1697 did
279 1668 337 1696 and
359 1667 435 1694 have
474 1661 689 1697 dicendum
731 1660 792 1697 vel
832 1658 1165 1705 benedicendum,
1210 1658 1311 1694 sicut
1350 1658 1577 1694 habuerunt
1614 1654 1785 1704 apostoli

204 1704 433 1773 notptgglesrame
475 1719 678 1755 Christum
703 1720 830 1754 Deum
856 1726 893 1754 et
922 1716 1128 1753 hominem
1161 1724 1243 1752 tam
1276 1715 1502 1763 propinque
1534 1714 1574 1750 in
1607 1713 1786 1750 moribus
1802 1706 1842 1738 25

474 1776 693 1813 imitantes.
728 1777 821 1812 Ideo
853 1784 896 1811 ut
930 1775 1049 1811 fidem
1083 1773 1265 1822 capimus
1288 1774 1396 1822 quod
1427 1771 1571 1820 prelati
1603 1769 1786 1808 moderni

473 1835 702 1872 incedentes
745 1845 816 1882 per
859 1833 965 1870 viam
1014 1844 1172 1869 morum
1213 1831 1372 1867 Christo
1417 1829 1661 1867 contrariam
1705 1840 1788 1866 non

474 1895 622 1930 habent
654 1901 808 1928 tantam
842 1899 1085 1939 potestatem
1116 1898 1308 1938 quantam
1342 1890 1568 1925 habuerunt
1601 1885 1787 1935 apostoli,

475 1964 565 1988 cum
600 1963 644 1987 ex
676 1950 754 1986 fide
788 1949 911 1998 ipsius
951 1947 1124 1997 apostoli
1163 1948 1323 1984 fuerunt
1359 1946 1432 1983 filii
1466 1945 1552 1992 Dei,
1594 1954 1631 1982 et
1668 1944 1734 1981 isti
1766 1956 1788 1980 a

474 2008 676 2058 probabili
709 2016 800 2044 sunt
832 2007 903 2043 filii
936 2006 1085 2043 diaboli
1109 2018 1179 2054 per
1209 2005 1316 2042 viam
1351 2003 1510 2040 Christo
1543 2001 1788 2040 contrariam
1806 1998 1848 2030 30

475 2067 719 2104 incedentes.
754 2065 852 2110 Quis
875 2074 1011 2102 autem
1034 2062 1324 2112 paterfamilias
1357 2062 1626 2110 omnipotens,
1659 2058 1789 2097 omni—

476 2125 604 2161 sciens
638 2133 758 2172 atque
787 2123 1037 2160 omnivolens
1059 2121 1198 2159 videns
1221 2120 1347 2157 filium
1373 2119 1579 2168 proprium
1605 2118 1646 2154 in
1669 2119 1790 2154 domo

477 2196 547 2219 sua
587 2184 636 2219 ad
676 2181 970 2229 beneplacitum
1011 2189 1048 2216 et
1081 2181 1224 2215 domus
1263 2178 1566 2215 edificacionem
1601 2175 1792 2213 continue

478 2242 728 2277 laborantem
776 2248 812 2276 et
858 2239 984 2275 filium
1032 2238 1092 2274 sui
1137 2237 1301 2274 maximi
1346 2236 1498 2272 inimici
1542 2247 1623 2271 non
1675 2246 1788 2270 suum

479 2300 667 2335 heredem
701 2300 769 2334 sed
802 2297 903 2333 servi
927 2297 986 2333 sui
1016 2296 1055 2332 in
1078 2295 1239 2333 tartaris
1263 2303 1458 2343 perpetuo
1481 2293 1789 2337 detrudendum,
1808 2286 1848 2320 35

481 2358 718 2394 concederet
750 2356 970 2404 prudenter
1002 2363 1240 2402 potestatem
1280 2361 1435 2389 tantam
1475 2351 1567 2388 huic
1606 2358 1792 2387 extraneo

482 2414 697 2451 maledicto
730 2422 922 2462 quantam
958 2412 1141 2449 concedit
1171 2424 1244 2447 suo
1275 2410 1356 2447 filio
1380 2409 1793 2458 adoptivolConstat

482 2474 591 2521 quod
624 2472 805 2508 Christus
838 2480 896 2508 est
928 2471 1018 2507 talis
1051 2468 1341 2518 paterfamilias
1375 2470 1520 2504 domus
1559 2465 1725 2503 ecclesie
1757 2473 1794 2501 et

554 2648 581 2674 6.
602 2648 645 2674 A:
668 2646 837 2673 Leviatlzan
859 2645 959 2672 twice.
1070 2653 1111 2678 ¹4·
1133 2644 1154 2671 B
1175 2643 1317 2678 corrigit:
1342 2641 1506 2677 Garasym.
1608 2648 1654 2667 20.
1675 2640 1794 2668 Codd.:

484 2685 638 2709 creatura.
747 2689 791 2716 27.
827 2682 863 2707 ss:
899 2679 1022 2706 Christo
1054 2687 1133 2715 ergo
1164 2678 1368 2705 contrariam.
1483 2675 1526 2704 35.
1558 2676 1602 2703 A:
1634 2675 1799 2708 uinariis,-

485 2717 524 2743 ib.
547 2717 654 2743 codd.:
676 2715 883 2743 detrudendo.

553 2798 586 2827 4.
611 2788 676 2819 Job
703 2787 756 2827 111,
782 2786 818 2818 8:
845 2785 1066 2818 Maledicant
1090 2785 1134 2824 ei,
1165 2784 1224 2826 qui
1250 2783 1464 2815 maledicunt
1488 2783 1566 2819 diei,
1591 2783 1651 2823 qui
1671 2780 1797 2822 parati

487 2839 567 2866 sunt
593 2834 761 2865 suscitare
782 2834 988 2864 Leviathan.
1089 2841 1138 2861 12.
1165 2830 1305 2861 Deuter.
1330 2829 1385 2869 XI,
1413 2838 1471 2872 293
1498 2829 1631 2868 XXVII⁷
1663 2837 1712 2867 12,
1744 2827 1794 2859 13.
