2003 3322
204 201 293 229 CAP.
315 192 398 246 xv]
672 204 884 235 SECUNDA
911 204 1036 234 PARS.

204 310 320 345 letum
360 309 459 345 diem
499 309 661 345 dicimus
692 309 793 357 quod
830 309 925 345 letos
947 309 1079 357 faciat
1118 316 1153 344 et
1176 309 1322 359 frigus
1350 309 1513 359 pigrum

204 367 304 415 quod
341 367 482 417 pigros
509 367 614 415 facit
658 374 693 402 et
731 366 1026 402 innumerabilia
1070 366 1293 402 huiusmodi
1329 378 1398 415 que
1437 367 1516 402 sive

203 425 474 460 consuetudine
510 424 589 460 sive
630 436 809 460 sermone
847 425 1063 470 doctorum,
1106 424 1188 460 sive
1227 424 1262 459 in
1307 424 1515 473 scripturis

201 482 343 518 sanctis
380 482 637 530 reperiuntur.
686 482 800 525 Quod
836 494 909 518 non
949 481 1206 532 intelligentes
1250 482 1412 518 heretici
1454 482 1517 530 qui

170 540 324 576 §veteri
371 547 597 576 testamento
651 540 923 586 adversantur,
978 539 1080 575 velut
1138 539 1365 589 ignorancie
1416 540 1514 576 vicio

201 598 407 633 notandum
442 604 580 646 putant
619 609 717 640 eum,
759 597 804 632 de
835 609 905 645 quo
952 597 1094 633 dictum
1129 604 1203 633 est:
1241 598 1417 646 Temptat
1449 609 1515 633 vos

201 655 376 691 dominus
419 655 526 691 Deus
573 662 713 702 vester,
763 655 872 702 quasi
921 655 957 690 in
1001 655 1202 705 evangelio
1256 655 1302 691 ale
1346 655 1514 691 Domino

201 713 341 748 dictum
382 725 454 748 non
493 713 562 749 sit:
600 713 686 748 Hoc
724 719 849 748 autem
885 712 1031 748 dicebat
1063 719 1252 761 temptans
1291 725 1389 759 eum,
1436 713 1515 762 ipse

199 770 298 806 enim
336 770 480 806 sciebat
517 770 608 819 quid
645 777 743 806 esset
771 770 970 817 facturus.
1018 770 1061 805 Si
1103 770 1201 806 enim
1247 777 1408 806 noverat
1447 783 1515 806 cor

146 843 184 864 10
199 828 279 864 eius
292 829 395 877 quod
408 828 630 877 temptabat,
654 828 745 876 quid
760 835 815 864 est
837 829 938 876 quod
961 828 1081 863 voluit
1104 828 1238 864 videre
1259 828 1515 877 temptando?

200 886 277 922 Sed
308 886 488 935 profecto
522 885 620 921 illua'
642 886 798 934 factum
838 893 906 931 est,
947 893 986 920 ut
1024 885 1105 934 ipse
1148 886 1220 921 sibi
1256 893 1368 922 notus
1393 886 1515 935 fieret

199 943 263 992 qui
311 944 572 992 temptabatur
622 955 805 992 suamque
851 943 1164 992 desperacionem
1212 945 1514 993 condempnaret

199 1001 384 1037 saturatis
415 1001 537 1037 turbis
567 1002 613 1036 a'e
629 1013 731 1050 pane
753 1001 922 1048 Domini,
954 1001 1019 1049 qui
1049 1013 1113 1037 eas
1145 1013 1217 1037 non
1250 1002 1392 1037 habere
1413 1002 1515 1050 quod

201 1060 355 1095 ederent
386 1059 690 1095 existimaverat.

148 1120 183 1153 15
257 1117 344 1153 Non
377 1129 473 1167 ergo
507 1117 568 1152 hic
600 1124 750 1163 oratur,
791 1124 830 1151 ut
869 1129 941 1152 non
981 1123 1225 1165 temptemur,
1266 1118 1334 1152 sed
1367 1125 1406 1152 ut
1439 1129 1512 1153 non

199 1173 423 1223 inferamur
463 1175 498 1210 in
542 1175 846 1223 temptacionem,
891 1181 1085 1223 tamquam
1138 1175 1172 1211 si
1221 1175 1408 1223 quispiam
1454 1175 1515 1210 cui

199 1244 350 1268 necesse
381 1239 437 1268 est
468 1232 558 1282 igne
589 1232 813 1268 examinari
844 1244 916 1268 non
950 1239 1033 1268 oret
1065 1239 1105 1267 ut
1136 1233 1227 1283 igne
1259 1245 1330 1268 non
1364 1233 1508 1269 contin—

198 1297 319 1340 gatur
361 1290 431 1326 sed
473 1298 513 1325 ut
556 1302 628 1326 non
673 1297 878 1325 exuratur.
928 1290 1026 1326 Vasa
1071 1290 1169 1326 enim
1203 1290 1330 1341 figuli
1366 1291 1509 1340 probat

188 1349 348 1396 fornax
386 1355 421 1383 et
453 1348 623 1384 homines
654 1347 773 1384 iustos
811 1348 1015 1396 temptacio
1054 1348 1329 1384 tribulacionis.
1368 1349 1510 1397 Joseph

143 1420 184 1441 20
199 1417 295 1455 ergo
335 1412 543 1455 temptatus
580 1413 634 1441 est
675 1405 855 1441 illecebra
896 1406 1035 1454 stupri,
1073 1407 1143 1442 sed
1181 1418 1253 1442 non
1293 1413 1348 1442 est
1381 1406 1513 1442 illatus

199 1464 234 1498 in
267 1463 571 1512 temptacionem.
618 1464 794 1499 Susanna
829 1470 1014 1512 temptata
1048 1471 1103 1500 est
1135 1476 1201 1500 nec
1240 1464 1322 1513 ipsa
1356 1464 1511 1500 ina'ucta

201 1521 260 1557 vel
291 1521 399 1556 illata
433 1521 468 1556 in
502 1521 805 1570 temptacionem,
840 1521 1023 1569 multique
1053 1522 1122 1557 alii
1153 1522 1350 1571 utriusque
1380 1534 1512 1567 sexus,

198 1579 267 1614 sed
296 1579 366 1615 Job
399 1579 581 1624 maxime,
622 1579 727 1615 cuius
765 1579 1035 1615 admirabilem
1076 1580 1324 1616 stabilitatem
1358 1579 1393 1615 in
1427 1580 1511 1615 Deo

199 1636 368 1672 Domino
408 1649 489 1683 suo,
529 1649 612 1672 cum
653 1637 711 1672 illi
743 1636 903 1672 heretici
945 1638 1070 1673 hostes
1110 1638 1251 1673 veteris
1295 1638 1513 1673 testamenti

144 1698 183 1730 25
200 1706 267 1730 ore
288 1694 483 1744 sacrilego
506 1694 677 1729 irridere
699 1694 902 1740 voluerint,
936 1694 1033 1730 illuar
1050 1707 1125 1743 pre
1153 1695 1290 1731 ceteris
1314 1695 1512 1741 ventilant,

200 1752 301 1799 quod
331 1759 488 1788 satanas
514 1752 696 1801 petiverit
727 1764 810 1787 eum
844 1753 1078 1788 tentandum.
1125 1753 1301 1796 Querunt
1333 1753 1430 1788 enim
1464 1754 1511 1789 ab

200 1810 412 1846 hominibus
435 1810 624 1859 imperitis
653 1810 747 1845 talia
777 1809 995 1860 intelligere
1024 1823 1259 1860 nequaquam
1285 1811 1510 1857 valentibus,

199 1868 387 1915 quomodo
425 1875 583 1903 satanas
623 1880 705 1903 cum
748 1868 831 1903 Deo
865 1868 969 1916 loqui
993 1869 1177 1917 potuerit,
1218 1881 1290 1905 non
1324 1869 1511 1904 intuentes

199 1925 289 1973 (non
322 1925 418 1961 enim
442 1933 618 1974 possunt,
645 1937 729 1961 cum
761 1926 1035 1974 supersticione
1057 1934 1091 1961 et
1119 1927 1361 1962 contencione
1392 1927 1513 1962 cecati

143 1988 184 2020 30
198 1983 289 2031 sint)
324 1984 448 2019 Deum
487 1996 558 2019 non
592 1983 666 2019 loci
696 1983 867 2032 spacium
907 1984 1006 2019 mole
1044 1985 1220 2033 corporis
1253 1996 1443 2033 occupare
1475 1991 1510 2019 et

198 2041 252 2076 sic
283 2040 377 2076 alibi
407 2053 500 2086 esse,
533 2040 627 2076 alibi
657 2053 729 2076 non
762 2053 842 2077 esse
872 2049 938 2076 aut
966 2042 1025 2077 hic
1058 2050 1161 2078 certe
1189 2043 1331 2078 habere
1351 2049 1506 2091 partem

199 2098 315 2133 aliam
355 2106 389 2134 et
427 2098 519 2134 alibi
554 2099 684 2134 aliam.
726 2099 802 2134 Sed
838 2099 1038 2135 maiestate
1075 2100 1210 2148 ubique
1241 2107 1375 2149 presto
1415 2112 1508 2146 esse,

200 2168 271 2191 non
306 2168 381 2204 per
405 2163 542 2204 partes
575 2156 740 2192 divisum
779 2157 847 2192 sed
885 2157 1019 2205 ubique
1053 2157 1287 2206 perfectum.
1334 2158 1448 2202 Quod
1478 2158 1512 2193 si

200 2214 414 2249 carnaliter
435 2213 628 2249 intuentur
650 2214 752 2262 quod
774 2214 916 2249 dictum
942 2222 1016 2250 est:
1050 2215 1182 2250 Celunz
1213 2215 1328 2251 michi
1349 2217 1511 2251 thronus

145 2276 184 2309 35
201 2278 255 2307 est
284 2278 319 2306 et
340 2278 446 2306 terra
469 2271 676 2308 scabellum
695 2272 839 2319 pedum
862 2284 1048 2319 meorum,
1073 2273 1134 2308 cui
1156 2273 1238 2309 loco
1261 2280 1295 2308 et
1318 2274 1510 2309 Dominus

83 2334 162 2367 '585¹‘
200 2329 417 2364 adtestatur
461 2329 608 2365 dicens.-
657 2329 743 2364 Non
784 2329 929 2365 iurabis
957 2326 961 2382 Ι
990 2342 1108 2379 neque
1141 2343 1217 2380 per
1248 2331 1383 2377 celum,
1423 2331 1509 2379 quia

200 2386 361 2422 thronus
392 2386 468 2422 Dei
504 2394 571 2431 est,
619 2398 736 2435 neque
767 2399 842 2435 per
879 2394 1040 2434 terram,
1081 2388 1168 2436 quia
1205 2389 1415 2425 scabellum
1455 2396 1511 2425 est

194 2444 337 2492 pea'um
360 2444 452 2491 eius,
472 2444 563 2493 quid
583 2444 737 2490 mirum,
758 2445 794 2480 si
814 2445 848 2479 in
870 2452 975 2481 terra
993 2445 1169 2482 diabolus
1186 2447 1411 2483 constitutus
1424 2454 1511 2482 ante

266 2587 292 2616 3.
313 2589 357 2627 A:
379 2589 444 2616 sive
464 2589 495 2616 in
515 2597 665 2616 sermone.
739 2598 765 2625 7.
781 2590 818 2617 B:
837 2593 946 2624 vester,
962 2594 993 2617 ut
1006 2591 1085 2618 sciat
1098 2592 1192 2626 quasi
1203 2592 1244 2619 in.
1317 2593 1364 2620 26.
1378 2593 1423 2619 A:
1439 2601 1509 2628 que-

201 2626 276 2650 runt
293 2628 392 2650 thce.
493 2623 541 2657 36,
563 2622 607 2658 37.
628 2625 672 2651 A:
695 2625 768 2659 quia
789 2625 919 2652 thronus
940 2626 999 2652 Dei
1016 2629 1060 2653 est
1081 2626 1181 2661 deest,
1203 2627 1224 2653 Β
1244 2627 1275 2653 in
1296 2635 1393 2662 marg.
1415 2628 1508 2654 addit.

198 2657 242 2684 38.
266 2657 384 2685 Codd.:
403 2659 477 2693 quid
497 2659 589 2685 deest.
610 2659 739 2686 Addidi.

268 2727 300 2759 (J.
325 2717 403 2749 Joh.
422 2718 477 2757 VI,
505 2717 534 2748 6.
636 2717 684 2749 18.
711 2719 815 2750 Eccli.
842 2719 976 2759 XXVII,
1003 2718 1034 2751 6.
1136 2730 1185 2762 19.
1206 2721 1291 2752 Gen.
1309 2722 1457 2760 XXXIX,
1478 2732 1508 2762 7.

200 2772 252 2793 21.
279 2764 364 2795 Dan.
396 2764 480 2803 XIII,
516 2764 568 2796 30.
713 2764 763 2796 26.
794 2766 871 2796 Job.
898 2766 920 2804 I,
952 2776 1002 2796 11.
1146 2767 1199 2807 34.
1230 2767 1292 2798 Isa.
1327 2767 1444 2807 LXVI,
1482 2778 1507 2797 1.

200 2808 253 2841 36.
278 2809 397 2842 Matth.
423 2810 464 2848 V,
493 2811 545 2850 34.

1727 207 1806 244 297

1568 1126 1628 1154 We
1649 1126 1688 1153 do
1708 1131 1762 1154 not

1540 1169 1615 1197 pray
1636 1166 1688 1188 not
1708 1166 1739 1188 to
1760 1162 1796 1188 be

1556 1197 1691 1230 tempted
1715 1196 1768 1223 but

1550 1235 1604 1257 not
1624 1235 1654 1257 to
1676 1231 1712 1257 be
1732 1231 1780 1258 led

1635 1265 1699 1292 into

1568 1301 1761 1335 temptalion.

1566 1934 1635 1962 God
1656 1935 1681 1962 is
1702 1940 1755 1962 not

1540 1970 1663 1997 divided
1686 1971 1738 1997 but
1757 1971 1783 1997 is

1603 2005 1718 2040 wholly

1551 2048 1642 2075 every
1662 2040 1774 2067 where.
