2062 3327
203 243 224 274 4
897 237 1015 269 opus
1040 237 1375 269 EVANGELICUM
1634 224 1741 278 [CAP.
1762 233 1798 261 η.

490 356 580 391 gere
606 352 695 391 post
718 343 937 379 leccionem
962 355 1045 379 sese
1078 343 1279 389 sollicitat,
1305 352 1346 379 ut
1378 343 1476 379 sciat
1510 342 1668 391 operari
1702 355 1796 379 con-

489 400 670 437 formiter
702 400 883 437 leccioni.
918 400 982 436 Sic
1005 401 1165 437 auditor
1186 402 1400 437 verborum
1424 400 1495 437 Dei
1520 401 1646 437 multo
1671 400 1798 448 magis

489 460 605 495 debet
651 467 816 507 propter
866 459 1035 494 salutem
1094 458 1225 495 anime
1269 460 1390 495 verba
1433 471 1509 507 que
1558 466 1798 506 conceperat

487 516 728 565 practizare3
754 525 791 553 et
814 521 869 561 (ut
892 516 1011 552 refert
1026 515 1309 560 Crisostomus)
1334 529 1404 564 per
1426 529 1634 552 ascensum
1652 515 1798 552 Christi

487 575 526 611 in
559 583 736 610 montem
770 583 933 611 notatur
965 575 1072 622 quod
1104 583 1185 610 tam
1218 574 1448 622 predicator
1486 587 1608 622 quam
1640 573 1831 610 audit0r5

485 632 594 669 verbi
627 632 789 668 Domini
813 633 928 668 debet
956 631 996 667 in
1026 640 1161 668 monte
1184 631 1348 668 ecclesie
1371 631 1556 668 residere.
1590 632 1659 668 Illa
1692 630 1797 667 enim

486 699 543 726 est
576 702 683 725 mons
709 690 884 740 pinguis,
935 691 982 725 de
1027 702 1105 738 quo
1148 689 1187 726 in
1233 690 1393 726 Psalmo
1438 691 1588 737 LXVII,
1636 690 1705 725 16:
1750 690 1799 724 Et

486 747 717 784 altitudines
750 747 1019 784 hereticorum
1043 755 1135 783 sunt
1157 755 1303 783 montes
1327 748 1538 798 coagulati,
1572 748 1620 783 de
1653 746 1797 795 quibus

485 817 623 842 omnes
655 805 837 842 homines
870 813 907 841 et
948 804 1082 841 fideles
1120 804 1160 841 in
1199 806 1274 842 hoc
1312 818 1432 854 opere
1471 806 1616 842 debent
1647 804 1798 853 specia-

483 863 572 900 liter
604 876 828 911 precavere.
1818 879 1857 900 10

1028 965 1165 1006 CAP.
1197 964 1256 1005 II.

232 1064 297 1091 The
318 1064 383 1092 first
404 1064 438 1091 of
543 1060 746 1097 Pertinens
770 1068 828 1096 est
850 1061 900 1096 ad
924 1059 1030 1097 dicta
1059 1059 1190 1097 dicere
1220 1060 1269 1095 de
1294 1059 1424 1107 prima
1454 1060 1668 1096 duodecim
1702 1062 1798 1097 abu-

208 1100 456 1161 txxieixaeifflgffis.
484 1118 641 1155 sionum
665 1130 741 1166 que
766 1127 822 1154 est
844 1118 1006 1167 Sapiens
1037 1118 1116 1154 sine
1138 1118 1244 1154 bonis
1266 1117 1457 1167 operibus.
1492 1119 1546 1153 Ex
1578 1118 1655 1154 fide
1689 1118 1796 1154 enim

212 1169 441 1231 wirlggggkgpod
484 1178 674 1213 debemus
707 1188 850 1224 capere
882 1177 989 1224 quod
1021 1174 1312 1224 evangelizacio
1342 1183 1399 1211 est
1430 1187 1662 1223 supremum
1696 1189 1796 1224 opus

484 1234 685 1283 pertinens
739 1233 1006 1271 ecclesiastice
1057 1233 1272 1277 ierarchie;
1324 1232 1414 1269 ideo
1468 1234 1645 1270 declarat
1698 1234 1796 1271 fides
1817 1238 1853 1270 15

484 1292 675 1340 evangelii
720 1293 843 1328 Marc.
888 1291 1031 1328 ultimo
1078 1292 1283 1340 quomodo
1327 1290 1507 1327 Christus
1554 1291 1595 1328 in
1639 1304 1796 1328 recessu

483 1363 553 1387 suo
578 1350 720 1386 ultimo
743 1349 933 1398 apostolis
957 1349 1037 1386 suis
1061 1349 1287 1386 iniunxerat
1313 1348 1411 1385 illud
1433 1362 1553 1397 opus:
1579 1350 1795 1397 Predicate,

482 1408 626 1457 inquit,
662 1408 905 1458 evangelium
929 1408 1034 1443 omni
1065 1415 1264 1453 creature;
1296 1415 1333 1443 et
1366 1419 1456 1443 cum
1481 1409 1673 1444 debemus
1705 1407 1795 1444 imi—

482 1465 557 1503 tari
591 1465 793 1503 Christum
828 1474 1021 1514 quantum
1052 1465 1287 1516 sufficimus,
1320 1474 1428 1513 patet
1461 1466 1570 1514 quod
1603 1467 1795 1502 debemus

483 1524 522 1560 in
549 1524 762 1561 sanctitate
784 1523 862 1560 vite
886 1523 998 1573 sequi
1031 1523 1143 1560 illum
1169 1524 1406 1571 magistrum
1431 1523 1498 1572 qui
1529 1523 1633 1571 cepit
1664 1523 1794 1560 facere
1812 1537 1853 1558 20

483 1591 519 1618 et
542 1584 699 1618 docere.
732 1584 834 1618 Nam
858 1584 890 1618 Γ*
912 1581 1018 1618 Petri
1041 1583 1102 1628 11⁰,
1138 1591 1188 1618 22
1213 1580 1420 1618 scribitur:
1459 1581 1637 1617 Christus
1652 1594 1795 1631 passus

481 1648 536 1676 est
562 1652 639 1690 pro
684 1639 802 1687 nobis,
847 1640 952 1676 vobis
997 1639 1213 1688 relinquens
1245 1640 1479 1688 exemplum,
1513 1646 1553 1674 ut
1584 1640 1796 1688 sequamini

482 1698 643 1749 vestigia
667 1698 759 1736 eius.
793 1697 833 1734 Si
857 1710 949 1746 ergo
972 1697 1013 1734 in
1035 1697 1220 1746 passione
1243 1699 1434 1734 debemus
1457 1696 1569 1745 sequi
1586 1696 1791 1734 Christum

481 1769 558 1804 que
591 1763 649 1793 est
672 1768 772 1803 opus
796 1755 1091 1802 difficillimum,
1127 1756 1253 1792 multo
1284 1755 1411 1804 magis
1433 1755 1473 1791 in
1496 1754 1583 1791 aliis
1605 1754 1793 1803 operibus

480 1813 726 1850 facilioribus
750 1812 849 1850 citra
872 1814 1018 1862 ipsum.
1053 1815 1254 1850 Debemus
1287 1826 1380 1862 ergo
1412 1814 1632 1850 secundum
1656 1814 1791 1850 datam
1811 1818 1850 1850 25

480 1871 725 1920 sapienciam
759 1872 1012 1908 exercitando
1035 1872 1282 1909 voluntatem
1302 1872 1521 1908 secundum
1545 1870 1792 1907 intellectum

479 1929 692 1966 virtuosius
725 1930 904 1977 operari3
952 1938 989 1966 et
1022 1930 1098 1966 hoc
1142 1931 1309 1967 docebat
1353 1942 1540 1966 ascensus
1576 1929 1722 1965 Christi
1754 1929 1794 1965 in

483 1996 660 2024 montem
695 1996 732 2023 et
765 1987 940 2035 quelibet
973 1987 1051 2024 alia
1084 2000 1207 2036 opera
1239 1987 1469 2024 Salvatoris.

539 2046 592 2091 Si,
621 2045 750 2093 inquit
772 2045 1032 2093 Augustinus,
1063 2046 1143 2082 sine
1165 2046 1343 2095 operibus
1364 2045 1472 2082 bonis
1497 2045 1610 2081 homo
1641 2045 1794 2095 sapiens

481 2110 515 2138 et
532 2103 762 2152 predicator
772 2103 903 2151 fuerit
925 2104 989 2152 qui
1015 2104 1117 2152 quod
1138 2116 1315 2140 sermone
1337 2104 1446 2140 docet
1467 2103 1613 2139 actibus
1634 2103 1795 2152 explere
1811 2109 1853 2141 30

481 2161 660 2211 negligit,
684 2168 740 2197 est
755 2161 886 2211 prima
910 2162 1041 2198 abusio
1059 2162 1387 2211 condempnanda.
1406 2161 1628 2208 Auditores,
1650 2160 1794 2209 inquit,

482 2219 655 2255 doctrine
683 2219 784 2254 dicta
803 2220 946 2267 facere
973 2227 1256 2269 contempnunt,
1287 2232 1371 2256 cum
1390 2219 1653 2269 predicatoris
1676 2231 1793 2268 opera

481 2289 502 2311 a
542 2277 827 2325 predicacionis
871 2277 997 2313 verbis
1041 2277 1265 2327 discrepare
1303 2277 1559 2327 conspiciunt;
1601 2288 1792 2326 nunquam

469 2334 522 2382 fit
554 2334 701 2383 efficax
722 2335 984 2371 constituentis
1015 2336 1238 2381 auctoritas,
1281 2336 1353 2371 nisi
1383 2348 1468 2372 eam
1500 2336 1632 2384 effectu
1666 2335 1794 2384 operis

481 2392 592 2427 cordi
620 2392 798 2441 affixerit
829 2393 1030 2440 audientis,
1057 2394 1267 2442 presertim
1301 2406 1385 2429 cum
1419 2401 1454 2429 et
1485 2394 1564 2443 ipse
1596 2393 1732 2428 doctor
1763 2392 1849 2430 si35

481 2450 516 2484 in
550 2450 735 2486 viciorum
759 2463 930 2486 amorem
956 2451 1129 2500 dilapsus
1140 2451 1271 2499 suerit
1301 2451 1462 2487 alterius
1487 2451 1657 2487 doctoris
1679 2451 1794 2486 immo

480 2507 540 2542 sui
570 2507 687 2555 ipsius
720 2508 1036 2544 medicamentum
1076 2509 1155 2545 suis
1187 2509 1408 2545 vulneribus
1438 2520 1632 2559 apponere
1657 2508 1793 2557 parvi-

478 2565 622 2613 pendit.
673 2566 780 2601 Unde
817 2573 852 2602 et
883 2566 963 2615 ipse
1000 2567 1192 2603 Dominus
1235 2567 1270 2602 in
1304 2567 1505 2617 evangelio
1538 2567 1585 2603 de
1617 2566 1792 2602 doctrina

551 2741 587 2760 12.
610 2734 636 2759 A
658 2734 686 2760 iu
710 2742 824 2769 marg:
845 2734 1012 2762 Iohannes.
1087 2743 1132 2770 20.
1155 2736 1182 2762 Α
1203 2735 1232 2762 in
1255 2743 1369 2769 marg:
1390 2734 1589 2771 Augustinus.

556 2815 604 2846 ¹7·
636 2807 738 2836 Marc.
770 2807 857 2846 XVI,
895 2806 943 2837 15.
1087 2817 1140 2849 20.
1181 2808 1241 2838 Sti.
1282 2808 1477 2848 Augustini,
1521 2807 1571 2838 De
1604 2807 1791 2837 duodecim

481 2851 688 2882 abusionum
715 2853 890 2891 gradibus.
917 2854 1008 2894 Opp.
1036 2859 1117 2883 tom.
1145 2854 1200 2892 VI,
1227 2855 1317 2894 App.
1344 2864 1421 2895 pag.
1451 2863 1527 2884 211.
