2003 3322
181 239 260 284 276

195 1584 371 1619 Augustine
391 1584 449 1610 and

219 1619 426 1654 Chrysostom

254 1654 341 1681 differ
360 1653 390 1681 in

212 1690 371 1723 language,
392 1688 445 1715 but

193 1732 282 1759 agree
303 1724 332 1751 in
354 1731 452 1750 sense.

883 244 1001 275 opus
1027 243 1362 274 EVANGELICUM
1616 230 1723 284 [CAP.
1745 239 1781 266 x.

468 363 549 387 esse
590 351 658 386 sub
706 362 770 394 eo,·
819 349 972 398 quando
1018 356 1143 384 autem
1185 360 1259 384 rex
1294 360 1369 397 per
1408 349 1635 384 violenciam
1678 349 1783 399 cogit

468 409 637 445 homines
678 420 757 444 esse
796 408 863 443 sub
902 419 955 452 se,
1003 407 1100 442 illud
1138 414 1320 455 quantum
1359 407 1412 441 ad
1451 407 1666 452 veritatem,
1711 419 1782 442 non

469 474 523 503 est
556 478 721 516 regnum
753 466 822 501 sed
853 464 1039 508 tirannis;
1084 464 1167 500 ideo
1200 471 1234 500 et
1268 465 1375 500 Deus
1407 465 1581 512 quamvis
1614 464 1784 500 homines

469 525 606 560 habeat
649 524 685 559 in
728 530 931 572 potestate,
976 530 1102 557 tamen
1148 522 1283 571 recipit
1323 522 1491 558 volentes
1529 529 1693 569 tantum,
1745 529 1785 557 ut

469 595 541 618 non
563 582 612 618 sit
633 582 825 627 tirannus,
859 581 926 616 sed
956 592 1040 616 rex.
1075 580 1266 616 Diabolus
1293 580 1410 628 plane
1443 580 1618 616 tirannus
1651 587 1716 625 est,
1750 582 1815 615 etl

467 641 555 690 quia
588 640 758 676 nolentes
781 638 976 687 compellit
1004 650 1113 673 suam
1139 638 1281 686 facere
1314 638 1563 677 voluntatem,
1604 638 1707 682 Quid
1730 645 1785 673 est

470 710 566 748 ergo
606 698 708 746 quod
746 696 856 732 dicit:
899 695 1090 731 Adveniat
1122 708 1287 745 regnum
1320 696 1458 730 tuum?
1495 696 1593 739 Quia
1632 695 1783 731 interim

471 757 545 792 duo
585 762 671 791 sunt
705 766 829 804 regna
863 753 898 789 in
932 754 1089 799 mzmdo,
1132 753 1209 789 Dei
1241 760 1274 789 et
1309 753 1467 800 diaboli,
1512 753 1552 788 id
1584 761 1653 801 est,
1697 753 1787 789 iusti

470 821 504 849 et
537 813 664 861 iniqui.

530 871 607 906 Sed
646 870 706 906 hic
739 869 886 919 petitur
924 876 964 904 ut
996 868 1160 905 tollatur
1193 868 1239 904 de
1271 868 1395 904 medio
1430 880 1594 918 regnum
1629 868 1785 915 diaboli,

471 930 510 964 id
542 935 609 974 est,
642 928 769 977 iniqui,
809 934 844 963 et
876 927 1001 962 veniat
1033 938 1198 976 regnum
1231 927 1497 962 tantummodo
1524 926 1611 973 Dei,
1645 926 1684 961 id
1715 933 1785 972 est,

471 986 579 1031 iusti,·
610 986 693 1022 ideo
728 985 837 1021 dicit:
865 985 986 1020 Tuum
1011 997 1176 1034 regnum
1200 984 1394 1030 adveniat,
1426 984 1513 1032 quia
1537 984 1688 1020 interim
1713 996 1784 1020 non

471 1056 601 1081 omnes
631 1050 718 1080 sunt
742 1042 826 1079 Dei.
859 1043 973 1086 Quod
994 1042 1180 1091 tuncfiet‚
1213 1042 1366 1091 quando
1399 1054 1529 1078 omnes
1562 1042 1680 1090 iniqui
1700 1054 1783 1078 cum

466 1102 644 1151 principe
694 1113 762 1137 suo
808 1100 960 1136 diabolo
1008 1100 1209 1135 mittentur
1252 1100 1287 1135 in
1332 1107 1517 1149 stagnum
1553 1099 1784 1150 flammeum

471 1160 730 1208 infernorum.
792 1158 932 1194 Omnes
986 1165 1113 1194 autem
1158 1158 1282 1193 sancti
1324 1165 1533 1208 resurgent
1576 1165 1612 1193 et
1658 1166 1787 1194 euntes
1828 1166 1839 1171 ⁷

473 1218 622 1254 obviam
649 1217 816 1253 Domino
851 1216 999 1252 venient
1031 1216 1066 1251 in
1098 1228 1190 1251 aere
1221 1223 1257 1251 et
1287 1228 1442 1264 semper
1473 1216 1508 1251 in
1542 1216 1613 1251 hoc
1645 1216 1787 1252 mundo

473 1284 586 1312 erunt
624 1288 708 1311 cum
742 1275 837 1324 ipso,
883 1281 923 1310 ut
955 1286 1066 1310 omne
1096 1274 1199 1323 quod
1230 1281 1286 1310 est
1318 1273 1354 1309 in
1388 1274 1457 1309 hoc
1491 1273 1633 1309 mundo
1665 1281 1785 1310 totum

461 1334 539 1383 fiat
578 1333 663 1370 Dei.
710 1333 772 1369 Sic
816 1332 1109 1382 intelligendum
1156 1338 1212 1368 est
1250 1332 1297 1367 de
1335 1331 1483 1367 iusticia
1523 1332 1713 1381 quomodo
1751 1340 1787 1368 et

472 1392 622 1428 iusticia
661 1399 696 1428 et
734 1391 914 1439 iniquitas
952 1397 1143 1440 regnant5
1186 1402 1270 1425 cuni
1305 1397 1431 1426 autem
1466 1390 1636 1426 extincta
1659 1390 1788 1438 suerit

473 1450 652 1499 iniquitas
683 1449 834 1485 sublato
868 1449 1035 1495 diabolo,
1068 1455 1157 1484 tunc
1190 1448 1338 1484 iusticia
1370 1448 1452 1484 sola
1477 1448 1669 1498 regnabit.
1704 1450 1787 1484 Hec

475 1507 758 1544 Crisostornus.

532 1565 699 1602 Videtur
746 1565 867 1601 istun]
913 1572 1096 1601 sanctum
1143 1563 1384 1611 restringere
1432 1563 1787 1612 equivocacionem

477 1623 587 1672 regni
620 1636 741 1671 quam
775 1622 1021 1670 Augustinus
1055 1621 1357 1658 racionabiliter
1391 1621 1516 1669 magis
1549 1622 1675 1668 laxat3
1716 1634 1789 1658 nec

477 1690 569 1718 sunt
602 1681 667 1717 isti
701 1680 829 1717 sancti
862 1680 902 1716 in
934 1681 1010 1716 isto
1040 1679 1232 1716 contrarii
1255 1681 1324 1715 sed
1347 1679 1385 1715 in
1410 1692 1528 1716 sensu
1554 1681 1786 1716 concordes.

476 1740 643 1776 Videtur
688 1748 823 1775 autern
868 1737 1114 1786 Augustinus
1157 1750 1323 1785 regnum
1366 1737 1437 1774 Dei
1484 1739 1694 1774 extendere
1739 1739 1788 1774 ad
1832 1745 1839 1748 “

477 1809 739 1846 quascunque
772 1805 974 1833 creaturas
1008 1795 1230 1832 racionales
1264 1795 1506 1843 accipientes
1539 1809 1561 1832 a
1594 1798 1677 1832 Deo
1710 1795 1789 1831 sive

475 1856 646 1892 volendo
687 1855 727 1891 in
768 1854 916 1902 gaudio
955 1853 1034 1890 sive
1074 1854 1249 1890 nolendo
1283 1853 1323 1889 in
1356 1866 1460 1901 pena
1492 1853 1647 1890 iusticie
1681 1866 1789 1890 com-

476 1914 738 1962 plementum.
785 1912 851 1949 Sic
884 1911 988 1949 enim
1024 1914 1129 1947 Deus
1161 1911 1396 1948 universalis
1430 1911 1618 1948 dominus
1650 1920 1789 1959 regnat

477 1984 597 2019 super
629 1973 767 2007 beatos
800 1970 840 2006 in
873 1970 957 2006 celo
991 1978 1027 2005 et
1060 1982 1180 2017 super
1213 1969 1395 2005 diabolos
1429 1969 1468 2005 in
1491 1969 1661 2015 inferno,
1695 1969 1789 2017 quia

476 2029 577 2066 sicut
609 2038 791 2065 terrenus
825 2027 1013 2064 dominus
1047 2028 1166 2063 habet
1200 2028 1395 2075 quosdam
1431 2036 1610 2064 tenentes
1643 2027 1816 2065 liberos-

477 2087 544 2136 qui
586 2086 709 2134 gratis
742 2087 971 2122 subduntur
1003 2098 1076 2121 suo
1111 2085 1276 2121 domino
1310 2094 1346 2121 et
1379 2086 1576 2133 quosdam
1611 2093 1790 2121 tenentes

477 2157 609 2181 servos
655 2144 721 2192 qui
766 2143 839 2180 sibi
884 2142 1059 2180 serviunt
1104 2144 1172 2179 sed
1210 2142 1344 2189 invite,
1402 2143 1457 2179 sic
1497 2152 1554 2179 est
1598 2144 1646 2179 de
1692 2145 1789 2180 Deo.

477 2204 569 2239 Ideo
602 2201 847 2250 Augustinus
888 2201 984 2238 dicit
1023 2202 1131 2248 quod
1171 2213 1311 2237 ornnes
1354 2209 1536 2237 creature
1570 2209 1606 2236 et
1638 2200 1790 2248 specia-

477 2260 564 2296 liter
597 2260 821 2297 racionales
854 2268 895 2295 ut
930 2259 1112 2295 homines
1137 2267 1174 2295 et
1197 2258 1326 2306 angeli
1351 2261 1434 2295 Deo
1458 2258 1641 2304 servient,
1668 2258 1790 2294 velint

477 2318 618 2363 nolint,
666 2317 759 2365 quia
804 2317 967 2366 spiritus
1014 2316 1221 2364 dampnati
1265 2318 1487 2352 secundum
1521 2316 1841 2363 AugustinumL'I

477 2378 537 2412 vel
570 2375 717 2412 facient
742 2378 826 2412 Deo
859 2376 967 2423 quod
1002 2376 1146 2411 debent
1179 2375 1239 2410 vel
1263 2376 1369 2422 quod
1393 2376 1539 2410 debent
1563 2376 1610 2410 de
1633 2373 1790 2410 iusticia

478 2434 698 2482 pacientur.
746 2434 794 2469 Et
832 2433 888 2469 sic
926 2442 1017 2469 sunt
1057 2432 1265 2480 dampnati
1306 2432 1405 2469 servi
1439 2432 1510 2469 Dei
1544 2433 1610 2468 sed
1645 2433 1791 2468 habent

478 2500 688 2540 peccatum
729 2500 766 2527 et
805 2491 1010 2527 diabolum
1046 2493 1129 2527 Deo
1161 2490 1461 2526 subdorninans.
1512 2492 1618 2526 Deus
1657 2498 1790 2526 autern

479 2551 546 2585 dat
608 2549 735 2596 legem
799 2558 836 2585 et
894 2549 989 2585 facit
1043 2547 1361 2584 misericordiam
1418 2557 1536 2596 atque
1589 2547 1789 2584 iusticiam

478 2606 708 2655 utrobique.

548 2798 571 2825 5.
594 2798 631 2825 B:
667 2806 722 2825 rex
741 2798 836 2824 deest.
946 2806 986 2824 10.
1009 2799 1052 2824 A:
1087 2798 1126 2824 Et
1151 2797 1200 2824 hic
1219 2797 1370 2832 queritur.
1481 2805 1514 2824 ιι.
1544 2797 1580 2824 B:
1616 2797 1724 2832 iniqui,
1751 2797 1793 2823 ad

478 2833 588 2859 veniat.
662 2840 706 2859 22.
723 2834 749 2860 A
764 2832 792 2860 in
811 2840 924 2868 marg:
939 2832 1105 2861 johannes.
1179 2833 1218 2860 25.
1236 2832 1273 2859 13:
1289 2831 1507 2867 Augustulum.
1581 2839 1628 2866 29.
1644 2831 1682 2861 B:
1698 2832 1793 2861 honos

478 2868 508 2896 in
529 2868 603 2897 celo.
