2003 3322
187 200 276 228 CAP.
297 190 367 246 1V.]
665 202 876 234 SECUNDA
903 202 1028 234 PARS.

189 309 431 356 completam
476 307 573 356 quin
616 307 693 344 ista
740 307 859 355 culpa
902 307 980 343 sint
1024 306 1251 355 aliqualiter
1290 307 1495 344 maculati.

188 365 380 403 Mundani
412 373 544 402 autem
579 377 619 401 se
642 364 850 401 induentes
873 376 917 400 ex
941 376 1034 401 ceca
1056 363 1244 412 superbia
1267 373 1360 400 sunt
1383 365 1497 413 quasi

189 425 370 460 ludentes
402 422 442 459 in
463 423 558 459 ludo
581 422 790 468 theatrico,
825 421 948 470 aliqui
971 431 1013 458 ut
1037 434 1162 469 regeS,
1197 421 1264 458 alii
1288 430 1332 458 ut
1355 422 1500 470 angeli,

189 490 227 518 et
258 480 324 518 alii
357 489 399 516 ut
431 489 620 527 tortore53
666 488 703 516 et
737 480 906 517 breviter
939 480 1106 528 quilibet
1137 488 1265 516 status
1298 479 1500 516 viancium

157 540 308 576 §habet
340 551 361 575 a
395 538 558 575 diabolo
590 550 704 574 suam
737 538 925 586 paginam
959 540 1009 574 ad
1041 537 1275 573 ludendum.
1310 537 1501 585 Religiosi

188 595 313 633 nostri
357 604 493 632 tamen
539 597 731 632 habentes
777 595 966 644 paginam
1012 595 1251 643 angelorum
1292 595 1501 643 decipiunt

189 655 321 703 plures
353 653 433 689 suis
465 653 638 690 vestibus
672 662 709 689 et
742 652 985 690 ceremoniis
1019 665 1118 701 quas
1151 654 1385 699 observant3
1431 665 1501 700 po-

189 721 316 749 tentes
367 711 490 748 seculi
544 711 612 759 qui
663 720 826 759 presunt
871 710 1076 759 tyrannice
1120 711 1264 746 ludunt
1308 709 1497 759 paginam

187 778 398 815 tortorum,
432 778 470 805 et
502 781 613 817 reges
642 778 744 805 terre
768 781 813 805 ac
838 777 1043 817 magnates
1067 768 1189 804 seculi
1212 768 1356 804 ludunt
1378 767 1500 804 simu-

137 827 331 863 101atorie
365 827 481 864 ludos
513 839 667 874 regum.

247 884 517 922 Crisostomus
550 893 683 921 autem
718 884 773 920 sic
797 883 959 932 exponit
982 884 1087 920 hunc
1109 892 1278 920 textum:
1319 884 1374 919 Tu
1404 896 1501 934 ergo

188 956 272 979 cum
301 943 410 991 facis
448 942 707 990 elemosinam,
757 942 838 978 noli
872 943 961 977 tuba
1001 954 1139 977 canere
1176 949 1264 978 ante
1312 949 1360 988 te,
1404 942 1503 978 sicut

180 1000 369 1052 ypocrite
383 1000 553 1049 faciunt.
597 1000 690 1036 Vere
720 1000 818 1036 enim
849 1000 1132 1049 suhresponsor
1162 1007 1217 1035 est
1248 999 1314 1048 qui
1336 1006 1504 1049 propter

190 1058 361 1094 homines
381 1058 511 1106 facit;
540 1058 649 1093 aliud
681 1058 778 1094 enim
811 1058 923 1093 habet
955 1058 991 1093 in
1020 1058 1150 1101 corde,
1183 1058 1291 1093 aliud
1313 1064 1502 1094 monstrat

137 1116 226 1158 15z'u
259 1128 386 1165 opere.
426 1116 468 1151 In
490 1116 601 1164 facie
632 1116 783 1164 quidem
811 1123 978 1165 propter
1010 1116 1272 1152 necessitatem
1305 1115 1500 1151 hominum

182 1174 287 1222 facit
319 1181 353 1209 et
386 1174 538 1209 videtur
571 1174 808 1220 misericors,
843 1173 879 1209 in
912 1174 1030 1209 corde
1057 1180 1182 1210 autem
1200 1181 1369 1223 propter
1390 1185 1498 1209 suam

190 1232 363 1282 gloriam
397 1231 481 1282 agit
512 1238 547 1267 et
579 1239 634 1267 est
667 1244 762 1268 vane
791 1232 921 1281 glorie
952 1239 1160 1267 mercator.

255 1290 357 1325 Tuba
391 1289 488 1325 enim
521 1296 575 1325 est
608 1290 729 1325 omnis
761 1296 871 1325 actus
904 1290 965 1325 vel
994 1301 1122 1325 sermo
1141 1301 1215 1338 per
1237 1301 1345 1337 quem
1371 1289 1499 1338 operis

191 1347 378 1383 iactancia
412 1348 714 1394 demonstratur,
748 1354 788 1382 ut
814 1354 908 1396 puta
942 1347 1006 1396 qui
1035 1348 1187 1396 quando
1213 1347 1314 1383 videt
1336 1347 1500 1395 aliquem

135 1412 405 1454 zopresentem
429 1404 535 1453 facit
567 1405 835 1449 elemosinam;
871 1405 989 1440 aliter
1019 1412 1145 1440 autem
1179 1417 1251 1441 non
1275 1405 1404 1453 facit‚·
1435 1405 1501 1441 hec

191 1463 280 1499 tuba
312 1470 380 1509 est,
413 1463 499 1511 quia
527 1475 603 1511 per
634 1463 705 1499 hoc
736 1463 815 1499 eius
847 1463 1036 1499 iactancia
1063 1462 1305 1512 predicatur.

248 1521 356 1567 Item,
409 1520 472 1568 qui
514 1521 772 1557 intercedente
814 1521 942 1569 aliquo
978 1521 1082 1567 facit
1125 1520 1386 1566 elemosinam,
1440 1521 1503 1556 ubi

190 1586 315 1615 autem
349 1590 421 1613 non
454 1586 509 1614 est
541 1578 774 1614 intercessor
795 1591 868 1614 non
881 1579 999 1626 facit.
1039 1579 1283 1614 Consuetudo
1306 1579 1374 1614 hec
1396 1579 1499 1614 mala

190 1637 278 1673 tuba
311 1643 376 1672 est.

135 1697 174 1729 25
248 1695 356 1740 Item,
401 1693 465 1741 qui
499 1693 533 1729 si
569 1693 709 1729 viderit
747 1694 1005 1729 honestiorem
1033 1705 1243 1742 personam
1278 1693 1342 1741 qui
1374 1699 1503 1741 potest

191 1752 343 1800 referre
365 1752 431 1787 dat
452 1751 497 1798 ei,
520 1751 682 1787 obscuro
704 1758 831 1786 autem
850 1758 885 1787 et
902 1751 1067 1801 alligato
1078 1751 1323 1800 passionibus
1333 1750 1504 1799 pauperi

191 1809 308 1845 nichil
335 1809 413 1854 dat,
446 1816 482 1845 et
505 1808 571 1845 hec
603 1809 691 1845 tuba
725 1815 791 1855 est,
824 1808 980 1845 eciamsi
1009 1809 1045 1844 in
1073 1809 1156 1845 loco
1176 1815 1329 1845 secreto
1342 1808 1502 1856 fecerit,

191 1880 233 1904 eo
270 1874 397 1903 tamen
431 1866 647 1916 proposito,
692 1874 731 1902 ut
771 1867 977 1902 laudabilis
1017 1866 1205 1912 videatur,
1245 1866 1377 1915 primo
1416 1866 1502 1914 quia

181 1925 295 1973 fecit,
326 1925 492 1961 secundo
514 1924 600 1972 quia
623 1925 806 1960 absconse
825 1925 927 1973 fecit
958 1924 1040 1973 ipsa
1074 1925 1295 1969 absconsi0;
1325 1924 1415 1960 tuba
1448 1930 1503 1959 est

137 1987 178 2019 30
192 1982 398 2019 elemosina
430 1982 510 2018 eius
541 1989 576 2018 et
608 1982 786 2031 quicquid
818 1983 927 2017 aliud
948 1982 1095 2030 fecerit
1128 1983 1255 2028 homo,
1295 1994 1370 2031 per
1401 1982 1503 2030 quod

193 2047 259 2076 aut
290 2047 454 2089 apparet
492 2047 558 2076 aut
597 2040 678 2075 vult
709 2052 902 2089 apparere
934 2040 1020 2088 quia
1043 2040 1156 2088 fecit,
1191 2040 1279 2075 tuba
1313 2047 1382 2086 est,
1415 2039 1502 2088 quia

188 2111 263 2147 per
294 2098 391 2133 illud
423 2098 505 2147 ipsa
538 2097 744 2134 elemosina
778 2098 867 2133 dum
890 2098 943 2147 fit
974 2097 1118 2133 clamat
1150 2098 1197 2133 de
1227 2110 1278 2135 se.

250 2157 358 2202 Item,
406 2168 478 2191 non
518 2163 666 2191 tantum
706 2156 813 2192 locus
845 2168 912 2191 nec
943 2163 1052 2192 actus
1083 2163 1255 2191 secretus
1285 2155 1503 2191 servandus

194 2221 261 2260 est,
300 2214 369 2250 sed
400 2213 528 2263 magis
561 2214 737 2249 voluntas
769 2220 931 2260 secreta,
969 2226 1056 2249 nam
1089 2213 1125 2248 in
1163 2213 1267 2249 omni
1295 2219 1383 2249 actu
1415 2224 1501 2248 cor-

138 2271 322 2320 35p0ralz'
352 2271 527 2307 diabolus
548 2272 741 2320 fraudem
760 2272 905 2320 facere
921 2278 1061 2319 potest.
1095 2271 1137 2306 In
1161 2271 1244 2306 sola
1267 2270 1502 2306 consciencia

193 2341 265 2365 non
304 2336 434 2377 potest
464 2329 563 2378 fieri
605 2329 728 2375 dolus,
773 2329 857 2376 quia
902 2329 1117 2365 hominibus
1154 2329 1373 2374 suademus,
1418 2328 1503 2363 Deo

193 2394 318 2422 autem
352 2387 550 2434 manifesti
578 2399 721 2422 sumus.
756 2386 954 2434 Numquid
988 2398 1059 2423 non
1083 2386 1266 2436 intelligit
1287 2386 1400 2422 homo
1423 2397 1505 2422 esse

192 2456 233 2480 se
264 2457 415 2492 vanum,
448 2456 490 2480 eo
522 2445 624 2493 quod
644 2445 690 2480 ab
713 2444 927 2480 hominibus
951 2445 1031 2480 vult
1059 2444 1213 2480 videri?
1244 2444 1322 2480 Sed
1349 2444 1505 2494 cogitur

263 2633 284 2652 1.
306 2625 351 2652 A:
383 2624 585 2660 complettam.
694 2632 728 2651 11.
749 2625 778 2652 A
796 2624 827 2651 in
849 2632 964 2660 marg:
1000 2624 1215 2652 crisostomus.
1325 2622 1362 2651 13.
1384 2625 1428 2651 A:
1455 2624 1507 2651 ubi

194 2659 437 2694 subresponsor;
459 2660 495 2686 ss:
516 2667 622 2686 surres
645 2667 751 2686 onsor.
834 2659 869 2687 15.
891 2661 919 2686 A
940 2659 970 2686 in
992 2667 1108 2694 marg:
1130 2667 1152 2685 1.
1228 2666 1269 2693 19.
1290 2659 1334 2686 A:
1358 2661 1390 2686 ut
1410 2658 1503 2685 deest.

194 2701 237 2720 22.
257 2695 286 2721 A
306 2695 337 2720 in
358 2701 472 2728 marg:
494 2700 522 2720 2.
595 2701 609 2720 2
632 2714 637 2719 .
654 2693 726 2721 Ain
743 2701 856 2729 marg:
879 2701 911 2728 3.
985 2694 1032 2720 26.
1047 2695 1092 2721 A:
1111 2693 1293 2721 Obstruccio
1309 2696 1339 2720 et
1352 2694 1506 2729 alligato;

196 2728 233 2756 B:
254 2729 422 2756 abstracto.
506 2727 551 2756 28.
572 2729 617 2756 A:
634 2729 779 2763 primum.
864 2727 911 2756 30.
933 2728 971 2756 B:
993 2728 1087 2755 illius.
1172 2726 1216 2755 33.
1238 2729 1265 2755 A
1285 2728 1315 2755 in
1337 2736 1450 2763 marg:
1471 2734 1504 2762 4.

270 2823 318 2843 11.
346 2813 402 2854 Op
443 2813 538 2854 Imp.,
567 2813 586 2843 l.
615 2823 642 2844 c.
670 2823 700 2854 p.
727 2811 805 2854 807¹

1711 201 1788 238 249

1544 888 1761 924 Chrysostom.

1539 1293 1606 1321 The
1626 1297 1763 1329 trumpet

1517 1336 1623 1355 means
1643 1335 1702 1363 any
1722 1336 1790 1364 way

1530 1363 1565 1390 of
1581 1362 1773 1398 advertizing

1569 1397 1737 1425 ourselves.
