2003 3322
210 212 298 243 cm.
321 201 401 259 Lx]
688 212 899 247 SECUNDA
928 212 1052 246 PARS.

214 324 411 359 Christum
463 330 499 358 et
556 334 628 358 non
681 334 757 371 per
815 332 933 370 opera
985 321 1082 356 hona
1134 333 1174 356 se
1231 320 1437 369 confirmat
1489 320 1525 355 in

214 381 382 417 Christo.
417 381 494 416 Sed
524 387 560 416 et
591 380 655 428 qui
674 379 780 428 facit
813 391 930 428 opera
965 379 1069 414 mala
1100 390 1219 427 super
1251 390 1412 413 arenam
1447 377 1527 412 edi-

195 439 307 488 ficat.
342 438 472 474 Arena
505 446 561 474 est
593 438 716 474 omnis
749 437 917 483 malicia,
951 436 1049 472 sicut
1082 436 1253 472 diximus
1285 448 1418 484 supra.
1474 435 1526 470 Et

208 497 272 545 qui
313 496 349 532 in
395 496 500 532 bonis
532 495 790 531 mundialibus
821 494 975 530 instruit
1006 507 1059 541 se,
1102 506 1220 542 super
1251 505 1411 528 arenam
1447 493 1525 528 edi-

177 554 316 604 Bficat3
369 554 507 590 similis
550 560 676 589 autem
722 553 840 589 stulto
880 552 1032 588 diabolo
1066 559 1133 598 est,
1187 551 1273 600 quia
1313 551 1409 587 sicut
1444 551 1525 586 dia-

209 612 287 647 boli
329 612 479 658 domus,
531 612 571 646 id
621 619 689 658 est,
743 610 927 646 idolatria
975 623 996 646 a
1043 609 1199 645 Christo
1242 610 1438 645 destructa
1472 616 1527 644 est

204 682 278 719 per
321 682 440 719 opera
484 669 751 705 ministrorum
797 668 875 704 eius
919 675 955 704 et
990 668 1237 718 graciarum,
1289 667 1343 702 sic
1388 674 1423 702 et
1465 667 1529 702 ille

211 727 323 763 hodie
367 735 433 763 aut
484 740 574 763 cras
627 727 883 763 destruendus
929 733 985 761 est
1028 739 1050 761 a
1096 725 1248 761 diaholo
1289 736 1364 774 per
1408 736 1527 773 opera

212 785 478 822 ministrorum
502 786 581 821 eius
613 792 648 821 et
683 786 884 821 demonum
919 784 980 820 vel
1002 784 1196 819 hominum
1221 782 1441 831 impiorum.
1477 782 1529 817 Et

158 858 197 879 10
213 844 253 879 hi
283 843 379 879 tales
417 851 504 879 sunt
543 855 636 891 quos
668 855 807 878 cavere
839 843 885 878 de
916 842 1076 877 ecclesia
1117 841 1360 891 signavimus
1392 853 1528 889 supra,

213 913 255 937 eo
319 902 420 950 quod
485 914 558 937 non
609 913 649 937 se
707 900 986 950 edificaverunt
1043 911 1163 948 supra
1235 906 1390 947 petram
1463 899 1531 934 sed

89 966 175 1005 404⁸
213 960 340 1009 magis
369 955 375 1012 Ι
404 971 521 1008 super
552 971 724 995 arenam.

270 1017 323 1052 Et
354 1024 439 1053 erat
484 1017 595 1052 ruina
628 1017 707 1052 eius
748 1029 904 1066 magna.
958 1015 1161 1059 Quomodo
1195 1014 1373 1065 magna?
1425 1013 1531 1049 Sicut

213 1075 310 1110 enim
359 1076 495 1111 domus
540 1087 610 1123 que
653 1075 764 1110 habet
803 1074 974 1109 validum
997 1074 1320 1122 fundamentum,
1371 1071 1405 1107 si
1430 1083 1531 1120 pars

163 1133 342 1181 15aliqua
371 1133 537 1181 parietis
569 1133 629 1168 vel
660 1132 750 1168 tecti
781 1132 976 1177 ceciderit,
1017 1132 1129 1167 ruina
1163 1131 1244 1167 eius
1276 1142 1421 1180 magna
1456 1141 1528 1165 non

1562 1021 1629 1048 The
1650 1020 1799 1048 christian

1572 1055 1791 1121 Ἓέξὲἒὲὲέέὲῗ

1551 1126 1603 1153 but
1624 1126 1660 1152 he
1675 1126 1746 1152 who
1767 1125 1822 1151 has

1544 1161 1604 1188 lost
1631 1160 1681 1187 the
1701 1159 1774 1187 faith
1797 1159 1822 1186 is

215 1190 300 1237 erit,
348 1190 435 1238 quia
477 1198 606 1239 potest
644 1190 744 1239 fieri
775 1197 814 1225 ut
858 1190 998 1225 iterum
1045 1196 1262 1238 reparetur.
1318 1188 1360 1223 Si
1401 1194 1529 1223 autem
1557 1195 1664 1222 ruined
1688 1194 1808 1230 beyond

206 1248 511 1296 fundamentum
545 1248 626 1284 eius
657 1260 788 1284 casum
821 1248 951 1296 fuerit
978 1259 1153 1296 passum,
1198 1254 1286 1282 tunc
1331 1252 1386 1282 est
1419 1245 1531 1280 ruina

221 1306 300 1342 eius
332 1319 491 1356 magna,
524 1306 611 1354 quia
644 1313 722 1342 tota
756 1305 858 1342 venit
890 1306 1108 1341 desursum.
1143 1304 1205 1340 Sic
1239 1312 1274 1341 et
1297 1303 1532 1339 christianus

219 1364 254 1399 si
303 1364 530 1412 fornicatus
572 1364 703 1411 fuerit
754 1370 819 1399 aut
870 1363 1116 1399 adulteratus
1166 1369 1232 1398 aut
1284 1361 1531 1398 homicidium

163 1436 204 1456 20
211 1422 373 1470 fecerit,
406 1422 541 1458 cecidit
564 1422 728 1470 quidem,
764 1429 890 1457 tamen
924 1421 1036 1456 ruina
1069 1421 1148 1457 eius
1180 1432 1325 1471 magna
1359 1431 1433 1455 non
1466 1426 1533 1465 est,

221 1480 306 1529 quia
349 1487 478 1529 potest
509 1480 648 1516 iterum
688 1480 926 1528 poenitencia
965 1491 1134 1529 surgere
1165 1479 1261 1514 sicut
1293 1478 1439 1513 David.
1494 1476 1537 1512 Si

220 1546 346 1574 autem
381 1539 427 1573 de
450 1538 715 1586 fundamento
742 1537 845 1586 fidei
875 1537 1024 1586 aliquid
1046 1536 1179 1585 suerit
1204 1548 1360 1585 passus,
1394 1536 1435 1571 id
1467 1541 1534 1577 est,

220 1596 254 1631 si
278 1596 554 1646 prevaricatus
583 1596 714 1644 fuerit
747 1602 782 1631 et
818 1596 871 1630 ad
906 1595 1086 1645 gentiles,
1120 1595 1172 1630 ad
1203 1594 1394 1630 hereticos
1425 1601 1534 1629 tran-

220 1654 341 1701 sierit,
375 1662 462 1690 tunc
494 1661 548 1690 est
572 1654 684 1690 ruina
707 1653 785 1690 eius
808 1666 967 1704 magna,
1002 1653 1088 1701 quia
1111 1659 1212 1689 totus
1232 1652 1420 1701 funditus
1443 1650 1534 1689 ruit.

166 1716 204 1748 25
222 1713 304 1748 Hec
338 1711 624 1749 Crisostomus.

737 1848 876 1889 CAP.
916 1847 1020 1888 LX.

282 1943 471 1992 Sequitur
503 1943 543 1980 in
576 1952 683 1979 textu
717 1943 931 1991 evangelii:
972 1944 1023 1979 Et
1049 1944 1207 1992 factum
1241 1949 1296 1979 est
1329 1954 1413 1978 cum
1447 1954 1535 1978 con-

222 2010 453 2038 summasset
483 2002 594 2038 Jesus
639 2003 754 2037 verba
800 1998 880 2046 hec,
925 2001 1227 2037 admirabantur
1270 2001 1381 2036 turbe
1419 2012 1537 2049 super

226 2060 401 2096 doctrina
445 2060 535 2096 eius.
590 2060 692 2095 Erat
737 2060 833 2095 enim
877 2061 1016 2095 docens
1060 2072 1124 2095 eos
1167 2059 1265 2095 sicut
1304 2065 1534 2107 potestatem

169 2122 210 2154 30
226 2118 367 2154 liabens
412 2126 447 2154 et
491 2130 563 2154 non
605 2118 702 2153 sicut
746 2118 872 2153 scribe
914 2130 1047 2153 eorum
1094 2125 1129 2153 et
1162 2116 1352 2152 Pharisei.
1408 2117 1536 2163 Super

225 2188 305 2224 quo
327 2175 593 2224 Augustinus:
631 2176 717 2211 Hoc
740 2183 796 2211 est
816 2176 919 2224 quod
948 2183 1035 2211 ante
1067 2175 1171 2211 dixit
1197 2187 1273 2224 per
1302 2174 1534 2223 proplietam

225 2246 306 2269 esse
336 2234 597 2284 significatum
644 2234 680 2269 in
720 2234 899 2280 Psalmis,
946 2246 1030 2269 cum
1073 2233 1238 2268 diceret:
1281 2231 1538 2267 Fiducialiter

225 2304 344 2341 agam
388 2292 423 2327 in
463 2304 505 2327 eo
538 2292 687 2340 eloquia
721 2292 892 2334 Domini,
937 2291 1086 2340 eloquia
1132 2298 1251 2337 casta,
1295 2298 1380 2333 etc.,
1415 2296 1454 2324 ut
1488 2289 1539 2324 ibi

225 2349 398 2398 sequitur
429 2362 545 2398 usque
590 2350 642 2385 ad
672 2350 905 2398 septuplum.
970 2350 1140 2398 Propter
1184 2360 1293 2397 quem
1335 2359 1536 2383 numerum

171 2408 210 2441 35
227 2408 447 2443 admonitus
497 2420 581 2443 sum
629 2408 747 2443 eciam
792 2415 977 2456 precepta
1030 2407 1101 2442 ista
1154 2407 1206 2441 ad
1255 2413 1397 2454 septem
1451 2405 1540 2440 illas

226 2465 440 2501 sentencias
491 2466 659 2513 referre,
711 2477 808 2514 quas
859 2466 894 2500 in
942 2464 1136 2514 principio
1187 2463 1378 2500 sermonis
1428 2462 1540 2498 huius

296 2656 320 2684 5.
341 2658 384 2684 A:
407 2660 451 2684 est
472 2657 564 2684 deest.
650 2656 688 2684 13.
709 2656 812 2683 Recte:
835 2657 876 2684 Et
894 2657 964 2684 erit.
1056 2664 1097 2689 14.
1119 2657 1163 2682 A:
1184 2655 1240 2682 sed
1254 2663 1343 2690 pars.
1436 2655 1475 2681 18.
1499 2655 1540 2680 A:

229 2694 256 2718 et
277 2692 371 2718 deest.
444 2699 491 2725 24.
512 2694 556 2719 A:
578 2693 688 2719 iterum
703 2692 805 2718 ruina.
879 2690 918 2718 31.
940 2691 1011 2718 Ain
1029 2699 1142 2724 marg:
1158 2690 1361 2725 Augustinus.
1436 2688 1477 2716 32.
1495 2690 1521 2716 A
1536 2698 1541 2716 ς

228 2727 397 2761 signatum.

302 2796 355 2827 27.
382 2786 500 2817 Matth.
527 2787 600 2825 VII⁷
628 2796 679 2827 24.
807 2787 857 2819 31.
886 2786 936 2817 De
963 2795 1122 2817 sermone
1149 2784 1289 2816 Domini
1317 2785 1351 2814 in
1378 2790 1496 2814 monte
1522 2783 1543 2813 l.

231 2842 258 2863 c.
285 2843 315 2873 p.
345 2832 423 2865 236.
523 2834 573 2864 32.
605 2833 728 2863 Psalm.
756 2833 809 2871 XL
837 2831 867 2862 s),

1344 2888 1412 2918 30÷÷

1582 1230 1780 1257 restoration.
