<?xml version="1.0" encoding="UTF-8"?>
<!DOCTYPE html PUBLIC "-//W3C//DTD XHTML 1.0 Transitional//EN"
    "http://www.w3.org/TR/xhtml1/DTD/xhtml1-transitional.dtd">
<html xmlns="http://www.w3.org/1999/xhtml" xml:lang="en" lang="en">
 <head>
  <title>
</title>
<meta http-equiv="Content-Type" content="text/html;charset=utf-8" />
  <meta name='ocr-system' content='tesseract 3.04.00' />
  <meta name='ocr-capabilities' content='ocr_page ocr_carea ocr_par ocr_line ocrx_word'/>
</head>
<body>
  <div class='ocr_page' id='page_1' title='image "./opusevangelicum12wycl/opusevangelicum12wycl_0046.png"; bbox 0 0 2062 3327; ppageno 0'>
   <div class='ocr_carea' id='block_1_1' title="bbox 227 217 1830 271">
    <p class='ocr_par' dir='ltr' id='par_1_1' title="bbox 227 217 1830 271">
     <span class='ocr_line' id='line_1_1' title="bbox 227 217 1830 271; baseline -0.008 -1"><span class='ocrx_word' id='word_1_1' title='bbox 227 222 275 258; x_wconf 78' lang='lat'><em>36</em></span> <span class='ocrx_word' id='word_1_2' title='bbox 917 231 1037 263; x_wconf 74' lang='lat' dir='ltr'><em>opus</em></span> <span class='ocrx_word' id='word_1_3' title='bbox 1063 230 1400 263; x_wconf 79' lang='lat' dir='ltr'>EVANGELICUM</span> <span class='ocrx_word' id='word_1_4' title='bbox 1635 217 1743 271; x_wconf 74' lang='lat' dir='ltr'><strong>[CAP.</strong></span> <span class='ocrx_word' id='word_1_5' title='bbox 1764 226 1830 254; x_wconf 71' lang='grc' dir='ltr'><em>ΧΠ.</em></span> 
     </span>
    </p>
   </div>
   <div class='ocr_carea' id='block_1_2' title="bbox 500 336 1904 2014">
    <p class='ocr_par' dir='ltr' id='par_1_2' title="bbox 500 336 1904 2014">
     <span class='ocr_line' id='line_1_2' title="bbox 514 336 1831 386; baseline -0.002 -13"><span class='ocrx_word' id='word_1_6' title='bbox 514 339 652 374; x_wconf 87' lang='lat' dir='ltr'><em>ducatu</em></span> <span class='ocrx_word' id='word_1_7' title='bbox 684 338 931 386; x_wconf 90' lang='lat' dir='ltr'><em>familiarius</em></span> <span class='ocrx_word' id='word_1_8' title='bbox 970 337 1045 372; x_wconf 87' lang='lat' dir='ltr'><em>Dei</em></span> <span class='ocrx_word' id='word_1_9' title='bbox 1082 337 1338 373; x_wconf 89' lang='lat' dir='ltr'><em>locucionibus</em></span> <span class='ocrx_word' id='word_1_10' title='bbox 1376 337 1565 383; x_wconf 84' lang='lat' dir='ltr'><em>utebatur,</em></span> <span class='ocrx_word' id='word_1_11' title='bbox 1607 336 1702 372; x_wconf 87' lang='lat' dir='ltr'><em>Saul</em></span> <span class='ocrx_word' id='word_1_12' title='bbox 1741 348 1831 372; x_wconf 91' lang='lat' dir='ltr'><em>vero</em></span> 
     </span>
     <span class='ocr_line' id='line_1_3' title="bbox 500 394 1833 447; baseline -0.002 -15"><span class='ocrx_word' id='word_1_13' title='bbox 500 397 613 446; x_wconf 88' lang='lat' dir='ltr'><em>filius</em></span> <span class='ocrx_word' id='word_1_14' title='bbox 650 395 733 447; x_wconf 80' lang='lat' dir='ltr'><em>Cys</em></span> <span class='ocrx_word' id='word_1_15' title='bbox 760 403 964 445; x_wconf 79' lang='lat' dir='ltr'><strong><em>postquam</em></strong></span> <span class='ocrx_word' id='word_1_16' title='bbox 1006 402 1159 445; x_wconf 89' lang='lat' dir='ltr'><em>sceptra</em></span> <span class='ocrx_word' id='word_1_17' title='bbox 1205 395 1319 445; x_wconf 77' lang='lat' dir='ltr'><em>regni</em></span> <span class='ocrx_word' id='word_1_18' title='bbox 1355 396 1517 444; x_wconf 82' lang='lat' dir='ltr'><em>adeptus</em></span> <span class='ocrx_word' id='word_1_19' title='bbox 1560 401 1628 441; x_wconf 78' lang='lat' dir='ltr'><em>est,</em></span> <span class='ocrx_word' id='word_1_20' title='bbox 1661 406 1736 443; x_wconf 87' lang='lat' dir='ltr'><em>per</em></span> <span class='ocrx_word' id='word_1_21' title='bbox 1779 394 1833 429; x_wconf 90' lang='lat' dir='ltr'><em>in-</em></span> 
     </span>
     <span class='ocr_line' id='line_1_4' title="bbox 513 452 1833 502; baseline -0.003 -12"><span class='ocrx_word' id='word_1_22' title='bbox 513 454 728 490; x_wconf 87' lang='lat' dir='ltr'><em>obediencie</em></span> <span class='ocrx_word' id='word_1_23' title='bbox 760 454 980 502; x_wconf 76' lang='lat' dir='ltr'><em>superbiam</em></span> <span class='ocrx_word' id='word_1_24' title='bbox 1014 454 1140 489; x_wconf 90' lang='lat' dir='ltr'><em>Deum</em></span> <span class='ocrx_word' id='word_1_25' title='bbox 1175 453 1343 502; x_wconf 82' lang='lat' dir='ltr'><em>offendit.</em></span> <span class='ocrx_word' id='word_1_26' title='bbox 1390 454 1479 489; x_wconf 84' lang='lat' dir='ltr'><em>Rex</em></span> <span class='ocrx_word' id='word_1_27' title='bbox 1512 452 1695 488; x_wconf 80' lang='lat' dir='ltr'><em>Salomon</em></span> <span class='ocrx_word' id='word_1_28' title='bbox 1724 458 1833 501; x_wconf 89' lang='lat' dir='ltr'><em>post-</em></span> 
     </span>
     <span class='ocr_line' id='line_1_5' title="bbox 513 510 1834 561; baseline -0.002 -14"><span class='ocrx_word' id='word_1_29' title='bbox 513 525 625 561; x_wconf 79' lang='lat' dir='ltr'><em>quam</em></span> <span class='ocrx_word' id='word_1_30' title='bbox 657 512 786 560; x_wconf 87' lang='lat' dir='ltr'><em>patris</em></span> <span class='ocrx_word' id='word_1_31' title='bbox 817 511 876 547; x_wconf 89' lang='lat' dir='ltr'><em>sui</em></span> <span class='ocrx_word' id='word_1_32' title='bbox 911 512 1041 547; x_wconf 88' lang='lat' dir='ltr'><em>David</em></span> <span class='ocrx_word' id='word_1_33' title='bbox 1072 512 1201 547; x_wconf 87' lang='lat' dir='ltr'><em>sedem</em></span> <span class='ocrx_word' id='word_1_34' title='bbox 1237 511 1407 557; x_wconf 79' lang='lat' dir='ltr'><em>obtinuit,</em></span> <span class='ocrx_word' id='word_1_35' title='bbox 1447 511 1555 547; x_wconf 92' lang='lat' dir='ltr'><em>Deus</em></span> <span class='ocrx_word' id='word_1_36' title='bbox 1587 510 1695 545; x_wconf 90' lang='lat' dir='ltr'><em>illum</em></span> <span class='ocrx_word' id='word_1_37' title='bbox 1731 510 1834 544; x_wconf 87' lang='lat' dir='ltr'><em>ultra</em></span> 
     </span>
     <span class='ocr_line' id='line_1_6' title="bbox 514 567 1869 618; baseline -0.003 -12"><span class='ocrx_word' id='word_1_38' title='bbox 514 583 645 606; x_wconf 87' lang='lat' dir='ltr'><em>omnes</em></span> <span class='ocrx_word' id='word_1_39' title='bbox 678 570 865 606; x_wconf 78' lang='lat' dir='ltr'><em>mortales</em></span> <span class='ocrx_word' id='word_1_40' title='bbox 891 569 993 605; x_wconf 85' lang='lat' dir='ltr'><em>velut</em></span> <span class='ocrx_word' id='word_1_41' title='bbox 1017 570 1068 605; x_wconf 89' lang='lat' dir='ltr'><em>ad</em></span> <span class='ocrx_word' id='word_1_42' title='bbox 1091 569 1328 604; x_wconf 89' lang='lat' dir='ltr'><em>innumerosi</em></span> <span class='ocrx_word' id='word_1_43' title='bbox 1343 568 1480 618; x_wconf 86' lang='lat' dir='ltr'><em>populi</em></span> <span class='ocrx_word' id='word_1_44' title='bbox 1510 567 1835 618; x_wconf 74' lang='lat' dir='ltr'><strong><em>gubernacionem</em></strong></span> <span class='ocrx_word' id='word_1_45' title='bbox 1853 570 1869 602; x_wconf 84' lang='lat'><strong>5</strong></span> 
     </span>
     <span class='ocr_line' id='line_1_7' title="bbox 513 626 1838 677; baseline -0.003 -13"><span class='ocrx_word' id='word_1_46' title='bbox 513 628 704 677; x_wconf 80' lang='lat' dir='ltr'><em>sapiencie</em></span> <span class='ocrx_word' id='word_1_47' title='bbox 736 639 896 663; x_wconf 82' lang='lat' dir='ltr'><em>munere</em></span> <span class='ocrx_word' id='word_1_48' title='bbox 925 628 1071 663; x_wconf 76' lang='lat' dir='ltr'><em>ditavit.</em></span> <span class='ocrx_word' id='word_1_49' title='bbox 1098 627 1333 663; x_wconf 86' lang='lat' dir='ltr'><em>Econtrario</em></span> <span class='ocrx_word' id='word_1_50' title='bbox 1358 638 1449 663; x_wconf 88' lang='lat' dir='ltr'><em>vero</em></span> <span class='ocrx_word' id='word_1_51' title='bbox 1470 626 1677 662; x_wconf 84' lang='lat' dir='ltr'><em>Jeroboam</em></span> <span class='ocrx_word' id='word_1_52' title='bbox 1701 637 1838 662; x_wconf 87' lang='lat' dir='ltr'><em>servus</em></span> 
     </span>
     <span class='ocr_line' id='line_1_8' title="bbox 515 683 1837 736; baseline -0.002 -15"><span class='ocrx_word' id='word_1_53' title='bbox 515 686 733 722; x_wconf 85' lang='lat' dir='ltr'><em>Salomonis</em></span> <span class='ocrx_word' id='word_1_54' title='bbox 751 692 956 735; x_wconf 81' lang='lat' dir='ltr'><em>postquam</em></span> <span class='ocrx_word' id='word_1_55' title='bbox 989 685 1104 736; x_wconf 78' lang='lat' dir='ltr'><em>regni</em></span> <span class='ocrx_word' id='word_1_56' title='bbox 1125 686 1261 721; x_wconf 90' lang='lat' dir='ltr'><em>domus</em></span> <span class='ocrx_word' id='word_1_57' title='bbox 1286 683 1419 721; x_wconf 92' lang='lat' dir='ltr'><em>David</em></span> <span class='ocrx_word' id='word_1_58' title='bbox 1436 691 1591 734; x_wconf 87' lang='lat' dir='ltr'><em>partem</em></span> <span class='ocrx_word' id='word_1_59' title='bbox 1624 683 1837 733; x_wconf 85' lang='lat' dir='ltr'><em>occupavit,</em></span> 
     </span>
     <span class='ocr_line' id='line_1_9' title="bbox 515 741 1837 794; baseline -0.003 -14"><span class='ocrx_word' id='word_1_60' title='bbox 515 745 566 780; x_wconf 88' lang='lat' dir='ltr'><em>ad</em></span> <span class='ocrx_word' id='word_1_61' title='bbox 595 744 817 794; x_wconf 71' lang='lat' dir='ltr'><em>ydolorum</em></span> <span class='ocrx_word' id='word_1_62' title='bbox 863 743 1006 779; x_wconf 87' lang='lat' dir='ltr'><em>cultum</em></span> <span class='ocrx_word' id='word_1_63' title='bbox 1053 744 1182 779; x_wconf 87' lang='lat' dir='ltr'><em>decem</em></span> <span class='ocrx_word' id='word_1_64' title='bbox 1226 742 1349 778; x_wconf 91' lang='lat' dir='ltr'><em>tribus</em></span> <span class='ocrx_word' id='word_1_65' title='bbox 1383 742 1509 779; x_wconf 84' lang='lat' dir='ltr'><em>Israel</em></span> <span class='ocrx_word' id='word_1_66' title='bbox 1549 754 1618 791; x_wconf 82' lang='lat' dir='ltr'><em>que</em></span> <span class='ocrx_word' id='word_1_67' title='bbox 1658 748 1770 777; x_wconf 86' lang='lat' dir='ltr'><em>erant</em></span> <span class='ocrx_word' id='word_1_68' title='bbox 1802 741 1837 776; x_wconf 88' lang='lat' dir='ltr'><em>in</em></span> 
     </span>
     <span class='ocr_line' id='line_1_10' title="bbox 511 800 1837 851; baseline -0.002 -14"><span class='ocrx_word' id='word_1_69' title='bbox 511 809 629 851; x_wconf 86' lang='lat' dir='ltr'><em>parte</em></span> <span class='ocrx_word' id='word_1_70' title='bbox 663 802 841 837; x_wconf 85' lang='lat' dir='ltr'><em>Samarie</em></span> <span class='ocrx_word' id='word_1_71' title='bbox 875 801 1045 837; x_wconf 82' lang='lat' dir='ltr'><em>divertit.</em></span> <span class='ocrx_word' id='word_1_72' title='bbox 1082 801 1159 837; x_wconf 89' lang='lat' dir='ltr'><em>Per</em></span> <span class='ocrx_word' id='word_1_73' title='bbox 1191 812 1261 849; x_wconf 78' lang='lat' dir='ltr'><em>que</em></span> <span class='ocrx_word' id='word_1_74' title='bbox 1283 800 1463 850; x_wconf 87' lang='lat' dir='ltr'><em>exempla</em></span> <span class='ocrx_word' id='word_1_75' title='bbox 1485 800 1682 836; x_wconf 88' lang='lat' dir='ltr'><em>evidenter</em></span> <span class='ocrx_word' id='word_1_76' title='bbox 1714 806 1837 835; x_wconf 88' lang='lat' dir='ltr'><em>osten-</em></span> 
     </span>
     <span class='ocr_line' id='line_1_11' title="bbox 517 858 1897 908; baseline -0.002 -13"><span class='ocrx_word' id='word_1_77' title='bbox 517 860 624 895; x_wconf 81' lang='lat' dir='ltr'><em>ditur</em></span> <span class='ocrx_word' id='word_1_78' title='bbox 657 860 842 908; x_wconf 77' lang='lat' dir='ltr'><em>quosdam</em></span> <span class='ocrx_word' id='word_1_79' title='bbox 882 859 917 895; x_wconf 90' lang='lat' dir='ltr'><em>in</em></span> <span class='ocrx_word' id='word_1_80' title='bbox 960 859 1178 895; x_wconf 85' lang='lat' dir='ltr'><em>sublimiori</em></span> <span class='ocrx_word' id='word_1_81' title='bbox 1221 865 1323 895; x_wconf 90' lang='lat' dir='ltr'><em>statu</em></span> <span class='ocrx_word' id='word_1_82' title='bbox 1370 859 1422 894; x_wconf 88' lang='lat' dir='ltr'><em>ad</em></span> <span class='ocrx_word' id='word_1_83' title='bbox 1468 858 1654 894; x_wconf 88' lang='lat' dir='ltr'><em>maiorem</em></span> <span class='ocrx_word' id='word_1_84' title='bbox 1683 858 1839 906; x_wconf 86' lang='lat' dir='ltr'><em>perfec-</em></span> <span class='ocrx_word' id='word_1_85' title='bbox 1859 871 1897 892; x_wconf 83' lang='lat'><em>10</em></span> 
     </span>
     <span class='ocr_line' id='line_1_12' title="bbox 516 915 1838 967; baseline -0.003 -13"><span class='ocrx_word' id='word_1_86' title='bbox 516 919 660 954; x_wconf 87' lang='lat' dir='ltr'><em>cionem</em></span> <span class='ocrx_word' id='word_1_87' title='bbox 685 930 873 964; x_wconf 81' lang='lat' dir='ltr'><em>crescere,</em></span> <span class='ocrx_word' id='word_1_88' title='bbox 905 918 1090 966; x_wconf 79' lang='lat' dir='ltr'><em>quosdam</em></span> <span class='ocrx_word' id='word_1_89' title='bbox 1116 929 1207 953; x_wconf 87' lang='lat' dir='ltr'><em>vero</em></span> <span class='ocrx_word' id='word_1_90' title='bbox 1225 929 1300 966; x_wconf 90' lang='lat' dir='ltr'><em>per</em></span> <span class='ocrx_word' id='word_1_91' title='bbox 1326 916 1574 967; x_wconf 80' lang='lat' dir='ltr'><em>supercilium</em></span> <span class='ocrx_word' id='word_1_92' title='bbox 1604 915 1838 951; x_wconf 83' lang='lat' dir='ltr'><em>dominacio-</em></span> 
     </span>
     <span class='ocr_line' id='line_1_13' title="bbox 517 973 1838 1026; baseline -0.002 -15"><span class='ocrx_word' id='word_1_93' title='bbox 517 977 574 1012; x_wconf 87' lang='lat' dir='ltr'><em>nis</em></span> <span class='ocrx_word' id='word_1_94' title='bbox 606 977 657 1011; x_wconf 87' lang='lat' dir='ltr'><em>ad</em></span> <span class='ocrx_word' id='word_1_95' title='bbox 690 976 885 1012; x_wconf 82' lang='lat' dir='ltr'><em>deteriora</em></span> <span class='ocrx_word' id='word_1_96' title='bbox 914 975 1125 1026; x_wconf 90' lang='lat' dir='ltr'><em>profluere.</em></span> <span class='ocrx_word' id='word_1_97' title='bbox 1178 976 1257 1011; x_wconf 88' lang='lat' dir='ltr'><em>Per</em></span> <span class='ocrx_word' id='word_1_98' title='bbox 1288 976 1390 1024; x_wconf 78' lang='lat' dir='ltr'><em>quod</em></span> <span class='ocrx_word' id='word_1_99' title='bbox 1422 982 1627 1023; x_wconf 84' lang='lat' dir='ltr'><em>utrumque</em></span> <span class='ocrx_word' id='word_1_100' title='bbox 1659 973 1838 1023; x_wconf 79' lang='lat' dir='ltr'><em>intelligi-</em></span> 
     </span>
     <span class='ocr_line' id='line_1_14' title="bbox 517 1030 1840 1082; baseline -0.002 -13"><span class='ocrx_word' id='word_1_101' title='bbox 517 1042 582 1070; x_wconf 92' lang='lat' dir='ltr'><em>tur</em></span> <span class='ocrx_word' id='word_1_102' title='bbox 614 1046 677 1070; x_wconf 89' lang='lat' dir='ltr'><em>eos</em></span> <span class='ocrx_word' id='word_1_103' title='bbox 709 1034 772 1082; x_wconf 80' lang='lat' dir='ltr'><em>qui</em></span> <span class='ocrx_word' id='word_1_104' title='bbox 815 1035 868 1069; x_wconf 90' lang='lat' dir='ltr'><em>ad</em></span> <span class='ocrx_word' id='word_1_105' title='bbox 910 1034 1072 1070; x_wconf 89' lang='lat' dir='ltr'><em>meliora</em></span> <span class='ocrx_word' id='word_1_106' title='bbox 1118 1033 1375 1070; x_wconf 87' lang='lat' dir='ltr'><em>conscendunt</em></span> <span class='ocrx_word' id='word_1_107' title='bbox 1403 1046 1478 1082; x_wconf 92' lang='lat' dir='ltr'><em>per</em></span> <span class='ocrx_word' id='word_1_108' title='bbox 1510 1032 1689 1069; x_wconf 90' lang='lat' dir='ltr'><em>virtutem</em></span> <span class='ocrx_word' id='word_1_109' title='bbox 1722 1030 1840 1067; x_wconf 87' lang='lat' dir='ltr'><em>animi</em></span> 
     </span>
     <span class='ocr_line' id='line_1_15' title="bbox 518 1089 1841 1141; baseline -0.003 -13"><span class='ocrx_word' id='word_1_110' title='bbox 518 1100 553 1128; x_wconf 91' lang='lat' dir='ltr'><em>et</em></span> <span class='ocrx_word' id='word_1_111' title='bbox 584 1092 746 1128; x_wconf 81' lang='lat' dir='ltr'><em>Domini</em></span> <span class='ocrx_word' id='word_1_112' title='bbox 788 1092 978 1128; x_wconf 84' lang='lat' dir='ltr'><em>auxilium</em></span> <span class='ocrx_word' id='word_1_113' title='bbox 1014 1104 1130 1141; x_wconf 86' lang='lat' dir='ltr'><em>posse</em></span> <span class='ocrx_word' id='word_1_114' title='bbox 1176 1091 1274 1127; x_wconf 87' lang='lat' dir='ltr'><em>illud</em></span> <span class='ocrx_word' id='word_1_115' title='bbox 1302 1092 1458 1140; x_wconf 84' lang='lat' dir='ltr'><em>facere,</em></span> <span class='ocrx_word' id='word_1_116' title='bbox 1503 1098 1538 1127; x_wconf 91' lang='lat' dir='ltr'><em>et</em></span> <span class='ocrx_word' id='word_1_117' title='bbox 1585 1102 1648 1126; x_wconf 90' lang='lat' dir='ltr'><em>eos</em></span> <span class='ocrx_word' id='word_1_118' title='bbox 1692 1090 1755 1138; x_wconf 81' lang='lat' dir='ltr'><em>qui</em></span> <span class='ocrx_word' id='word_1_119' title='bbox 1790 1089 1841 1125; x_wconf 88' lang='lat' dir='ltr'><em>ad</em></span> 
     </span>
     <span class='ocr_line' id='line_1_16' title="bbox 519 1147 1898 1199; baseline -0.001 -13"><span class='ocrx_word' id='word_1_120' title='bbox 519 1150 713 1186; x_wconf 88' lang='lat' dir='ltr'><em>deteriora</em></span> <span class='ocrx_word' id='word_1_121' title='bbox 748 1150 995 1186; x_wconf 80' lang='lat' dir='ltr'><em>divertuntur</em></span> <span class='ocrx_word' id='word_1_122' title='bbox 1021 1163 1097 1199; x_wconf 89' lang='lat' dir='ltr'><em>per</em></span> <span class='ocrx_word' id='word_1_123' title='bbox 1128 1149 1264 1186; x_wconf 89' lang='lat' dir='ltr'><em>mentis</em></span> <span class='ocrx_word' id='word_1_124' title='bbox 1297 1149 1593 1186; x_wconf 88' lang='lat' dir='ltr'><em>imbecillitatem</em></span> <span class='ocrx_word' id='word_1_125' title='bbox 1621 1147 1776 1198; x_wconf 88' lang='lat' dir='ltr'><em>pariter</em></span> <span class='ocrx_word' id='word_1_126' title='bbox 1808 1154 1842 1182; x_wconf 90' lang='lat' dir='ltr'><em>et</em></span> <span class='ocrx_word' id='word_1_127' title='bbox 1862 1151 1898 1185; x_wconf 85' lang='lat'><em>15</em></span> 
     </span>
     <span class='ocr_line' id='line_1_17' title="bbox 519 1205 1844 1258; baseline -0.003 -14"><span class='ocrx_word' id='word_1_128' title='bbox 519 1208 803 1258; x_wconf 72' lang='lat' dir='ltr'><em>negligenciam</em></span> <span class='ocrx_word' id='word_1_129' title='bbox 838 1220 987 1244; x_wconf 86' lang='lat' dir='ltr'><em>errare.</em></span> <span class='ocrx_word' id='word_1_130' title='bbox 1030 1208 1137 1243; x_wconf 89' lang='lat' dir='ltr'><em>Unde</em></span> <span class='ocrx_word' id='word_1_131' title='bbox 1182 1208 1380 1244; x_wconf 88' lang='lat' dir='ltr'><em>dominum</em></span> <span class='ocrx_word' id='word_1_132' title='bbox 1414 1208 1554 1256; x_wconf 82' lang='lat' dir='ltr'><em>absque</em></span> <span class='ocrx_word' id='word_1_133' title='bbox 1587 1206 1727 1243; x_wconf 88' lang='lat' dir='ltr'><em>virtute</em></span> <span class='ocrx_word' id='word_1_134' title='bbox 1746 1205 1844 1255; x_wconf 87' lang='lat' dir='ltr'><em>fieri</em></span> 
     </span>
     <span class='ocr_line' id='line_1_18' title="bbox 519 1264 1840 1315; baseline -0.003 -13"><span class='ocrx_word' id='word_1_135' title='bbox 519 1279 592 1302; x_wconf 85' lang='lat' dir='ltr'><em>non</em></span> <span class='ocrx_word' id='word_1_136' title='bbox 627 1267 747 1314; x_wconf 82' lang='lat' dir='ltr'><em>decet,</em></span> <span class='ocrx_word' id='word_1_137' title='bbox 772 1279 883 1315; x_wconf 84' lang='lat' dir='ltr'><em>quam</em></span> <span class='ocrx_word' id='word_1_138' title='bbox 909 1266 1089 1302; x_wconf 88' lang='lat' dir='ltr'><em>virtutem</em></span> <span class='ocrx_word' id='word_1_139' title='bbox 1113 1266 1193 1302; x_wconf 85' lang='lat' dir='ltr'><em>sine</em></span> <span class='ocrx_word' id='word_1_140' title='bbox 1212 1266 1288 1302; x_wconf 90' lang='lat' dir='ltr'><em>Dei</em></span> <span class='ocrx_word' id='word_1_141' title='bbox 1308 1266 1456 1302; x_wconf 88' lang='lat' dir='ltr'><em>auxilio</em></span> <span class='ocrx_word' id='word_1_142' title='bbox 1481 1265 1697 1301; x_wconf 87' lang='lat' dir='ltr'><em>nullatenus</em></span> <span class='ocrx_word' id='word_1_143' title='bbox 1718 1264 1840 1299; x_wconf 87' lang='lat' dir='ltr'><em>habet.</em></span> 
     </span>
     <span class='ocr_line' id='line_1_19' title="bbox 526 1321 1842 1372; baseline -0.002 -13"><span class='ocrx_word' id='word_1_144' title='bbox 526 1325 602 1369; x_wconf 83' lang='lat' dir='ltr'><em>Qui</em></span> <span class='ocrx_word' id='word_1_145' title='bbox 629 1325 725 1360; x_wconf 86' lang='lat' dir='ltr'><em>enim</em></span> <span class='ocrx_word' id='word_1_146' title='bbox 757 1325 876 1360; x_wconf 89' lang='lat' dir='ltr'><em>multa</em></span> <span class='ocrx_word' id='word_1_147' title='bbox 900 1331 1041 1370; x_wconf 85' lang='lat' dir='ltr'><em>tuetur,</em></span> <span class='ocrx_word' id='word_1_148' title='bbox 1075 1324 1107 1360; x_wconf 88' lang='lat' dir='ltr'><em>si</em></span> <span class='ocrx_word' id='word_1_149' title='bbox 1138 1337 1210 1360; x_wconf 88' lang='lat' dir='ltr'><em>non</em></span> <span class='ocrx_word' id='word_1_150' title='bbox 1241 1324 1378 1360; x_wconf 84' lang='lat' dir='ltr'><em>habeat</em></span> <span class='ocrx_word' id='word_1_151' title='bbox 1401 1323 1678 1372; x_wconf 86' lang='lat' dir='ltr'><em>fortitudinem</em></span> <span class='ocrx_word' id='word_1_152' title='bbox 1714 1321 1842 1368; x_wconf 85' lang='lat' dir='ltr'><em>animi,</em></span> 
     </span>
     <span class='ocr_line' id='line_1_20' title="bbox 520 1380 1843 1433; baseline -0.003 -15"><span class='ocrx_word' id='word_1_153' title='bbox 520 1396 592 1420; x_wconf 90' lang='lat' dir='ltr'><em>non</em></span> <span class='ocrx_word' id='word_1_154' title='bbox 627 1383 727 1418; x_wconf 88' lang='lat' dir='ltr'><em>valet</em></span> <span class='ocrx_word' id='word_1_155' title='bbox 771 1383 869 1418; x_wconf 87' lang='lat' dir='ltr'><em>illud</em></span> <span class='ocrx_word' id='word_1_156' title='bbox 912 1395 1046 1433; x_wconf 77' lang='lat' dir='ltr'><em>agere,</em></span> <span class='ocrx_word' id='word_1_157' title='bbox 1093 1383 1271 1431; x_wconf 81' lang='lat' dir='ltr'><em>quoniam</em></span> <span class='ocrx_word' id='word_1_158' title='bbox 1316 1394 1461 1432; x_wconf 79' lang='lat' dir='ltr'><em>magna</em></span> <span class='ocrx_word' id='word_1_159' title='bbox 1496 1381 1651 1431; x_wconf 77' lang='lat' dir='ltr'><em>magnis</em></span> <span class='ocrx_word' id='word_1_160' title='bbox 1683 1380 1843 1428; x_wconf 89' lang='lat' dir='ltr'><em>infesta-</em></span> 
     </span>
     <span class='ocr_line' id='line_1_21' title="bbox 520 1438 1904 1488; baseline -0.004 -12"><span class='ocrx_word' id='word_1_161' title='bbox 520 1441 689 1477; x_wconf 78' lang='lat' dir='ltr'><em>cionibus</em></span> <span class='ocrx_word' id='word_1_162' title='bbox 722 1441 783 1477; x_wconf 87' lang='lat' dir='ltr'><em>vel</em></span> <span class='ocrx_word' id='word_1_163' title='bbox 825 1441 1126 1477; x_wconf 76' lang='lat' dir='ltr'><em>adversitatibus</em></span> <span class='ocrx_word' id='word_1_164' title='bbox 1158 1441 1281 1477; x_wconf 86' lang='lat' dir='ltr'><em>solent</em></span> <span class='ocrx_word' id='word_1_165' title='bbox 1315 1440 1508 1476; x_wconf 89' lang='lat' dir='ltr'><em>laborare.</em></span> <span class='ocrx_word' id='word_1_166' title='bbox 1556 1439 1690 1475; x_wconf 85' lang='lat' dir='ltr'><em>Omnis</em></span> <span class='ocrx_word' id='word_1_167' title='bbox 1722 1438 1845 1488; x_wconf 75' lang='lat' dir='ltr'><em>igitur</em></span> <span class='ocrx_word' id='word_1_168' title='bbox 1861 1451 1904 1472; x_wconf 81' lang='lat'><em>20</em></span> 
     </span>
     <span class='ocr_line' id='line_1_22' title="bbox 520 1497 1844 1548; baseline -0.003 -14"><span class='ocrx_word' id='word_1_169' title='bbox 520 1499 583 1548; x_wconf 79' lang='lat' dir='ltr'><em>qui</em></span> <span class='ocrx_word' id='word_1_170' title='bbox 608 1506 753 1548; x_wconf 77' lang='lat' dir='ltr'><em>preest,</em></span> <span class='ocrx_word' id='word_1_171' title='bbox 799 1499 870 1535; x_wconf 81' lang='lat' dir='ltr'><em>hoc</em></span> <span class='ocrx_word' id='word_1_172' title='bbox 898 1499 1082 1548; x_wconf 85' lang='lat' dir='ltr'><em>primitus</em></span> <span class='ocrx_word' id='word_1_173' title='bbox 1125 1505 1204 1535; x_wconf 87' lang='lat' dir='ltr'><em>tota</em></span> <span class='ocrx_word' id='word_1_174' title='bbox 1249 1498 1368 1534; x_wconf 90' lang='lat' dir='ltr'><em>animi</em></span> <span class='ocrx_word' id='word_1_175' title='bbox 1405 1497 1615 1534; x_wconf 87' lang='lat' dir='ltr'><em>intencione</em></span> <span class='ocrx_word' id='word_1_176' title='bbox 1643 1502 1844 1546; x_wconf 83' lang='lat' dir='ltr'><em>procuret,</em></span> 
     </span>
     <span class='ocr_line' id='line_1_23' title="bbox 522 1553 1846 1606; baseline -0.003 -14"><span class='ocrx_word' id='word_1_177' title='bbox 522 1565 561 1592; x_wconf 91' lang='lat' dir='ltr'><em>ut</em></span> <span class='ocrx_word' id='word_1_178' title='bbox 589 1570 664 1606; x_wconf 88' lang='lat' dir='ltr'><em>per</em></span> <span class='ocrx_word' id='word_1_179' title='bbox 707 1557 834 1593; x_wconf 85' lang='lat' dir='ltr'><em>onznia</em></span> <span class='ocrx_word' id='word_1_180' title='bbox 882 1558 928 1593; x_wconf 91' lang='lat' dir='ltr'><em>de</em></span> <span class='ocrx_word' id='word_1_181' title='bbox 960 1557 1036 1593; x_wconf 89' lang='lat' dir='ltr'><em>Dei</em></span> <span class='ocrx_word' id='word_1_182' title='bbox 1079 1557 1273 1593; x_wconf 86' lang='lat' dir='ltr'><em>adiutorio</em></span> <span class='ocrx_word' id='word_1_183' title='bbox 1319 1556 1470 1592; x_wconf 87' lang='lat' dir='ltr'><em>omnino</em></span> <span class='ocrx_word' id='word_1_184' title='bbox 1504 1568 1577 1591; x_wconf 89' lang='lat' dir='ltr'><em>non</em></span> <span class='ocrx_word' id='word_1_185' title='bbox 1613 1555 1766 1590; x_wconf 90' lang='lat' dir='ltr'><em>dubitet.</em></span> <span class='ocrx_word' id='word_1_186' title='bbox 1803 1553 1846 1588; x_wconf 88' lang='lat' dir='ltr'><em>Si</em></span> 
     </span>
     <span class='ocr_line' id='line_1_24' title="bbox 523 1612 1846 1664; baseline -0.002 -14"><span class='ocrx_word' id='word_1_187' title='bbox 523 1627 685 1664; x_wconf 77' lang='lat' dir='ltr'><em>namque</em></span> <span class='ocrx_word' id='word_1_188' title='bbox 717 1616 861 1664; x_wconf 85' lang='lat' dir='ltr'><em>ceperit</em></span> <span class='ocrx_word' id='word_1_189' title='bbox 904 1615 939 1650; x_wconf 88' lang='lat' dir='ltr'><em>in</em></span> <span class='ocrx_word' id='word_1_190' title='bbox 979 1615 1125 1651; x_wconf 88' lang='lat' dir='ltr'><em>actibus</em></span> <span class='ocrx_word' id='word_1_191' title='bbox 1169 1615 1248 1651; x_wconf 88' lang='lat' dir='ltr'><em>suis</em></span> <span class='ocrx_word' id='word_1_192' title='bbox 1279 1615 1555 1651; x_wconf 83' lang='lat' dir='ltr'><em>auxiliatorem</em></span> <span class='ocrx_word' id='word_1_193' title='bbox 1590 1614 1733 1649; x_wconf 85' lang='lat' dir='ltr'><em>habere</em></span> <span class='ocrx_word' id='word_1_194' title='bbox 1765 1612 1846 1647; x_wconf 86' lang='lat' dir='ltr'><em>Do-</em></span> 
     </span>
     <span class='ocr_line' id='line_1_25' title="bbox 524 1670 1847 1721; baseline -0.002 -13"><span class='ocrx_word' id='word_1_195' title='bbox 524 1674 665 1709; x_wconf 85' lang='lat' dir='ltr'><em>minum</em></span> <span class='ocrx_word' id='word_1_196' title='bbox 701 1674 959 1720; x_wconf 85' lang='lat' dir='ltr'><em>dominorum,</em></span> <span class='ocrx_word' id='word_1_197' title='bbox 1005 1674 1134 1709; x_wconf 84' lang='lat' dir='ltr'><em>nullus</em></span> <span class='ocrx_word' id='word_1_198' title='bbox 1179 1673 1374 1709; x_wconf 80' lang='lat' dir='ltr'><em>hominum</em></span> <span class='ocrx_word' id='word_1_199' title='bbox 1408 1679 1664 1721; x_wconf 86' lang='lat' dir='ltr'><em>contemptum</em></span> <span class='ocrx_word' id='word_1_200' title='bbox 1705 1670 1847 1706; x_wconf 88' lang='lat' dir='ltr'><em>habere</em></span> 
     </span>
     <span class='ocr_line' id='line_1_26' title="bbox 518 1729 1904 1781; baseline -0.002 -14"><span class='ocrx_word' id='word_1_201' title='bbox 518 1732 664 1781; x_wconf 86' lang='lat' dir='ltr'><em>poterit</em></span> <span class='ocrx_word' id='word_1_202' title='bbox 696 1732 775 1767; x_wconf 89' lang='lat' dir='ltr'><em>eius</em></span> <span class='ocrx_word' id='word_1_203' title='bbox 808 1732 1056 1768; x_wconf 86' lang='lat' dir='ltr'><em>dominatum.</em></span> <span class='ocrx_word' id='word_1_204' title='bbox 1094 1731 1180 1767; x_wconf 86' lang='lat' dir='ltr'><em>Non</em></span> <span class='ocrx_word' id='word_1_205' title='bbox 1204 1731 1301 1767; x_wconf 83' lang='lat' dir='ltr'><em>enim</em></span> <span class='ocrx_word' id='word_1_206' title='bbox 1324 1738 1379 1767; x_wconf 89' lang='lat' dir='ltr'><em>est</em></span> <span class='ocrx_word' id='word_1_207' title='bbox 1407 1737 1578 1779; x_wconf 83' lang='lat' dir='ltr'><em>potestas</em></span> <span class='ocrx_word' id='word_1_208' title='bbox 1610 1729 1682 1765; x_wconf 88' lang='lat' dir='ltr'><em>nisi</em></span> <span class='ocrx_word' id='word_1_209' title='bbox 1702 1742 1723 1764; x_wconf 88' lang='lat' dir='ltr'><em>a</em></span> <span class='ocrx_word' id='word_1_210' title='bbox 1749 1729 1843 1764; x_wconf 89' lang='lat' dir='ltr'><em>Deo.</em></span> <span class='ocrx_word' id='word_1_211' title='bbox 1863 1732 1904 1764; x_wconf 84' lang='lat'><em>25</em></span> 
     </span>
     <span class='ocr_line' id='line_1_27' title="bbox 523 1787 1846 1839; baseline -0.005 -13"><span class='ocrx_word' id='word_1_212' title='bbox 523 1791 610 1838; x_wconf 85' lang='lat' dir='ltr'><em>Ipse</em></span> <span class='ocrx_word' id='word_1_213' title='bbox 642 1791 739 1825; x_wconf 87' lang='lat' dir='ltr'><em>enim</em></span> <span class='ocrx_word' id='word_1_214' title='bbox 773 1791 896 1826; x_wconf 87' lang='lat' dir='ltr'><em>elevat</em></span> <span class='ocrx_word' id='word_1_215' title='bbox 929 1790 974 1825; x_wconf 92' lang='lat' dir='ltr'><em>de</em></span> <span class='ocrx_word' id='word_1_216' title='bbox 1002 1797 1176 1825; x_wconf 86' lang='lat' dir='ltr'><em>stercore</em></span> <span class='ocrx_word' id='word_1_217' title='bbox 1205 1802 1368 1839; x_wconf 72' lang='lat' dir='ltr'><em>egenum</em></span> <span class='ocrx_word' id='word_1_218' title='bbox 1401 1796 1435 1824; x_wconf 88' lang='lat' dir='ltr'><em>et</em></span> <span class='ocrx_word' id='word_1_219' title='bbox 1465 1789 1600 1825; x_wconf 87' lang='lat' dir='ltr'><em>sedere</em></span> <span class='ocrx_word' id='word_1_220' title='bbox 1623 1787 1729 1836; x_wconf 85' lang='lat' dir='ltr'><em>facit</em></span> <span class='ocrx_word' id='word_1_221' title='bbox 1762 1798 1846 1821; x_wconf 88' lang='lat' dir='ltr'><em>cum</em></span> 
     </span>
     <span class='ocr_line' id='line_1_28' title="bbox 521 1844 1849 1897; baseline -0.003 -14"><span class='ocrx_word' id='word_1_222' title='bbox 521 1848 762 1897; x_wconf 79' lang='lat' dir='ltr'><em>principilms</em></span> <span class='ocrx_word' id='word_1_223' title='bbox 781 1848 919 1897; x_wconf 77' lang='lat' dir='ltr'><em>populi</em></span> <span class='ocrx_word' id='word_1_224' title='bbox 938 1848 1009 1890; x_wconf 80' lang='lat' dir='ltr'><em>sui,</em></span> <span class='ocrx_word' id='word_1_225' title='bbox 1036 1855 1070 1883; x_wconf 90' lang='lat' dir='ltr'><em>et</em></span> <span class='ocrx_word' id='word_1_226' title='bbox 1088 1855 1262 1896; x_wconf 84' lang='lat' dir='ltr'><em>potentes</em></span> <span class='ocrx_word' id='word_1_227' title='bbox 1287 1847 1440 1895; x_wconf 85' lang='lat' dir='ltr'><em>deponit</em></span> <span class='ocrx_word' id='word_1_228' title='bbox 1463 1847 1509 1882; x_wconf 89' lang='lat' dir='ltr'><em>de</em></span> <span class='ocrx_word' id='word_1_229' title='bbox 1531 1846 1620 1882; x_wconf 87' lang='lat' dir='ltr'><em>sede</em></span> <span class='ocrx_word' id='word_1_230' title='bbox 1642 1852 1676 1881; x_wconf 88' lang='lat' dir='ltr'><em>et</em></span> <span class='ocrx_word' id='word_1_231' title='bbox 1699 1844 1849 1881; x_wconf 84' lang='lat' dir='ltr'><em>exaltat</em></span> 
     </span>
     <span class='ocr_line' id='line_1_29' title="bbox 528 1903 1849 1955; baseline -0.003 -14"><span class='ocrx_word' id='word_1_232' title='bbox 528 1907 701 1949; x_wconf 80' lang='lat' dir='ltr'><em>humiles,</em></span> <span class='ocrx_word' id='word_1_233' title='bbox 748 1914 787 1941; x_wconf 88' lang='lat' dir='ltr'><em>ut</em></span> <span class='ocrx_word' id='word_1_234' title='bbox 833 1906 1006 1941; x_wconf 83' lang='lat' dir='ltr'><em>subditus</em></span> <span class='ocrx_word' id='word_1_235' title='bbox 1037 1906 1115 1955; x_wconf 83' lang='lat' dir='ltr'><em>fiat</em></span> <span class='ocrx_word' id='word_1_236' title='bbox 1160 1906 1283 1942; x_wconf 88' lang='lat' dir='ltr'><em>omnis</em></span> <span class='ocrx_word' id='word_1_237' title='bbox 1327 1905 1493 1941; x_wconf 87' lang='lat' dir='ltr'><em>mundus</em></span> <span class='ocrx_word' id='word_1_238' title='bbox 1536 1903 1621 1940; x_wconf 90' lang='lat' dir='ltr'><em>Deo</em></span> <span class='ocrx_word' id='word_1_239' title='bbox 1670 1910 1705 1939; x_wconf 90' lang='lat' dir='ltr'><em>et</em></span> <span class='ocrx_word' id='word_1_240' title='bbox 1737 1908 1849 1952; x_wconf 79' lang='lat' dir='ltr'><em>egeat</em></span> 
     </span>
     <span class='ocr_line' id='line_1_30' title="bbox 530 1963 940 2014; baseline -0.002 -14"><span class='ocrx_word' id='word_1_241' title='bbox 530 1965 655 2000; x_wconf 83' lang='lat' dir='ltr'><em>omnis</em></span> <span class='ocrx_word' id='word_1_242' title='bbox 686 1965 819 2014; x_wconf 74' lang='lat' dir='ltr'><em>gloria</em></span> <span class='ocrx_word' id='word_1_243' title='bbox 853 1963 940 2001; x_wconf 83' lang='lat' dir='ltr'><em>Dei.</em></span> 
     </span>
    </p>
   </div>
   <div class='ocr_carea' id='block_1_3' title="bbox 1048 2098 1909 2140">
    <p class='ocr_par' dir='ltr' id='par_1_3' title="bbox 1048 2098 1909 2140">
     <span class='ocr_line' id='line_1_31' title="bbox 1048 2098 1909 2140; baseline -0.006 0"><span class='ocrx_word' id='word_1_244' title='bbox 1048 2099 1186 2140; x_wconf 82' lang='lat' dir='ltr'><strong>CAP.</strong></span> <span class='ocrx_word' id='word_1_245' title='bbox 1221 2098 1334 2139; x_wconf 85' lang='lat' dir='ltr'>XII.</span> <span class='ocrx_word' id='word_1_246' title='bbox 1867 2104 1909 2137; x_wconf 75' lang='lat'><em>30</em></span> 
     </span>
    </p>
   </div>
   <div class='ocr_carea' id='block_1_4' title="bbox 252 2216 1852 2287">
    <p class='ocr_par' dir='ltr' id='par_1_4' title="bbox 252 2216 1852 2287">
     <span class='ocr_line' id='line_1_32' title="bbox 252 2216 1852 2287; baseline -0.005 -29"><span class='ocrx_word' id='word_1_247' title='bbox 252 2220 491 2287; x_wconf 39' lang='lat' dir='ltr'><em>cliiissstpsinzffisifu</em></span> <span class='ocrx_word' id='word_1_248' title='bbox 597 2222 695 2257; x_wconf 79' lang='lat' dir='ltr'><em>Cum</em></span> <span class='ocrx_word' id='word_1_249' title='bbox 723 2220 904 2256; x_wconf 70' lang='lat' dir='ltr'><em>Christus</em></span> <span class='ocrx_word' id='word_1_250' title='bbox 928 2219 1067 2256; x_wconf 69' lang='lat' dir='ltr'><em>asserit</em></span> <span class='ocrx_word' id='word_1_251' title='bbox 1094 2221 1197 2255; x_wconf 80' lang='lat' dir='ltr'><em>Luce</em></span> <span class='ocrx_word' id='word_1_252' title='bbox 1212 2219 1311 2264; x_wconf 75' lang='lat' dir='ltr'>XIX,</span> <span class='ocrx_word' id='word_1_253' title='bbox 1336 2231 1387 2263; x_wconf 78' lang='lat'><em>40</em></span> <span class='ocrx_word' id='word_1_254' title='bbox 1407 2218 1514 2264; x_wconf 86' lang='lat' dir='ltr'><em>quod</em></span> <span class='ocrx_word' id='word_1_255' title='bbox 1539 2217 1687 2265; x_wconf 86' lang='lat' dir='ltr'><em>lapides</em></span> <span class='ocrx_word' id='word_1_256' title='bbox 1708 2216 1852 2251; x_wconf 86' lang='lat' dir='ltr'><em>clama-</em></span> 
     </span>
    </p>
   </div>
   <div class='ocr_carea' id='block_1_5' title="bbox 249 2263 1910 2560">
    <p class='ocr_par' dir='ltr' id='par_1_5' title="bbox 258 2263 1851 2326">
     <span class='ocr_line' id='line_1_33' title="bbox 258 2263 1851 2326; baseline -0.005 -9"><span class='ocrx_word' id='word_1_257' title='bbox 258 2291 388 2317; x_wconf 68' lang='lat' dir='ltr'><em>matthe</em></span> <span class='ocrx_word' id='word_1_258' title='bbox 409 2263 514 2316; x_wconf 36' lang='lat' dir='ltr'><em>stone&amp;T</em></span> <span class='ocrx_word' id='word_1_259' title='bbox 539 2279 628 2314; x_wconf 87' lang='lat' dir='ltr'><em>bunt</em></span> <span class='ocrx_word' id='word_1_260' title='bbox 662 2288 697 2314; x_wconf 81' lang='lat' dir='ltr'><em>et</em></span> <span class='ocrx_word' id='word_1_261' title='bbox 743 2279 840 2314; x_wconf 82' lang='lat' dir='ltr'><em>illud</em></span> <span class='ocrx_word' id='word_1_262' title='bbox 886 2277 1051 2326; x_wconf 75' lang='lat' dir='ltr'><em>quidam</em></span> <span class='ocrx_word' id='word_1_263' title='bbox 1098 2277 1301 2313; x_wconf 77' lang='lat' dir='ltr'><em>evidenter</em></span> <span class='ocrx_word' id='word_1_264' title='bbox 1347 2275 1575 2323; x_wconf 81' lang='lat' dir='ltr'><em>intelligunt</em></span> <span class='ocrx_word' id='word_1_265' title='bbox 1610 2275 1717 2322; x_wconf 87' lang='lat' dir='ltr'><em>quod</em></span> <span class='ocrx_word' id='word_1_266' title='bbox 1751 2281 1851 2309; x_wconf 79' lang='lat' dir='ltr'><em>tem—</em></span> 
     </span>
    </p>

    <p class='ocr_par' dir='ltr' id='par_1_6' title="bbox 249 2326 1910 2560">
     <span class='ocr_line' id='line_1_34' title="bbox 249 2326 1853 2384; baseline -0.005 -10"><span class='ocrx_word' id='word_1_267' title='bbox 249 2326 351 2352; x_wconf 69' lang='lat' dir='ltr'><em>would</em></span> <span class='ocrx_word' id='word_1_268' title='bbox 373 2333 425 2359; x_wconf 54' lang='grc' dir='ltr'><em>ΠΥ</em></span> <span class='ocrx_word' id='word_1_269' title='bbox 446 2329 510 2350; x_wconf 67' lang='lat'><strong>⁰¹¹¹*</strong></span> <span class='ocrx_word' id='word_1_270' title='bbox 538 2338 696 2384; x_wconf 75' lang='lat' dir='ltr'><em>porales</em></span> <span class='ocrx_word' id='word_1_271' title='bbox 720 2336 870 2372; x_wconf 77' lang='lat' dir='ltr'><em>domini</em></span> <span class='ocrx_word' id='word_1_272' title='bbox 898 2336 1030 2372; x_wconf 77' lang='lat' dir='ltr'><em>dicent</em></span> <span class='ocrx_word' id='word_1_273' title='bbox 1055 2344 1091 2371; x_wconf 81' lang='lat' dir='ltr'><em>et</em></span> <span class='ocrx_word' id='word_1_274' title='bbox 1115 2335 1328 2371; x_wconf 81' lang='lat' dir='ltr'><em>defendent</em></span> <span class='ocrx_word' id='word_1_275' title='bbox 1362 2333 1434 2369; x_wconf 81' lang='lat' dir='ltr'><em>Dei</em></span> <span class='ocrx_word' id='word_1_276' title='bbox 1464 2333 1677 2379; x_wconf 79' lang='lat' dir='ltr'><em>iusticiam,</em></span> <span class='ocrx_word' id='word_1_277' title='bbox 1696 2331 1853 2368; x_wconf 84' lang='lat' dir='ltr'><em>videtur</em></span> 
     </span>
     <span class='ocr_line' id='line_1_35' title="bbox 538 2392 1853 2441; baseline -0.005 -10"><span class='ocrx_word' id='word_1_278' title='bbox 538 2408 620 2431; x_wconf 71' lang='lat' dir='ltr'><em>esse</em></span> <span class='ocrx_word' id='word_1_279' title='bbox 654 2397 701 2431; x_wconf 78' lang='lat' dir='ltr'><em>de</em></span> <span class='ocrx_word' id='word_1_280' title='bbox 741 2395 813 2431; x_wconf 79' lang='lat' dir='ltr'><em>ista</em></span> <span class='ocrx_word' id='word_1_281' title='bbox 862 2394 1029 2430; x_wconf 73' lang='lat' dir='ltr'><em>materia</em></span> <span class='ocrx_word' id='word_1_282' title='bbox 1078 2393 1284 2441; x_wconf 79' lang='lat' dir='ltr'><em>paululum</em></span> <span class='ocrx_word' id='word_1_283' title='bbox 1320 2392 1610 2428; x_wconf 78' lang='lat' dir='ltr'><em>disserendum.</em></span> <span class='ocrx_word' id='word_1_284' title='bbox 1674 2392 1774 2426; x_wconf 85' lang='lat' dir='ltr'><em>Nam</em></span> <span class='ocrx_word' id='word_1_285' title='bbox 1809 2401 1853 2425; x_wconf 86' lang='lat' dir='ltr'><em>ex</em></span> 
     </span>
     <span class='ocr_line' id='line_1_36' title="bbox 537 2449 1910 2501; baseline -0.004 -13"><span class='ocrx_word' id='word_1_286' title='bbox 537 2453 611 2489; x_wconf 74' lang='lat' dir='ltr'><em>fide</em></span> <span class='ocrx_word' id='word_1_287' title='bbox 658 2453 884 2501; x_wconf 74' lang='lat' dir='ltr'><em>coneipitur</em></span> <span class='ocrx_word' id='word_1_288' title='bbox 927 2455 985 2497; x_wconf 86' lang='lat' dir='ltr'><em>(ut</em></span> <span class='ocrx_word' id='word_1_289' title='bbox 1032 2451 1276 2499; x_wconf 78' lang='lat' dir='ltr'><em>Augustinus</em></span> <span class='ocrx_word' id='word_1_290' title='bbox 1310 2450 1372 2486; x_wconf 85' lang='lat' dir='ltr'><em>hic</em></span> <span class='ocrx_word' id='word_1_291' title='bbox 1406 2449 1562 2496; x_wconf 83' lang='lat' dir='ltr'><em>asserit)</em></span> <span class='ocrx_word' id='word_1_292' title='bbox 1596 2450 1704 2497; x_wconf 90' lang='lat' dir='ltr'><em>quod</em></span> <span class='ocrx_word' id='word_1_293' title='bbox 1737 2459 1854 2496; x_wconf 81' lang='lat' dir='ltr'><em>neque</em></span> <span class='ocrx_word' id='word_1_294' title='bbox 1870 2450 1910 2483; x_wconf 79' lang='lat'><em>35</em></span> 
     </span>
     <span class='ocr_line' id='line_1_37' title="bbox 531 2506 1854 2560; baseline -0.004 -15"><span class='ocrx_word' id='word_1_295' title='bbox 531 2519 703 2560; x_wconf 74' lang='lat' dir='ltr'><em>potestas</em></span> <span class='ocrx_word' id='word_1_296' title='bbox 748 2523 865 2559; x_wconf 75' lang='lat' dir='ltr'><em>neque</em></span> <span class='ocrx_word' id='word_1_297' title='bbox 908 2510 1115 2547; x_wconf 84' lang='lat' dir='ltr'><em>dominium</em></span> <span class='ocrx_word' id='word_1_298' title='bbox 1156 2510 1250 2545; x_wconf 88' lang='lat' dir='ltr'><em>inest</em></span> <span class='ocrx_word' id='word_1_299' title='bbox 1282 2508 1427 2544; x_wconf 80' lang='lat' dir='ltr'><em>homini</em></span> <span class='ocrx_word' id='word_1_300' title='bbox 1457 2508 1517 2543; x_wconf 82' lang='lat' dir='ltr'><em>lzic</em></span> <span class='ocrx_word' id='word_1_301' title='bbox 1550 2506 1679 2554; x_wconf 81' lang='lat' dir='ltr'><em>vianti,</em></span> <span class='ocrx_word' id='word_1_302' title='bbox 1712 2506 1785 2542; x_wconf 85' lang='lat' dir='ltr'><em>nisi</em></span> <span class='ocrx_word' id='word_1_303' title='bbox 1815 2512 1854 2540; x_wconf 90' lang='lat' dir='ltr'><em>ut</em></span> 
     </span>
    </p>
   </div>
   <div class='ocr_carea' id='block_1_6' title="bbox 538 2685 1851 2760">
    <p class='ocr_par' dir='ltr' id='par_1_7' title="bbox 538 2685 1851 2760">
     <span class='ocr_line' id='line_1_38' title="bbox 608 2685 1851 2723; baseline -0.005 -6"><span class='ocrx_word' id='word_1_304' title='bbox 608 2692 636 2717; x_wconf 75' lang='grc' dir='ltr'><em>Γ».</em></span> <span class='ocrx_word' id='word_1_305' title='bbox 658 2691 701 2717; x_wconf 73' lang='lat' dir='ltr'><em>A:</em></span> <span class='ocrx_word' id='word_1_306' title='bbox 723 2690 858 2717; x_wconf 69' lang='lat' dir='ltr'><em>donavit.</em></span> <span class='ocrx_word' id='word_1_307' title='bbox 987 2690 1025 2716; x_wconf 58' lang='lat'><em>18,</em></span> <span class='ocrx_word' id='word_1_308' title='bbox 1048 2691 1074 2716; x_wconf 95' lang='grc' dir='ltr'>Λ</span> <span class='ocrx_word' id='word_1_309' title='bbox 1096 2689 1125 2715; x_wconf 75' lang='lat' dir='ltr'><em>In</em></span> <span class='ocrx_word' id='word_1_310' title='bbox 1149 2697 1261 2723; x_wconf 41' lang='lat' dir='ltr'><em>marga</em></span> <span class='ocrx_word' id='word_1_311' title='bbox 1291 2687 1381 2716; x_wconf 78' lang='lat' dir='ltr'><em>Nola.</em></span> <span class='ocrx_word' id='word_1_312' title='bbox 1509 2685 1551 2714; x_wconf 79' lang='lat'><em>32.</em></span> <span class='ocrx_word' id='word_1_313' title='bbox 1574 2686 1692 2714; x_wconf 79' lang='lat' dir='ltr'><em>Codd.:</em></span> <span class='ocrx_word' id='word_1_314' title='bbox 1720 2685 1851 2721; x_wconf 76' lang='lat' dir='ltr'><em>quidem.</em></span> 
     </span>
     <span class='ocr_line' id='line_1_39' title="bbox 538 2725 1055 2760; baseline -0.006 -7"><span class='ocrx_word' id='word_1_315' title='bbox 538 2725 596 2753; x_wconf 49' lang='lat'><em>35:</em></span> <span class='ocrx_word' id='word_1_316' title='bbox 620 2728 642 2752; x_wconf 86' lang='grc' dir='ltr'>Λ</span> <span class='ocrx_word' id='word_1_317' title='bbox 668 2726 695 2751; x_wconf 75' lang='lat' dir='ltr'><em>iu</em></span> <span class='ocrx_word' id='word_1_318' title='bbox 720 2734 831 2758; x_wconf 31' lang='lat' dir='ltr'><em>runs-gn:</em></span> <span class='ocrx_word' id='word_1_319' title='bbox 854 2725 1055 2760; x_wconf 65' lang='lat' dir='ltr'><em>Augustinus.</em></span> 
     </span>
    </p>
   </div>
   <div class='ocr_carea' id='block_1_7' title="bbox 540 2806 1854 2895">
    <p class='ocr_par' dir='ltr' id='par_1_8' title="bbox 540 2806 1854 2895">
     <span class='ocr_line' id='line_1_40' title="bbox 610 2806 1854 2849; baseline -0.005 -8"><span class='ocrx_word' id='word_1_320' title='bbox 610 2821 638 2841; x_wconf 84' lang='lat'><em>2.</em></span> <span class='ocrx_word' id='word_1_321' title='bbox 659 2811 680 2840; x_wconf 92' lang='lat' dir='ltr'><em>I.</em></span> <span class='ocrx_word' id='word_1_322' title='bbox 700 2811 786 2849; x_wconf 47' lang='grc' dir='ltr'><em>Καρ.</em></span> <span class='ocrx_word' id='word_1_323' title='bbox 806 2811 878 2849; x_wconf 83' lang='lat' dir='ltr'><em>XV,</em></span> <span class='ocrx_word' id='word_1_324' title='bbox 904 2820 953 2840; x_wconf 79' lang='lat'><em>11.</em></span> <span class='ocrx_word' id='word_1_325' title='bbox 1050 2817 1081 2848; x_wconf 89' lang='lat'><em>4.</em></span> <span class='ocrx_word' id='word_1_326' title='bbox 1102 2809 1156 2839; x_wconf 90' lang='lat' dir='ltr'>III.</span> <span class='ocrx_word' id='word_1_327' title='bbox 1175 2809 1260 2849; x_wconf 78' lang='lat' dir='ltr'><em>Reg.</em></span> <span class='ocrx_word' id='word_1_328' title='bbox 1281 2808 1333 2847; x_wconf 86' lang='lat' dir='ltr'>III,</span> <span class='ocrx_word' id='word_1_329' title='bbox 1359 2818 1407 2838; x_wconf 85' lang='lat'><em>12.</em></span> <span class='ocrx_word' id='word_1_330' title='bbox 1496 2817 1527 2848; x_wconf 87' lang='lat'><em>7.</em></span> <span class='ocrx_word' id='word_1_331' title='bbox 1542 2806 1596 2837; x_wconf 90' lang='lat' dir='ltr'>III.</span> <span class='ocrx_word' id='word_1_332' title='bbox 1615 2807 1700 2847; x_wconf 79' lang='lat' dir='ltr'><em>Reg.</em></span> <span class='ocrx_word' id='word_1_333' title='bbox 1714 2806 1784 2845; x_wconf 76' lang='grc' dir='ltr'>ΧΙΙ,</span> <span class='ocrx_word' id='word_1_334' title='bbox 1801 2815 1854 2847; x_wconf 87' lang='lat'><em>27.</em></span> 
     </span>
     <span class='ocr_line' id='line_1_41' title="bbox 540 2857 917 2895; baseline -0.003 -7"><span class='ocrx_word' id='word_1_335' title='bbox 540 2858 593 2888; x_wconf 81' lang='lat'><em>25.</em></span> <span class='ocrx_word' id='word_1_336' title='bbox 620 2858 722 2887; x_wconf 67' lang='lat' dir='ltr'><em>Rom.</em></span> <span class='ocrx_word' id='word_1_337' title='bbox 750 2857 836 2895; x_wconf 79' lang='lat' dir='ltr'>XIII,</span> <span class='ocrx_word' id='word_1_338' title='bbox 867 2865 917 2887; x_wconf 88' lang='lat'><em>12.</em></span> 
     </span>
    </p>
   </div>
  </div>
 </body>
</html>
