2003 3322
204 230 286 275 430
915 238 1034 269 opos
1060 238 1248 270 EVANGE
1256 238 1395 270 LICUM
1652 227 1759 281 [CAP.
1782 236 1814 264 L.

497 343 533 379 in
567 343 730 379 veritate
762 351 888 380 autem
922 344 1001 380 eius
1028 344 1155 393 pauci.
1189 344 1342 380 Deinde
1374 344 1473 380 vide.
1507 345 1706 394 Numquid
1734 345 1817 381 ovis

497 402 629 450 lupum
657 402 907 451 persequitur
939 402 1180 450 aliquando?
1211 402 1289 437 Sed
1320 403 1433 451 lupus
1465 414 1587 439 ovem.
1622 402 1685 438 Sic
1717 403 1815 438 enim

501 459 629 509 Caym
657 467 888 508 persecutus
919 467 976 495 est
1007 460 1115 509 Abel,
1149 472 1221 496 non
1254 459 1350 495 Abel
1383 460 1525 510 Caym,
1558 460 1613 495 sic
1644 460 1814 496 Ismahel

491 525 721 566 persecutus
753 524 810 553 est
841 517 965 564 Isaac,
1000 529 1073 553 non
1106 518 1217 553 Isaac
1249 518 1429 563 Ismalzel,
1462 517 1516 552 sic
1548 518 1654 553 Esau
1683 518 1815 564 Jacob,

495 587 568 611 non
614 575 733 610 Jacob
772 575 893 619 Esau,
925 575 1040 610 Judei
1077 575 1288 622 Christum,
1335 587 1407 611 non
1446 574 1627 611 Christus
1657 575 1814 621 Judeos,

497 632 658 668 heretici
687 632 937 679 christianos,
971 645 1044 668 non
1078 633 1280 668 christiani
1310 633 1511 668 hereticos.

267 699 347 726 How
367 697 419 723 the
553 688 671 740 Ergo
716 702 767 726 ex
811 702 944 726 eorum
978 691 1182 739 fructibus
1226 691 1467 740 cognoscetis
1512 702 1587 726 eos.
1643 690 1686 725 Si
1734 690 1818 739 quis

206 733 414 795 wolvkedzoaegy
437 732 471 757 be
496 748 628 796 lupum
662 748 861 796 cooperiat
893 748 1005 783 ovina
1039 749 1155 797 pelle,
1196 749 1388 797 quomodo
1427 748 1536 783 illum
1577 748 1818 798 cognoscetis

496 805 569 841 nisi
588 813 654 840 aut
678 818 754 854 per
781 818 910 842 vocem
934 813 1000 841 aut
1026 818 1102 855 per
1124 813 1265 842 actum.
1306 806 1398 842 Ovis
1427 806 1612 841 inclinata
1637 806 1817 841 deorsum

496 863 613 907 balat,
667 863 779 912 lupus
822 859 827 915 Ι
868 871 994 899 autem
1048 864 1083 899 in
1137 876 1267 899 aerem
1320 864 1510 899 convertit
1553 871 1669 912 caput
1708 876 1818 899 suum

496 928 631 957 contra
677 922 799 957 celum
845 928 880 957 et
917 922 972 957 sic
1011 922 1147 957 ululat.
1194 922 1271 965 Qui
1307 933 1404 971 ergo
1441 922 1650 957 secundum
1691 921 1818 956 Deum

497 991 627 1015 vocem
674 979 904 1015 humilitatis
941 987 977 1015 et
1014 979 1267 1028 confessionis
1310 979 1460 1025 emittit,
1506 979 1588 1015 ovis
1632 986 1698 1015 est.
1744 978 1822 1021 Qui

497 1044 624 1072 autem
663 1044 801 1072 contra
841 1037 1043 1073 veritatem
1083 1037 1334 1086 blasphemiis
1366 1038 1504 1081 ululat,
1549 1037 1636 1085 quia
1681 1044 1818 1072 contra

497 1096 636 1141 Deum,
661 1095 774 1143 lupus
796 1102 863 1131 est.
899 1095 1004 1131 Sicut
1028 1095 1119 1131 dicit
1142 1095 1338 1144 propheta
1369 1095 1416 1130 de
1443 1094 1543 1130 illis:
1575 1094 1817 1143 [niquitatem

497 1153 532 1188 in
566 1153 720 1188 excelso
755 1153 874 1188 locuti
902 1160 1008 1199 sunt3
1037 1160 1253 1202 posuerunt
1282 1153 1317 1188 in
1346 1152 1469 1189 celum
1494 1164 1536 1188 os
1566 1165 1691 1189 suum.
1728 1151 1820 1188 Ovis

497 1211 659 1246 herbam
694 1211 915 1257 manducat,
950 1211 1062 1260 lupus
1094 1211 1275 1246 carnibus
1308 1211 1535 1246 delectatur.
1576 1211 1697 1254 Quem
1722 1222 1820 1260 ergo

499 1269 644 1304 videris
693 1269 740 1304 de
778 1276 899 1317 prato
945 1269 1236 1318 scripturarum
1283 1269 1423 1304 herbas
1456 1268 1631 1318 floridas
1675 1268 1821 1304 iusticie

498 1326 759 1376 colligentem,
799 1326 882 1362 ovis
922 1334 1000 1371 est;
1044 1339 1154 1376 quem
1199 1333 1326 1362 autem
1367 1326 1512 1362 videris
1551 1327 1587 1362 in
1630 1326 1821 1376 sanguine

493 1384 781 1434 persecucionis
811 1385 1061 1434 gaudentem,
1096 1385 1210 1433 lupus
1242 1392 1309 1421 est.

223 1450 307 1478 True
329 1451 471 1477 miracles
556 1443 618 1477 Ad
649 1443 722 1478 huc
754 1449 881 1478 autem
914 1443 1119 1479 considera
1154 1442 1315 1478 virtutes
1347 1454 1442 1490 quas
1462 1442 1582 1490 facit,
1615 1442 1727 1478 utiles
1755 1449 1822 1477 aut

221 1494 272 1512 are
294 1485 461 1512 beneficent
500 1500 664 1537 inutiles.
712 1500 832 1536 Utiles
862 1508 964 1546 sunt,
996 1501 1082 1549 quia
1116 1500 1351 1536 mirabiliter
1370 1500 1476 1549 fiunt
1508 1507 1542 1535 et
1574 1500 1625 1535 ad
1655 1501 1820 1536 salutem

493 1558 717 1607 proficiunt,
749 1565 789 1593 ut
814 1566 912 1607 puta
944 1558 1122 1608 infirmos
1152 1570 1296 1594 sanare
1328 1566 1362 1593 et
1394 1558 1471 1593 alia
1504 1558 1726 1594 huiusmodi
1752 1569 1823 1606 que

489 1616 592 1664 fecit
641 1616 833 1652 Christus.
894 1617 1022 1652 Vacua
1075 1623 1202 1652 autem
1254 1623 1343 1652 sunt
1392 1627 1464 1665 que
1514 1615 1820 1652 admiracionem

499 1674 650 1722 quidem
699 1674 859 1722 faciunt
919 1674 1147 1720 videntibus,
1206 1674 1409 1709 utilitatem
1468 1681 1594 1709 autem
1655 1674 1823 1723 afferunt

500 1732 661 1778 nullam,
706 1739 746 1767 ut
781 1738 876 1780 puta
916 1732 1052 1768 volare
1085 1744 1161 1781 per
1203 1744 1347 1778 aerem,
1391 1731 1489 1767 sicut
1531 1739 1567 1768 et
1610 1731 1820 1768 Dominum

501 1790 677 1825 diabolus
710 1791 948 1836 hortatatur,
983 1797 1134 1826 statuas
1155 1790 1298 1838 facere
1328 1789 1534 1831 ambulare
1564 1796 1631 1824 aut
1663 1789 1821 1826 commi-

498 1847 602 1883 sceri
620 1847 787 1897 flamme
819 1855 854 1883 et
886 1859 959 1883 non
991 1848 1169 1884 comburi
1206 1855 1241 1883 et
1272 1847 1348 1882 alia
1386 1847 1515 1896 qualia
1550 1847 1682 1883 Simon
1705 1847 1820 1895 fecit.

501 1905 603 1941 Nam
631 1906 751 1954 plena
784 1917 904 1954 opera
937 1917 988 1941 ex
1019 1906 1104 1942 Deo
1136 1913 1237 1952 sunt,
1276 1905 1364 1955 quia
1397 1912 1432 1940 et
1464 1905 1544 1954 ipse
1576 1912 1632 1941 est
1659 1905 1822 1954 plenus,-

501 1975 624 1999 vacua
663 1970 790 1998 autem
832 1975 951 2012 opera
989 1975 1041 2000 ex
1079 1963 1247 2009 diabolo,
1291 1963 1389 1999 sicut
1427 1962 1508 2012 ipse
1546 1970 1601 1998 est
1633 1975 1754 1999 vanus
1787 1970 1822 1998 et

502 2033 656 2057 vacuus.
691 2021 792 2056 Nam
815 2021 902 2069 quia
926 2022 1089 2069 quedam
1114 2020 1311 2058 mirabilia
1324 2021 1430 2070 fiunt
1451 2032 1502 2056 ex
1525 2021 1623 2066 Deo,
1658 2021 1820 2069 quedam

500 2086 626 2114 autem
679 2090 731 2115 ex
782 2079 948 2125 diabolo,
1002 2080 1244 2115 demonstrat
1288 2079 1534 2116 Nicodemus.
1586 2078 1674 2114 Non
1720 2078 1818 2115 enim

502 2136 623 2173 dixit:
662 2137 786 2172 Nemo
822 2144 950 2186 potest
986 2137 1101 2187 signa
1125 2137 1270 2185 facere
1307 2136 1381 2173 nisi
1410 2137 1517 2172 Deus
1554 2137 1605 2172 sit
1636 2148 1721 2172 cum
1755 2136 1822 2172 illo

500 2195 569 2230 sed
608 2194 728 2230 dixit:
771 2195 895 2231 Nemo
929 2202 1058 2244 potest
1096 2195 1165 2231 hec
1202 2195 1315 2245 signa
1346 2194 1490 2243 facere
1528 2205 1598 2242 que
1635 2200 1675 2229 tu
1697 2194 1822 2242 facis,

501 2252 575 2288 nisi
603 2253 713 2288 Deus
754 2252 804 2288 sit
842 2265 927 2288 cum
967 2253 1047 2289 illo.
1096 2253 1149 2288 Et
1187 2260 1298 2288 antea
1338 2252 1489 2301 quidem
1528 2263 1580 2287 ex·
1625 2251 1696 2287 hoc
1737 2252 1821 2288 solo

1856 877 1923 906 400

1840 1155 1875 1186 15

1837 1455 1879 1476 20

1838 1735 1878 1766 25

1838 2025 1880 2058 30

502 2310 838 2360 cognoscebantur
857 2311 962 2359 salsi
978 2311 1171 2360 prophete
1193 2318 1229 2346 et
1251 2310 1345 2356 veri,
1381 2310 1416 2346 si
1442 2309 1551 2345 utilia
1573 2316 1640 2345 aut
1672 2309 1821 2345 inutilia
1838 2312 1877 2346 35

491 2368 678 2417 facerent
715 2368 844 2418 signa,
890 2381 988 2404 nunc
1032 2376 1159 2404 autem
1200 2367 1285 2417 quia
1307 2369 1495 2416 futurum
1534 2373 1590 2403 est
1628 2374 1669 2402 ut
1700 2367 1820 2404 eciam

503 2438 554 2461 ex
600 2433 718 2474 parte
768 2426 865 2461 bona
909 2426 1191 2474 faciendorum
1243 2425 1448 2475 signorum
1503 2424 1656 2460 diabolo
1708 2426 1822 2461 detur

497 2490 673 2532 potestas
706 2490 741 2519 et
772 2484 880 2519 aliud
911 2496 1075 2531 querere
1097 2484 1288 2530 debemus,
1321 2484 1466 2520 scilicet
1496 2483 1530 2519 si
1560 2483 1819 2519 necessarium

503 2549 559 2577 est
594 2542 804 2577 secundum
843 2549 993 2590 tempus
1031 2548 1097 2578 aut
1136 2554 1209 2578 non
1242 2549 1298 2577 est
1330 2541 1601 2577 necessarium.
1649 2540 1693 2576 Si
1723 2541 1820 2577 enim

574 2708 611 2736 13.
633 2710 677 2736 A:
699 2713 808 2737 contra
829 2710 906 2737 after
924 2713 1026 2737 autem
1048 2710 1150 2744 ἀρθεὶς
1172 2710 1212 2737 Η),
1234 2710 1280 2737 A:
1302 2710 1375 2745 quia
1391 2709 1486 2737 deest.
1561 2708 1597 2736 15.
1618 2709 1665 2736 A:
1682 2710 1712 2736 in
1726 2709 1821 2736 celum

503 2743 637 2806 Ζξχῖῖίίὲ.
654 2746 825 2806 inoffi-egi
848 2745 938 2771 utiles
956 2748 1027 2779 sunt
1044 2748 1109 2772 aut.
1192 2744 1236 2772 23.
1258 2746 1303 2771 A:
1327 2744 1491 2771 Chrt'stum.
1571 2742 1613 2778 33,
1633 2743 1678 2778 34.
1701 2745 1746 2771 A:
1767 2744 1823 2771 sed

580 2861 627 2892 ¹4-
644 2852 912 2892 Psalm.1.XX11,
927 2850 959 2892 8,
974 2862 1004 2894 9.
1070 2861 1122 2894 27.
1138 2851 1273 2892 Simon,
1290 2852 1308 2882 i.
1324 2862 1351 2882 e.
1368 2852 1501 2893 Magus
1559 2851 1612 2883 32.
1626 2849 1704 2882 Joh.
1720 2851 1773 2890 111,
1790 2861 1816 2882 2.
