2003 3322
161 233 238 280 39²
861 243 979 274 OPUS
1004 243 1340 275 EVANGELICUM
1568 231 1675 285 [CAP.
1699 239 1762 269 x1..

446 360 519 383 non
565 348 790 398 intelligunt
823 349 1113 396 preciositatem
1153 361 1301 394 earum,
1342 350 1410 385 sed
1448 349 1666 385 estimantes
1699 361 1763 385 eas

444 405 590 441 similes
627 418 708 442 esse
744 406 882 441 ceteris
906 407 1060 454 fabulis
1093 407 1362 451 mundialibus,
1394 407 1574 442 similiter
1606 413 1641 442 et
1673 419 1760 443 car-

447 463 596 499 nalibus
639 464 785 499 actibus
828 465 1052 500 conculcant
1106 472 1140 500 et
1179 465 1428 513 postmodum
1475 464 1653 500 conversi
1690 477 1765 514 per

446 521 742 557 inobedienciam
765 521 883 557 eciam
907 530 1091 571 rumpunt
1110 522 1330 571 prebitores
1361 522 1765 571 earum5frequenter

446 586 573 615 autem
626 586 661 615 et
711 580 969 631 scandalizati
1012 581 1047 615 in
1093 581 1146 616 eis
1193 580 1479 615 calumniantur
1523 580 1797 628 expositores5

447 649 595 681 earum,
640 637 751 686 quasi
797 638 1025 687 dogmatum
1072 650 1258 674 novorum
1312 638 1577 674 seminatores.
1630 637 1683 673 Et
1733 640 1767 673 si

446 694 586 730 talibus
615 695 771 731 canibus
793 696 968 743 qualibus
993 695 1164 731 diximus
1194 696 1347 731 dederis
1376 703 1521 741 sancta,
1554 696 1765 745 suscipiunt

446 753 556 802 quasi
592 765 707 789 canes
743 753 822 789 sine
861 753 1097 789 discrecione
1135 761 1169 789 et
1206 753 1274 789 sub
1306 754 1477 790 sordidis
1508 753 1654 789 actibus
1686 754 1765 790 suis

447 810 672 846 conculcant
715 823 757 846 ea
803 818 837 846 et
870 823 947 860 pro
992 811 1109 847 nihilo
1154 811 1373 847 estimantes
1412 823 1482 859 que
1521 819 1764 859 acceperunt,

447 869 625 904 conversi
647 869 972 918 disputacionibus
986 869 1065 905 suis
1082 869 1193 917 quasi
1207 869 1411 904 latratibus
1427 869 1764 905 irracionabilibus
1784 892 1823 913 10

449 933 632 975 rumpunt
666 927 840 963 veritatis
867 927 1170 976 predicatorem.

505 984 557 1019 Et
574 991 669 1033 puto
700 997 771 1020 non
800 985 882 1021 sine
910 985 1139 1021 racionabili
1167 985 1388 1033 differencia
1416 992 1589 1020 sanctum
1612 985 1763 1033 quidem

448 1043 603 1078 canibus
636 1043 751 1078 vetuit
784 1043 879 1078 dare
910 1043 1015 1088 solis,
1054 1042 1295 1092 margaritas
1333 1050 1459 1078 autem
1488 1042 1654 1091 precipit
1693 1055 1764 1078 non

449 1101 546 1136 dare
574 1100 717 1149 porcis.
766 1101 818 1136 Et
858 1101 904 1136 de
942 1101 1173 1150 margaritis
1206 1100 1356 1149 quidem
1385 1112 1592 1149 possumus
1625 1101 1765 1145 dicere,

449 1158 534 1206 quia
581 1158 616 1194 si
653 1159 788 1206 porcis
833 1158 933 1194 mitti
976 1166 1154 1194 vetantur
1199 1158 1323 1194 minus
1362 1158 1568 1201 inmundis,
1626 1166 1822 1206 quant015

449 1216 578 1265 magis
616 1216 772 1252 canibus
804 1216 896 1265 plus
934 1216 1157 1252 inmundis?
1205 1216 1308 1260 Quid
1345 1223 1400 1252 est
1433 1216 1562 1251 enim?
1605 1216 1650 1251 Si
1676 1217 1767 1265 plus

449 1274 641 1309 inmundis
694 1274 791 1310 dare
842 1286 914 1310 non
967 1274 1153 1319 conuenit,
1211 1274 1336 1309 minus
1396 1281 1522 1310 autem
1575 1274 1767 1310 inmundis

448 1338 612 1380 oportet,
652 1332 797 1368 idcirco
838 1344 955 1380 neque
1000 1333 1155 1368 vetitum
1201 1332 1454 1381 intelligimus
1498 1344 1616 1380 neque
1659 1344 1765 1367 man-

449 1390 596 1435 datum,
628 1390 743 1436 sorte
788 1389 876 1438 quia
912 1391 1148 1438 frequenter
1187 1397 1223 1426 et
1267 1402 1420 1425 manum
1461 1389 1692 1438 imponimus
1733 1397 1767 1425 et

448 1447 750 1483 benediccionem
797 1448 934 1483 damus
986 1448 1105 1483 eciam
1146 1460 1359 1496 porcorum
1406 1460 1513 1483 more
1557 1447 1767 1484 viventibus
1783 1469 1824 1490 20

448 1505 682 1550 christianis,
704 1518 777 1541 non
801 1505 887 1554 quia
911 1506 970 1540 illi
990 1513 1189 1541 merentur
1211 1505 1386 1554 accipere
1407 1506 1475 1541 sed
1498 1517 1566 1541 nos
1588 1517 1639 1541 ex
1662 1506 1767 1542 nobis

454 1570 589 1598 contra
630 1563 819 1599 iusticiam
860 1565 957 1599 dare
989 1576 1235 1612 usurpamus,
1268 1576 1313 1599 ne
1335 1564 1451 1612 forte
1477 1563 1629 1612 plenius
1659 1576 1766 1599 scan-

450 1621 612 1672 dalizati
634 1621 856 1669 desperent;
888 1622 972 1657 ideo
996 1622 1139 1657 iussum
1169 1633 1241 1657 non
1266 1629 1333 1667 est,
1367 1621 1468 1669 quod
1489 1621 1669 1657 iniustum
1694 1629 1768 1657 est.-

451 1678 605 1714 vetitum
629 1685 754 1714 autem
779 1691 850 1714 non
873 1686 941 1724 est,
971 1680 1056 1727 quia
1087 1679 1456 1728 infirmitatisuerat
1478 1679 1765 1728 ignoscendum.

212 1737 383 1798 Dbifferencc
509 1737 586 1771 Sed
623 1736 710 1784 quia
750 1737 795 1772 de
832 1737 974 1772 sanctis
1018 1737 1187 1785 cepimus
1227 1737 1366 1782 dicere,
1417 1749 1488 1772 non
1537 1744 1592 1773 est
1641 1744 1766 1773 tacen-
1784 1738 1823 1770 25

186 1778 407 1833 ςεῃὲιῑῑῖᾒνὲἓιηῑοῃ
451 1794 540 1828 dum
585 1794 761 1842 quoniam
802 1794 911 1829 aliud
951 1801 1006 1830 est
1054 1794 1324 1843 sanctificacio,
1376 1794 1485 1829 aliud
1527 1802 1582 1830 est
1626 1795 1766 1831 sancti-

211 1841 384 1902 }fflctki'fiie‘ffi
438 1851 618 1900 ficatum.
661 1852 926 1899 Sancts‘ficacio
966 1852 1063 1887 enim
1105 1859 1158 1888 est
1196 1853 1299 1901 quod
1335 1852 1500 1887 alterum
1538 1853 1767 1903 sanctificat,

450 1909 731 1958 sanctificatum
790 1917 916 1945 autem
969 1910 1136 1945 alterum
1195 1910 1439 1959 sanctificare
1495 1923 1567 1946 non
1625 1918 1765 1960 potest,

450 1967 625 2015 quamvis
657 1967 779 2015 ipsum
812 1968 861 2003 sit
891 1975 1079 2012 sanctum,
1122 1975 1160 2002 ut
1195 1975 1291 2017 puta
1322 1968 1457 2017 signas
1484 1981 1626 2017 panem
1659 1976 1765 2004 tuum

449 2036 557 2072 quem
600 2026 823 2071 manducas,
862 2025 959 2061 sicut
997 2026 1050 2060 ait
1088 2026 1315 2074 Apostolus:
1361 2026 1637 2075 Sanctificatur
1668 2027 1764 2062 enim
1782 2030 1824 2061 30

445 2095 520 2131 per
564 2083 723 2118 uerbum
770 2083 847 2119 Dei
891 2090 925 2118 et
968 2083 1210 2119 oracionem:
1251 2083 1502 2134 sanctificasti
1542 2096 1641 2127 eum,
1694 2097 1765 2120 non

439 2140 578 2188 fecisti
597 2141 958 2189 sanctij‘icacionem.
987 2141 1103 2184 Quod
1125 2149 1251 2177 autem
1281 2142 1465 2177 sacerdos
1487 2143 1765 2191 sanctificatum

451 2199 497 2233 de
529 2211 643 2233 manu
675 2211 744 2234 sua
779 2199 845 2234 dat
877 2211 949 2234 non
981 2200 1105 2235 solum
1138 2199 1418 2249 sanctificatum
1453 2207 1508 2235 est
1540 2201 1608 2235 sed
1647 2201 1765 2236 eciam

450 2256 707 2305 sanctificacio
752 2263 820 2302 est,
869 2257 1046 2305 quoniam
1099 2269 1171 2292 non
1222 2258 1346 2292 solum
1391 2257 1462 2293 lzoc
1506 2258 1623 2293 datur
1666 2259 1767 2306 quod

452 2313 606 2349 videtur
637 2314 706 2349 sed
737 2314 834 2349 illud
866 2315 967 2362 quod
999 2315 1244 2364 intelligitur.
1783 2317 1823 2350 35

509 2371 570 2407 De
607 2372 846 2421 sanctificato
884 2384 982 2421 ergo
1015 2384 1118 2421 pane
1156 2372 1242 2407 licet
1280 2379 1314 2408 et
1352 2373 1582 2409 animalibus
1619 2373 1768 2409 iactare

451 2435 485 2463 et
517 2429 733 2478 infidelibus
767 2430 875 2476 dare,
914 2430 998 2478 quia
1029 2426 1033 2478 Ι
1063 2442 1134 2465 non
1173 2430 1387 2480 sanctificat
1419 2431 1679 2480 accipientem.
1725 2431 1768 2466 Si
1807 2443 1886 2479 306⁰

451 2493 576 2522 autem
621 2488 698 2522 tale
750 2494 847 2523 esset
890 2488 992 2535 quod
1036 2488 1083 2523 de
1133 2500 1248 2523 manu
1300 2489 1515 2524 sacerdotis
1565 2489 1765 2537 accipitur,
1830 2481 1839 2486 ³

449 2545 561 2592 quale
598 2552 653 2580 est
691 2545 794 2593 quod
834 2545 879 2580 de
917 2557 1047 2581 mensa
1087 2546 1357 2593 manducatur,
1397 2559 1527 2582 omnes
1559 2546 1605 2582 de
1636 2559 1765 2583 mensa

521 2728 545 2756 3.
579 2729 617 2757 B:
651 2730 786 2756 actubus.
896 2738 942 2757 20.
971 2731 1014 2758 A:
1049 2733 1079 2757 et
1100 2739 1277 2765 porcorum.
1387 2739 1429 2758 22.
1458 2733 1502 2759 A:
1536 2740 1766 2767 usurparenzuS.

450 2762 494 2790 32.
516 2765 559 2791 A:
582 2764 808 2799 sanctificatum
830 2764 923 2792 deest.
999 2764 1040 2792 33.
1062 2766 1105 2792 A:
1127 2766 1182 2792 sed
1201 2770 1239 2793 et.
1314 2765 1356 2801 37.
1378 2767 1423 2793 A:
1445 2774 1504 2793 non
1526 2767 1620 2793 deest.

523 2848 574 2879 30.
603 2848 613 2878 1
653 2847 743 2879 Tim.
770 2848 826 2888 IV,
856 2848 884 2881 5.
