2003 3322
195 238 274 273 256

197 880 263 908 The
284 889 368 908 same
388 880 460 916 gifts

195 916 276 943 from
299 915 368 942 God
391 923 461 951 may

206 951 242 977 be
263 950 399 977 rewards
420 958 456 977 or

218 985 437 1024 punishments

216 1019 386 1058 according
406 1024 437 1046 to

212 1054 262 1081 the
282 1059 441 1090 remplcnt.

235 1633 419 1667 Augustiue.

886 247 1005 277 OPUS
1030 246 1366 279 EVANGELICUM
1624 234 1731 288 [CAP.
1753 244 1790 272 v.

479 360 606 389 autem
650 352 771 389 seculi
811 353 907 388 bona
954 364 1026 388 non
1071 359 1158 388 sunt
1202 353 1417 388 communia
1462 353 1561 389 inter
1603 353 1721 389 bonos
1758 360 1793 389 et

480 411 605 448 malos
629 411 698 447 sed
719 418 865 446 tantum
890 411 1091 457 bonorum,
1126 410 1210 446 ideo
1233 411 1441 459 cuicunque
1462 411 1541 446 illic
1563 411 1793 459 benefecerit

480 470 601 515 Deus,
654 468 901 516 manifestum
954 475 1009 503 est
1060 469 1161 516 quod
1198 480 1275 517 pro
1320 469 1497 504 mercede
1540 468 1685 504 iusticie
1727 481 1794 505 sue

481 527 621 563 meruit
658 527 756 562 illud
793 527 930 562 bonum
971 525 1044 562 nisi
1068 527 1182 574 forte
1220 526 1275 562 sic
1306 526 1342 562 in
1376 527 1446 562 hoc
1480 527 1621 562 mundo
1654 526 1794 562 reddat

480 586 515 621 in
540 585 746 633 manifesto
757 585 914 633 faciens
936 596 1019 619 eum
1044 584 1216 620 omnibus
1239 584 1486 633 manifestum
1510 591 1545 619 et
1565 584 1794 634 glorificans
1810 587 1826 619 5

480 656 578 690 eum,
628 650 668 678 ut
712 654 841 678 omnes
880 649 1155 692 cognoscentes
1200 654 1282 677 eum
1330 642 1406 677 Dei
1431 638 1436 694 Ι
1465 642 1653 678 hominem
1701 654 1792 687 esse,
1834 643 1913 677 381⁰

481 708 713 737 venerentur
757 712 854 737 eum.
908 700 983 735 Aut
1028 699 1063 735 si
1102 700 1312 735 secundum
1358 712 1477 748 opera
1523 700 1722 735 estimetur
1761 707 1795 735 et

479 766 606 795 status
637 759 822 794 honorum
847 757 954 793 istius
977 757 1122 804 mundi,
1158 764 1198 792 ut
1214 765 1309 806 puta
1333 758 1445 793 multi
1466 757 1670 793 incurrunt
1692 757 1794 793 mala

481 824 515 852 et
548 816 635 852 honi
666 824 701 851 et
732 816 827 851 mali
857 816 892 850 in
924 815 1052 852 seculo
1084 815 1169 851 isto.

545 874 652 910 Unde
684 873 937 923 intelligimus
968 873 1050 921 quis
1082 880 1293 921 temptatur
1325 873 1360 908 in
1394 873 1446 908 eis
1478 872 1587 922 quasi
1616 873 1734 908 bonus
1762 879 1796 908 et
1815 886 1853 907 10

482 932 564 981 quis
590 932 754 981 punitur
784 931 894 980 quasi
924 931 1050 967 malus
1083 931 1290 967 secundum
1320 943 1450 979 opera.
1486 931 1528 966 Si
1549 930 1655 966 cuius
1677 942 1796 979 opera

483 990 657 1026 videmus
689 990 800 1036 bona,
838 989 981 1025 scimus
1014 988 1100 1037 quia
1133 995 1346 1037 temptatur
1377 988 1488 1037 quasi
1517 989 1651 1035 iustus,
1691 988 1797 1024 cuius

482 1055 608 1084 autem
647 1047 750 1082 mala
785 1047 958 1093 dicimus,
993 1047 1078 1095 quia
1107 1046 1270 1095 punitur
1307 1046 1343 1082 in
1382 1046 1434 1082 eis
1465 1046 1574 1094 quasi
1598 1053 1796 1095 peccator,

481 1106 536 1142 sic
569 1113 606 1142 et
639 1106 735 1141 hona
769 1105 903 1140 mundi
935 1104 1109 1141 videmus
1138 1112 1173 1140 et
1188 1111 1416 1153 peccatores
1439 1104 1580 1140 habere
1603 1104 1794 1139 interdum

483 1171 517 1200 et
543 1164 681 1199 iustos:
707 1170 921 1212 propterea
945 1163 1153 1199 secundum
1188 1174 1308 1211 opera
1341 1170 1395 1198 est
1417 1162 1684 1210 manifestum,
1708 1161 1793 1211 quia
1816 1163 1854 1195 15

484 1221 610 1257 malus
648 1221 798 1269 quidem
838 1221 873 1256 si
909 1221 1005 1256 bona
1044 1220 1080 1256 in
1120 1220 1191 1256 lzoc
1228 1220 1371 1256 mundo
1400 1220 1531 1268 fuerit
1563 1227 1797 1263 consecutus,

486 1280 648 1315 dicimus
685 1279 771 1327 quia
812 1279 982 1314 nutritur
1014 1279 1075 1314 hic
1106 1278 1285 1326 iniquitas
1317 1278 1409 1325 eius,
1455 1285 1492 1313 ut
1525 1278 1604 1313 illic
1635 1278 1798 1314 intereat

482 1337 661 1387 gravius,
692 1336 727 1373 si
758 1343 883 1372 autem
917 1337 1048 1382 honus,
1088 1336 1262 1382 dicimus,
1301 1336 1386 1383 quia
1421 1336 1591 1372 reddidit
1616 1336 1670 1372 eis
1690 1335 1798 1372 Deus

482 1396 697 1432 mercedem
732 1394 877 1430 iusticie
909 1394 1000 1430 eius.
1036 1395 1120 1430 Hec
1153 1393 1436 1430 Crisostomus.

1025 1529 1166 1570 CAP.
1200 1529 1256 1569 V.
1814 1546 1857 1567 20

539 1625 787 1674 Augustinus
833 1634 964 1661 autem
1007 1624 1061 1661 sic
1100 1624 1356 1673 prosequitur
1393 1633 1543 1660 textum
1584 1624 1796 1673 evangelii:

488 1685 583 1720 Cum
624 1683 759 1730 oratis,
807 1695 879 1719 non
919 1683 1027 1719 eritis
1064 1683 1161 1718 sicut
1192 1683 1393 1733 ypocrzte,
1438 1683 1503 1731 qui
1532 1691 1664 1719 amant
1694 1691 1799 1719 stare

481 1743 516 1778 in
555 1742 780 1793 synagogis
817 1749 850 1777 et
891 1741 926 1776 in
967 1741 1124 1790 augulis
1152 1741 1375 1789 platearum
1408 1748 1552 1777 stantes
1584 1753 1714 1787 orare,
1759 1748 1799 1776 ut

483 1801 687 1836 videantur
718 1800 764 1835 ab
798 1799 1023 1834 hominibus.
1059 1799 1190 1847 Neque
1218 1798 1315 1834 euim
1347 1798 1406 1834 hic
1436 1799 1561 1834 videri
1593 1800 1640 1834 ab
1675 1799 1796 1834 homi-

481 1859 590 1894 nibus
622 1858 732 1906 nefas
763 1864 817 1892 est
849 1857 917 1892 sed
949 1857 1032 1892 ideo
1065 1857 1132 1892 lzec
1163 1869 1284 1906 agere
1316 1864 1355 1891 ut
1388 1856 1556 1892 211'·'dea71s
1590 1857 1636 1892 ab
1674 1856 1794 1892 lzomi-
1814 1859 1853 1892 25

482 1917 611 1960 uibus;
654 1923 689 1951 et
727 1927 800 1950 nou
833 1914 1029 1978 superfluo
1068 1915 1135 1950 lzec
1173 1915 1305 1950 eadem
1345 1914 1461 1950 tocies
1500 1921 1726 1963 repetuntur
1763 1921 1798 1950 et

483 1975 675 2016 dicuutur,
709 1985 792 2008 cum
825 1973 873 2008 sit
906 1985 980 2008 zam
1016 1985 1088 2008 una
1123 1972 1262 2022 regula
1295 1972 1544 2008 custodienda
1567 1985 1639 2020 qua
1663 1972 1796 2022 cogni-

481 2040 559 2067 lum
600 2039 668 2077 est,
706 2042 779 2066 non
817 2043 847 2066 sz
888 2030 958 2066 lzoc
990 2030 1112 2066 sciant
1155 2030 1339 2074 homines,
1373 2031 1450 2078 for
1454 2030 1677 2065 nudandum
1718 2041 1798 2066 esse

482 2097 545 2125 aut
568 2089 823 2138 fugiendum,
867 2089 935 2124 sed
966 2088 1000 2123 si
1031 2088 1101 2124 lzoc
1133 2088 1260 2124 auimo
1280 2088 1385 2137 fiant
1418 2095 1457 2123 ut
1480 2088 1645 2136 fructus
1675 2088 1712 2123 in
1745 2087 1798 2123 eis

482 2154 712 2197 expectatur
729 2146 914 2195 placendi
935 2146 1164 2182 homiuibus.
1198 2146 1338 2181 Servat
1362 2145 1481 2181 eciam
1505 2146 1585 2195 ipse
1607 2145 1797 2181 Dominus
1813 2151 1855 2183 30

483 2206 614 2242 eadem
658 2205 788 2251 verba,
833 2216 916 2240 cum
956 2203 1135 2254 adiungit
1165 2204 1365 2240 similiter:
1402 2203 1522 2239 Amen
1562 2203 1646 2239 dico
1680 2203 1797 2250 vobis,

483 2270 713 2312 receperunt
736 2262 952 2298 mercedem
976 2273 1099 2302 suam,
1125 2262 1210 2297 lu'nc
1233 2261 1434 2297 ostendens
1457 2261 1497 2296 id
1517 2273 1557 2297 se
1575 2261 1797 2310 prohibere,

482 2334 527 2357 ne
565 2334 607 2357 ea
646 2332 794 2356 merces
830 2327 1051 2368 appetatur,
1096 2331 1168 2368 qua
1205 2320 1380 2369 gaudent
1417 2319 1526 2355 stulti
1568 2319 1680 2354 liuius
1725 2318 1799 2354 vite

483 2379 686 2415 dulcedine
720 2378 872 2424 detenti,
906 2390 991 2413 cum
1025 2378 1236 2413 laudantur
1264 2377 1310 2413 ab
1334 2377 1547 2412 hominibus
1569 2384 1604 2413 et
1625 2376 1798 2427 gaudent

472 2437 596 2486 salsis
641 2436 861 2472 honoribus.
905 2435 1082 2471 Dulcedo
1125 2442 1251 2470 autem
1291 2435 1402 2470 huius
1449 2434 1523 2471 vite
1559 2435 1611 2470 ad
1649 2441 1798 2483 tempus
1814 2437 1854 2472 35

483 2495 656 2531 indulcat
678 2494 822 2542 fauces
849 2505 926 2543 per
958 2493 1253 2529 delectacionem
1286 2493 1354 2528 sed
1370 2500 1505 2542 postea
1529 2491 1799 2528 terminabitur

552 2682 576 2701 2.
594 2674 637 2701 A:
652 2673 783 2708 ideoque
797 2672 976 2706 cuzmcutzque
1043 2680 1068 2706 7.
1085 2673 1129 2699 A.
1145 2672 1395 2704 autsecuudum;
1410 2671 1448 2698 B:
1464 2674 1519 2698 aut
1532 2671 1608 2698 sicut
1621 2670 1796 2698 secuudum.

483 2717 512 2744 <).
534 2709 572 2736 Β;
606 2708 664 2735 hoc
682 2708 794 2735 secuto.
905 2707 940 2734 15.
943 2707 1006 2775 2A:
1011 2709 1178 2769 Aprlffter.
1286 2714 1325 2734 21.
1346 2707 1375 2733 A
1395 2706 1425 2733 in
1447 2714 1514 2733 mar
1539 2715 1561 2733 .:
1595 2705 1796 2745 Augustimus

483 2751 525 2771 22.
547 2745 591 2771 A.
615 2743 653 2770 Et
672 2750 739 2770 cum
759 2742 867 2769 oratis
1107 2749 1183 2777 eque
1202 2741 1310 2776 inquit.
1384 2740 1432 2773 26,
1453 2748 1495 2776 27.
1553 2750 1558 2767 z
1579 2740 1627 2767 vel
1644 2739 1797 2767 dicuntur

483 2778 527 2805 2.ss
549 2780 592 2805 A:
616 2777 661 2804 cic
679 2777 740 2804 lzec
752 2777 861 2803 sciant.
936 2750 980 2803 32.
1001 2776 1038 2803 B:
1060 2776 1093 2802 id
1112 2776 1206 2803 deest.
1280 2774 1323 2802 33.
1347 2775 1385 2802 ss:
1408 2762 1441 2802 u't
1459 2783 1495 2802 ea
1515 2782 1639 2801 merces

555 2871 608 2892 21.
625 2861 675 2891 De
691 2869 853 2891 sermone
869 2860 1008 2891 Domini
1026 2860 1058 2890 in
1075 2865 1202 2898 monte,
1219 2858 1239 2889 1.
1255 2868 1284 2889 c.
1299 2868 1330 2900 p.
1343 2867 1419 2899 204.
1494 2867 1546 2888 22.
1564 2856 1747 2897 Matth.V1‚
1765 2858 1794 2889 Ξ).
