2003 3322
177 224 259 270 480

175 335 242 362 Diei
264 334 384 361 malicia
404 333 478 368 quid
500 337 545 360 est
564 331 713 361 353—350.

175 370 218 396 De
240 369 407 396 dileccione
427 367 577 403 217-234,

175 404 307 438 Diligere
327 403 400 438 quid
422 407 467 430 est
484 410 546 430 222.
766 436 770 440 .

175 438 261 466 Finis
282 437 445 465 cuiuslibet
471 438 610 464 doctrine
636 437 808 471 evangelice
829 436 917 463 debet
937 444 1003 474 esse

230 472 341 500 caritas
361 477 390 499 et
410 480 552 499 summus
572 472 687 507 gradus
713 471 850 498 caritatis
870 475 915 498 est
936 471 1003 497 dili-

230 516 300 542 gere
319 507 464 534 inimicos
484 505 637 540 232—234.

178 542 289 569 Viator
308 546 429 568 tenetur
448 541 593 568 inimicos
614 541 742 576 diligere
762 548 830 578 141.κ

177 577 339 604 Dissensio
360 577 439 603 inter
461 577 582 603 Petrum
604 580 632 603 et
651 576 779 602 Paulum
801 579 863 608 104.

176 628 210 631 —
233 612 361 638 Paulum
382 616 410 638 et
431 611 603 638 Barnabam
626 611 688 644 164.

178 662 211 666 ——
231 646 300 681 quis
320 646 533 681 apostolorum
554 650 634 672 esset
654 645 753 672 maior
773 644 837 678 164.

180 681 224 708 De
245 681 385 708 divorcio
406 689 553 716 174—177.

178 716 325 743 Doctrina
346 716 559 750 apostolorum
579 715 637 742 fuit
657 713 809 752 salubrior
824 720 916 748 quam
938 719 1005 747 pre-

212 750 330 777 dicacio
350 750 513 777 cuiuslibet
532 749 674 785 graduati
693 753 762 783 420.

178 785 332 812 Dominus
354 785 419 811 sine
438 785 559 814 virtute.
581 785 654 819 quid
676 784 833 821 significat
847 781 887 809 35.
980 816 984 820 .

181 820 349 854 Quomodo
370 820 520 853 contingit
552 820 712 846 hominem
739 826 806 845 esse
827 825 857 844 in
879 817 1005 844 eccles1a

231 855 380 881 militante
402 855 461 881 126.

179 889 300 916 Domus
320 889 491 924 spiritualis
512 889 625 924 duplex
645 889 716 922 464.

573 987 620 1016 E.

179 1052 211 1079 In
234 1051 361 1079 ecclesia
381 1051 530 1079 militante
559 1056 630 1079 sunt
662 1052 720 1079 due
746 1053 899 1080 maneries
929 1053 1008 1079 mili-

232 1087 380 1120 tancium,
410 1086 526 1113 scilicet
539 1087 740 1121 predestinati
761 1092 789 1114 et
809 1088 932 1122 reprobi
948 1095 1006 1114 120.

180 1121 313 1149 Maiores
327 1121 357 1148 in
372 1121 499 1148 ecclesia
514 1121 627 1148 cadunt
638 1129 655 1148 a
669 1122 791 1157 sequela
807 1122 923 1150 Christi
939 1131 964 1157 7⁷
980 1122 1007 1150 8.

181 1157 285 1183 Partes
315 1156 450 1187 ecclesie}
470 1160 541 1183 sunt
573 1156 623 1191 qui
663 1161 809 1184 secuntur
846 1156 1007 1185 Christum

217 1191 247 1218 in
269 1191 409 1218 moribus
430 1190 487 1217 105.

186 1225 301 1253 Contra
331 1230 460 1252 matrem
490 1225 648 1253 ecclesiam
671 1231 797 1261 peccant
824 1226 875 1261 qui
903 1227 945 1254 sal
967 1227 1009 1254 fa-

233 1264 320 1287 tuum
341 1268 402 1287 non
423 1264 571 1287 evacuant
590 1259 634 1295 73.

181 1295 225 1321 De
246 1295 431 1330 elemosynis
452 1293 512 1328 316,
532 1295 590 1329 317.

181 1329 356 1365 Episcopus
377 1329 533 1364 negligens
560 1330 629 1364 quis
650 1335 695 1357 est
713 1330 756 1365 75,
777 1331 825 1370 76.

182 1365 309 1392 Esurire
334 1364 488 1391 iusticiam
509 1365 669 1399 quomodo
689 1365 869 1401 intelligitur
889 1364 1009 1399 33—40.

185 1399 298 1426 Omnis
330 1399 443 1426 veritas
463 1403 492 1426 et
511 1399 614 1426 omnis
635 1400 749 1427 erroris
770 1400 945 1428 destruccio
966 1405 1011 1427 est

235 1434 266 1461 in
288 1434 444 1469 evangelio
465 1441 507 1468 91,
528 1441 576 1469 92.

184 1469 266 1495 Loca
286 1469 460 1503 evangelica
480 1476 557 1503 quae
577 1473 649 1496 sunt
670 1469 856 1505 postillanda
876 1478 896 1497 1.

183 1503 263 1530 Nota
310 1503 498 1530 infidelitatis
540 1508 585 1530 est
632 1505 841 1539 evangelizare
886 1509 1012 1540 propter

240 1538 441 1565 commodum
463 1539 633 1573 temporale
654 1537 721 1575 347.

186 1572 421 1607 Evangelizacio
442 1581 623 1607 supremum
644 1582 724 1609 opus
743 1573 892 1601 ierarchie
912 1582 941 1607 4.

184 1623 217 1626 —
237 1608 327 1634 debet
347 1616 413 1634 esse
433 1607 608 1634 voluntaria
628 1606 693 1643 347.

184 1642 407 1676 Evangelizans
449 1650 510 1669 non
548 1642 708 1677 predicare
752 1643 842 1670 debet
886 1648 1013 1679 propter

237 1685 362 1709 nomen,
382 1677 497 1704 famam
519 1678 564 1704 vel
586 1677 705 1705 lucrum
727 1685 753 1711 2,
774 1687 801 1712 7.

184 1711 488 1745 Excommunicacio⁷
510 1719 567 1747 que
585 1717 631 1739 est
645 1712 836 1745 malediccio‚
850 1721 910 1740 non
926 1717 1014 1740 nocet

237 1746 423 1774 christicolis
444 1747 493 1781 69.

579 1833 622 1862 F.

190 1898 259 1926 Non
290 1897 362 1932 quid
393 1897 523 1931 quisque
552 1897 624 1924 facit
644 1898 696 1924 sed
718 1905 780 1933 quo
801 1898 905 1925 animo
926 1898 1015 1925 faciat

242 1932 504 1959 considerandum
527 1937 571 1959 est
590 1930 652 1966 327.

191 1967 304 1994 Omnia
334 1974 514 2001 quecunque
546 1967 694 1994 debemus
727 1966 957 1994 racionabiliter
985 1971 1016 1993 ut

240 2001 330 2028 nobis
351 2001 463 2028 faciant
485 2002 627 2028 homines
648 2002 709 2029 illis
729 2002 880 2029 faciamus
900 2000 961 2035 413.

191 2036 305 2063 Fidelis
335 2036 408 2062 nihil
443 2036 492 2062 det
525 2036 625 2063 amico
658 2037 704 2063 vel
732 2037 859 2064 inimico
892 2037 951 2063 nisi
979 2036 1014 2063 ad

244 2071 371 2097 salutem
393 2071 494 2097 anime
514 2079 582 2105 407.

191 2105 313 2132 Fideles
343 2105 517 2132 sacerdotes
546 2106 743 2133 conforment
763 2114 817 2133 sua
837 2114 931 2141 opera
953 2106 1017 2133 suis

245 2140 442 2166 sermonibus
463 2139 514 2167 113.

191 2190 224 2193 —
244 2175 355 2201 debent
375 2175 519 2201 delictum
540 2175 644 2201 fratris
659 2175 814 2202 dimittere
833 2174 988 2210 376-383.

193 2224 226 2229 —
246 2209 431 2236 tradiciones
453 2210 527 2244 legis
543 2210 705 2236 hominum
721 2214 878 2244 tamquam
895 2218 1018 2245 suspec-

246 2248 292 2270 tas
313 2244 350 2270 de
371 2244 467 2271 heresi
491 2244 637 2278 abiciunt,
659 2245 733 2271 dum
755 2245 784 2271 in
808 2246 870 2280 lege
892 2245 1016 2272 Domini

246 2278 372 2305 fundate
394 2287 453 2305 non
476 2279 590 2305 fuerint
610 2286 648 2305 12.

192 2313 275 2339 —in
304 2313 460 2347 primitiva
488 2314 615 2340 ecclesia
640 2321 699 2340 non
734 2314 888 2341 audebant
920 2314 1020 2341 dicere

246 2348 327 2382 quod
350 2348 500 2375 dederunt
520 2348 672 2383 Spiritum
694 2348 842 2377 Sanctum
864 2349 908 2384 95.

197 2382 337 2416 Quisque
358 2382 454 2409 fidelis
474 2384 669 2418 evangelium
687 2383 847 2411 addiscere
868 2384 957 2411 debet
972 2391 1019 2419 92.

197 2417 317 2444 Fideles
338 2416 443 2444 dicunt
458 2418 538 2452 qnod
562 2418 661 2444 cuncti
676 2418 835 2445 christiani
856 2423 884 2445 et
904 2419 1021 2453 specia—

247 2452 312 2478 liter
342 2453 493 2479 seculares
523 2452 639 2479 domini
671 2453 782 2480 debent
814 2453 850 2479 ad
887 2454 1021 2489 disposi-

248 2486 368 2512 cionem
399 2487 489 2513 liuius
523 2488 594 2514 salis
624 2487 697 2514 fatui
729 2488 830 2523 (pape)
865 2496 1021 2523 apponere

248 2521 432 2548 medicinam
453 2529 500 2555 74.

198 2571 224 2573 *
248 2556 275 2581 in
298 2556 481 2589 operacione
501 2556 674 2591 evangelica
697 2565 766 2591 sepe
782 2561 852 2584 sunt
868 2558 1021 2593 propediti

249 2598 311 2622 417.

197 2640 228 2643 -
250 2632 310 2651 non
332 2625 443 2652 debent
463 2626 500 2652 ab
521 2626 588 2652 aliis
610 2626 785 2652 mendicare
806 2634 874 2660 290,
896 2634 957 2659 201.

195 2674 228 2678 -
249 2659 380 2686 habeant
393 2660 517 2687 oculum
534 2668 657 2694 purum,
673 2669 726 2688 cor
742 2661 872 2696 simplex
884 2666 912 2688 et
926 2662 1022 2689 inten-

249 2694 367 2720 cionem
390 2699 501 2721 rectam
524 2694 580 2722 235>
610 2695 643 2728 7¹.ss²·
659 2722 687 2731 ,,,

197 2727 266 2766 Non
289 2733 333 2755 est
355 2730 429 2755 tides
461 2730 545 2764 quod
572 2725 725 2765 ‘quid'q'uid
771 2738 828 2762 apa
851 2730 1020 2757 secundum

251 2763 398 2790 iudicium
421 2772 509 2790 suum
532 2764 643 2791 dixerit
663 2765 719 2791 erit
752 2769 851 2791 actum
875 2772 924 2798 90.

198 2797 289 2824 Fides
320 2798 471 2833 scripture
504 2803 549 2825 est
591 2800 745 2826 sufficiens
784 2799 820 2825 ad
857 2800 1021 2834 regendam

249 2832 408 2859 ecclesiam
431 2833 609 2860 militantem
632 2833 674 2868 37.

839 231 1057 263 GENERAL
1086 232 1234 263 INDEX.

1073 336 1140 359 sam
1162 340 1252 359 nemo
1273 333 1364 359 audet
1384 340 1440 367 pro
1466 336 1510 359 ter
1523 332 1706 359 Antichristi
1726 333 1897 360 versuciam

1128 367 1292 394 defendere
1312 367 1402 394 fidem
1453 367 1541 394 hristi
1561 366 1622 394 310.

1075 401 1217 428 Defectus
1238 401 1307 428 fidei
1327 401 1445 428 viantes
1465 401 1587 429 deviare
1606 401 1678 428 facit
1699 401 1763 429 326.

1075 436 1198 463 Fratres
1230 444 1291 463 non
1311 436 1484 463 voluntarie
1510 436 1719 471 evangelizant
1739 434 1895 469 347—356.

1075 486 1109 489 —
1128 471 1234 498 dicunt
1254 471 1337 506 quod
1353 471 1400 498 lex
1417 471 1469 497 Dei
1486 471 1523 498 sit
1538 471 1726 506 incompleta
1740 470 1804 505 453,
1824 479 1897 504 444.

1074 520 1108 524 -
1135 521 1168 524 —
1186 521 1220 524 —
1240 505 1308 540 ipsa
1334 505 1434 533 hostia
1462 505 1501 532 sit
1520 505 1613 533 nichil
1635 506 1780 533 informa
1796 506 1900 532 nichili

1129 548 1171 567 101
1205 547 1264 567 102.

1074 590 1108 594 —-
1129 580 1156 601 et
1176 561 1360 610 'capitulares
1380 575 1481 602 clerici
1502 574 1597 609 inepti
1628 579 1698 602 sunt
1731 574 1767 601 ad
1802 582 1900 607 popu-

1128 610 1190 636 lum
1211 610 1291 636 corri
1318 609 1443 637 iendum
1465 608 1619 645 372—376.

1075 660 1108 663 —
1128 648 1268 671 sanctum
1289 618 1362 671 (pant
1381 645 1509 671 canibus
1528 643 1677 682 387u388.

1078 694 1106 698 —
1130 683 1261 713 pascunt
1280 679 1430 714 populum
1452 687 1521 706 cum
1542 679 1644 715 lapide
1664 687 1727 712 401.

1076 729 1108 732 Ἀ
1145 714 1263 748 fingunt
1294 714 1376 749 quod
1414 722 1494 749 papa
1528 714 1565 741 sit
1596 718 1687 749 caput
1719 712 1901 741 universalis

1128 748 1255 775 ecclesie
1274 757 1337 782 401.

1461 822 1506 853 G.

1080 887 1237 915 Gaudium
1258 890 1372 922 duplex
1392 886 1457 924 319«

1078 923 1166 950 Vana
1184 923 1281 958 gloria
1301 923 1436 950 cavenda
1456 927 1501 950 est
1520 922 1678 959 239-247.

1078 957 1122 984 De
1141 966 1220 984 vana
1240 958 1337 992 gloria
1359 966 1406 992 111,
1427 966 1479 992 112,
1499 957 1657 993 239-247,
1678 957 1731 986 315.

1080 994 1122 1020 De
1143 993 1213 1027 gula
1231 992 1288 1021 315.

1463 1055 1516 1085 H.

1080 1120 1124 1147 De
1138 1120 1238 1147 hostia
1252 1125 1431 1148 consecrata
1447 1129 1501 1156 101,
1517 1128 1577 1156 102,
1592 1120 1656 1155 388,
1673 1119 1738 1155 389,
1757 1128 1829 1155 400,
1843 1128 1907 1154 401.

1080 1155 1124 1182 De
1144 1155 1314 1182 humilitate
1335 1162 1448 1191 17-24.

1081 1190 1175 1225 Signa
1218 1190 1401 1218 humilitatis
1445 1190 1614 1218 secundum
1657 1190 1907 1218 Lincolniensem

1148 1232 1216 1244 ’-ἢ

1081 1233 1315 1295 Βθῐῦγρῖῗθῑὶῖίε
1336 1260 1491 1294 247-261.

1082 1294 1265 1330 Hypocrisis
1285 1295 1430 1330 precipue
1458 1295 1488 1322 in
1509 1295 1687 1330 elemosina,
1717 1295 1860 1322 oracione
1881 1298 1908 1321 et

1133 1329 1248 1356 ieiunio
1269 1329 1460 1364 precavenda
1480 1334 1525 1357 est
1543 1329 1605 1357 322.

1481 1415 1511 1445 1.

1082 1481 1127 1509 De
1146 1480 1261 1508 ieiunio
1281 1479 1421 1516 311-314,
1442 1480 1486 1509 315
1516 1480 1576 1515 316,
1596 1479 1655 1516 317,
1674 1480 1737 1515 418,
1757 1488 1822 1516 419.

1084 1532 1116 1536 -—
1134 1532 1168 1535 -
1188 1515 1404 1551 religiosorum
1426 1503 1648 1544 modernorum
1669 1515 1730 1549 314.

1083 1551 1231 1585 Implecio
1253 1550 1390 1586 decalogi
1405 1551 1564 1586 quomodo
1578 1550 1755 1586 intelligitur
1769 1549 1908 1584 131—134.

1084 1586 1128 1613 De
1146 1585 1351 1620 indulgenciis
1370 1594 1387 1613 a
1407 1594 1485 1621 pena
1504 1590 1532 1613 et
1551 1593 1567 1612 a
1586 1586 1676 1620 culpa
1696 1593 1755 1613 102.

1091 1636 1116 1640 —
1135 1636 1168 1639 —
1182 1619 1219 1646 ad
1232 1620 1391 1647 inimicum
1407 1629 1497 1648 suum
1513 1621 1760 1656 persequendum
1776 1627 1836 1655 192,
1851 1618 1910 1656 193.

1085 1655 1220 1682 Cui-atus
1253 1655 1341 1682 debet
1361 1655 1519 1682 notificare
1539 1655 1602 1682 suis
1623 1655 1767 1686 subditis.
1797 1655 1846 1682 ubi
1868 1659 1912 1682 est

1138 1689 1276 1717 securior
1296 1689 1493 1725 indulgencia
1512 1689 1723 1725 comparanda
1743 1689 1790 1724 39.

1085 1724 1155 1752 Non
1177 1728 1247 1751 sunt
1266 1724 1460 1759 indulgencie
1489 1725 1548 1752 nisi
1581 1732 1727 1752 concesse
1748 1733 1764 1752 a
1784 1723 1912 1752 domino

1137 1758 1209 1786 Jesu
1228 1759 1353 1786 Christo
1374 1758 1389 1786 3
1412 1781 1418 1786 .

1085 1794 1119 1821 In
1141 1793 1292 1829 scriptura
1313 1802 1372 1821 non
1392 1768 1526 1829 {egimus
1546 1794 1667 1829 aliquos
1689 1794 1849 1829 apostolos
1868 1793 1914 1821 in-

1139 1828 1317 1863 dulgencias
1338 1829 1530 1856 concessisse
1549 1828 1594 1863 37.

1088 1864 1169 1898 Papa
1199 1871 1259 1890 non
1281 1863 1371 1890 habet
1399 1868 1580 1899 potestatem
1606 1863 1681 1890 tales
1700 1862 1913 1898 indulgencias

1140 1898 1329 1925 concedendi
1351 1897 1471 1932 38—40.
1854 1931 1859 1936 ,

1088 1932 1244 1960 Iniusticia
1264 1933 1328 1960 Deo
1348 1933 1427 1960 facta
1448 1937 1537 1960 sonat
1562 1932 1592 1960 in
1613 1932 1667 1960 Dei
1690 1932 1913 1967 blasphemiam

1144 1974 1204 2001 129.

1087 2002 1278 2029 Rectiiicacio
1317 2002 1502 2029 intencionis
1534 2003 1724 2038 prestancior
1755 2006 1800 2029 est
1833 2001 1915 2029 mille

1141 2037 1231 2064 bullis
1253 2037 1413 2072 papalibus
1434 2035 1498 2070 347.
1875 2070 1880 2075 .

1089 2072 1199 2099 Utrum
1241 2072 1358 2099 viantes
1398 2071 1534 2099 iudicare
1575 2076 1720 2107 poterunt
1760 2071 1812 2106 qui
1857 2074 1917 2098 sint

1144 2111 1246 2141 partes
1265 2107 1394 2133 ecclesie
1416 2106 1473 2134 105.

1091 2142 1133 2168 De
1154 2141 1268 2168 iudicio
1287 2140 1440 2176 357-365.

1105 2192 1121 2195 -
1142 2192 1174 2195 —
1194 2176 1356 2203 temerario
1376 2175 1529 2204 358—362.

1092 2211 1192 2237 Omne
1225 2211 1373 2238 iudicium
1406 2211 1575 2239 humanum
1612 2211 1780 2238 secundum
1819 2211 1915 2246 legem

1142 2245 1315 2308 {Iliris3ti65et
1340 2253 1517 2273 sermonem
1540 2246 1668 2273 Domini
1690 2246 1720 2273 in
1743 2250 1846 2273 monte
1867 2246 1915 2272 fiat

1161 2284 1210 2314 04,
1288 2301 1294 2306 i

1094 2316 1211 2342 Omnes
1231 2316 1362 2342 viatores
1378 2315 1560 2351 simpliciter
1580 2324 1640 2343 non
1661 2315 1795 2343 iudicent
1815 2315 1916 2351 quoad

1144 2358 1254 2385 penam
1292 2350 1483 2378 inferendam
1522 2355 1648 2386 propter
1679 2350 1823 2378 iniuriam
1861 2350 1918 2377 sibi

1145 2385 1256 2412 factam
1278 2384 1345 2417 366,
1368 2384 1432 2420 367.

1094 2419 1207 2446 Fidelis
1233 2420 1322 2447 debet
1343 2420 1454 2447 habere
1481 2420 1591 2447 mentis
1618 2421 1767 2448 iudicium
1799 2421 1834 2447 ad
1866 2428 1918 2455 pa-

1144 2455 1292 2516 giendizpr}3
1319 2455 1364 2482 vel
1396 2455 1543 2482 auxilium
1576 2456 1716 2490 reprobis
1737 2455 1919 2482 subtrahen-

1168 2497 1219 2516 um
1259 2490 1303 2516 6.

1093 2524 1125 2550 In
1159 2524 1206 2585 dise
1239 2524 1344 2586 iigdicii
1381 2532 1490 2552 omnes
1519 2525 1661 2552 veritates
1694 2527 1919 2559 cognoscentur

1145 2559 1187 2591 45.
1247 2583 1249 2585 .
1270 2566 1297 2593 ς).

1095 2593 1138 2619 Ι)θ
1158 2568 1331 2620 iur'aihento
1353 2593 1501 2629 177-189,

1093 2628 1305 2655 Juramentum
1327 2636 1363 2655 an
1385 2630 1423 2655 sit
1445 2628 1635 2663 superfluum
1657 2637 1715 2664 177,
1738 2629 1796 2664 178.

1096 2663 1177 2689 Licet
1197 2663 1226 2690 in
1248 2671 1320 2690 casu
1336 2663 1435 2690 iurare
1450 2671 1511 2702 170,
1534 2662 1594 2698 180,
1617 2663 1754 2698 181—185,
1777 2662 1837 2697 188,
1858 2662 1919 2696 189.

1094 2697 1162 2724 Nisi
1200 2697 1426 2724 habundaverit
1463 2698 1582 2726 iusticia
1612 2703 1711 2725 vestra
1762 2698 1920 2733 quomodo

1147 2732 1324 2767 intelligitur
1346 2731 1401 2759 123.

1093 2766 1220 2793 Justicia
1240 2767 1270 2793 in
1291 2775 1352 2802 quo
1373 2767 1513 2794 consistit
1533 2765 1580 2801 34.

1096 2801 1137 2827 De
1158 2801 1279 2828 iusticia
1298 2801 1460 2835 420-423.

1094 2836 1216 2863 justicia
1238 2844 1341 2863 coram
1364 2836 1544 2863 hominibus
1567 2836 1640 2872 quid
1662 2841 1708 2863 est
1728 2834 1878 2871 235-237.
