2003 3322
177 240 217 265 21
234 231 255 265 8
869 238 987 269 OPUs
1013 238 1348 269 EVANGELICUM
1566 225 1672 279 [CAP.
1694 233 1772 262 mx.

463 344 708 394 intelligatur
724 345 927 393 perfectus
949 351 988 379 ut
1012 345 1118 381 Deus
1150 352 1185 380 et
1217 345 1345 380 anima
1364 344 1544 393 perfecta
1577 351 1773 393 tamquam

462 415 603 438 amma.

214 467 406 514 [tisaqstep
525 460 703 495 Gradum
748 467 873 495 tamen
912 472 992 496 esse
1030 460 1194 509 aliquem
1234 461 1270 495 in
1305 460 1579 509 phariseorum
1626 460 1774 496 iusticia

197 502 428 571 rigffixgfflgffess
463 530 533 566 que
576 519 627 553 ad
671 518 796 567 legem
842 525 1008 554 veterem
1048 518 1217 567 pertinet
1262 518 1348 554 hinc
1398 518 1632 569 intelligitur
1675 518 1777 567 quod

202 572 424 634 [ἵζᾶῑῐθιῐξνὲῂῐξῗ
463 576 576 611 multi
606 576 777 611 homines
809 576 929 612 eciam
961 589 983 612 a
1023 576 1157 625 quibus
1196 576 1414 626 diliguntur
1453 576 1630 623 oderunt,
1678 576 1808 612 sicut5

464 633 660 670 luxuriosi
676 633 759 683 filii
789 641 824 669 et
851 635 1075 683 semetipsos
1108 641 1282 669 amantes
1304 641 1488 683 parentes
1518 634 1777 670 colzercitores

465 692 622 727 luxurie
643 703 710 727 sue
733 703 892 740 nequam
917 693 1062 739 odiunt,
1087 693 1326 728 detestantur
1348 699 1383 728 et
1397 692 1586 742 fugiunt;
1607 691 1778 728 ascendit

464 750 588 800 igitur
626 750 789 798 aliquem
829 751 1002 800 gradum
1048 750 1112 799 qui
1144 750 1372 799 proximum
1419 750 1560 800 diligit,
1605 749 1778 798 quamvis

464 808 591 843 adhuc
630 808 755 843 oderit
796 808 1003 844 inimicum.
1054 808 1151 844 Eius
1194 815 1319 844 autem
1366 808 1529 856 imperio
1574 808 1637 856 qui
1679 807 1779 844 venit

465 867 591 916 legem
636 865 799 915 implere
843 878 914 902 non
964 866 1116 902 solvere
1160 866 1335 916 perficiet
1386 866 1691 901 benevolenciam
1745 872 1837 901 et1o

465 924 754 974 benignitatem,
797 935 881 959 cum
934 936 1016 960 eam
1069 936 1185 972 usque
1236 924 1288 960 ad
1339 923 1486 960 inimici
1535 923 1778 960 dileccionem

460 982 708 1031 perduxerit.
750 982 852 1017 Nam
886 982 950 1017 ille
979 983 1133 1032 gradus
1165 982 1340 1031 quamvis
1372 981 1575 1017 nonnullus
1606 982 1668 1029 sit,
1701 988 1779 1016 tam

460 1052 612 1089 parvus
650 1047 718 1086 est,
762 1046 888 1076 tamen
932 1047 971 1075 ut
1011 1053 1095 1076 cum
1132 1040 1348 1089 publicanis
1386 1052 1466 1076 esse
1498 1040 1622 1089 possit
1659 1039 1779 1075 eciam

467 1098 690 1135 communis.
737 1098 817 1133 Nec
849 1099 951 1146 quod
989 1099 1025 1134 in
1059 1098 1145 1149 lege
1184 1099 1302 1135 eciam
1343 1098 1487 1133 dictum
1527 1105 1602 1134 est:
1640 1097 1782 1133 Oderis

467 1156 660 1192 inimicum
705 1163 824 1202 tuum,
885 1168 964 1192 vox
1007 1156 1166 1192 iubentis
1211 1157 1306 1192 iuste
1348 1156 1573 1205 accipienda
1616 1163 1672 1191 est
1713 1155 1783 1191 sed
1801 1160 1837 1191 15

464 1214 727 1263 permittentis
759 1214 923 1263 infirmo.

230 1280 391 1318 Apparent
424 1313 428 1317 .
532 1272 670 1308 Oritur
702 1272 763 1308 hic
794 1284 886 1307 sane
917 1272 1022 1308 nullo
1045 1272 1159 1308 modo
1184 1272 1463 1309 dissimulanda
1492 1271 1649 1321 questio,
1682 1271 1784 1320 quod

180 1314 406 1384 Οξὲζξῑξῖῇιξέἓξ
422 1321 453 1374 1ῖὲ
468 1330 555 1366 huic
582 1337 766 1379 precepto
800 1330 960 1365 Domini
990 1342 1062 1379 quo
1091 1342 1159 1366 nos
1191 1331 1372 1366 hortatur
1405 1329 1572 1380 diligere
1610 1329 1783 1365 inimicos

248 1384 382 1417 ‹zm-sing.
468 1395 620 1424 nostros
653 1395 687 1424 et
719 1388 946 1436 benefacere
979 1388 1050 1424 hiis
1089 1388 1154 1437 qui
1183 1389 1348 1424 oderunt
1386 1400 1454 1424 nos
1491 1394 1527 1423 et
1564 1399 1680 1423 orare
1706 1398 1783 1436 pro

468 1446 541 1482 hiis
570 1446 634 1495 qui
662 1458 728 1482 nos
745 1453 1045 1495 persequuntur,
1078 1446 1197 1482 multe
1227 1446 1302 1482 alie
1333 1446 1620 1495 scripturarum
1648 1452 1785 1494 partes
1801 1459 1842 1480 20

469 1504 594 1540 minus
617 1505 825 1554 diligenter
847 1511 882 1539 et
903 1504 1032 1540 sobrie
1054 1504 1385 1540 considerantibus
1407 1504 1586 1539 videntur
1609 1503 1784 1549 adverse,

469 1563 554 1611 quia
599 1570 634 1598 et
678 1563 712 1597 in
752 1562 956 1611 prophetis
1009 1562 1256 1598 inveniuntur
1317 1562 1435 1597 multe
1485 1561 1786 1611 imprecaciones

469 1621 660 1656 adversus
691 1620 875 1667 inimicos,
922 1632 992 1669 que
1024 1620 1318 1656 maledicciones
1345 1627 1548 1669 putantur,
1585 1619 1700 1655 sicuti
1731 1625 1785 1655 est

470 1679 588 1714 illud:
619 1679 708 1714 Fiat
731 1691 860 1714 mensa
884 1690 1017 1714 eorum
1041 1691 1173 1714 coram
1198 1678 1290 1727 ipsis
1313 1678 1349 1713 in
1374 1678 1564 1727 laqueum,
1588 1685 1622 1713 et
1645 1684 1784 1723 cetera,

471 1749 540 1785 que
579 1736 630 1771 ibi
675 1736 855 1772 dicuntur
893 1737 929 1772 in
963 1737 1131 1772 Psalmo.
1179 1736 1231 1772 Et
1276 1736 1393 1772 illud:
1436 1736 1552 1772 Fiant
1584 1735 1665 1785 filii
1707 1735 1786 1770 eius
1803 1739 1841 1771 25

466 1794 620 1843 pupilli,
654 1802 688 1829 et
722 1806 825 1830 uxor
853 1794 932 1830 eius
955 1794 1084 1841 vidua,
1119 1801 1153 1830 et
1186 1806 1329 1843 queque
1361 1794 1422 1829 vel
1453 1794 1560 1842 infra
1585 1794 1645 1829 vel
1666 1805 1785 1842 supra

472 1853 507 1887 in
530 1852 660 1888 eodem
686 1852 844 1888 Psalmo
867 1853 903 1887 in
921 1864 1090 1901 persona
1116 1852 1228 1887 vidue
1245 1865 1320 1901 per
1338 1852 1571 1901 prophetam
1592 1851 1782 1887 dicuntur.

473 1911 598 1945 Multa
642 1910 719 1945 alia
768 1922 1033 1959 usquequaque
1084 1910 1120 1945 in
1159 1910 1368 1959 scripturis
1418 1910 1667 1959 reperiuntur
1718 1921 1788 1958 que

473 1968 654 2004 videntur
691 1980 772 2004 esse
810 1969 1010 2004 contraria
1048 1975 1083 2004 et
1122 1969 1209 2004 lzuic
1242 1976 1428 2018 precepto
1462 1967 1622 2003 Domini
1657 1975 1692 2003 et
1731 1966 1790 2002 illi

473 2027 684 2075 apostolico
717 2038 789 2075 quo
821 2027 894 2062 ait:
938 2026 1158 2062 Benedicite
1196 2034 1231 2062 et
1263 2027 1379 2062 nolite
1417 2026 1661 2072 maledicere,
1702 2037 1787 2060 cum
1806 2031 1847 2064 30

473 2092 507 2120 et
547 2085 592 2120 de
624 2085 791 2120 Domino
829 2085 1017 2133 scriptum
1055 2085 1104 2120 sit
1142 2085 1243 2132 quod
1283 2084 1531 2120 maledixerit
1575 2083 1790 2119 civitatibus

474 2155 544 2190 que
577 2143 735 2178 verbum
769 2143 849 2178 eius
881 2155 953 2179 non
986 2150 1229 2191 acceperunt,
1265 2150 1299 2178 et
1322 2149 1558 2178 memoratus
1580 2141 1787 2190 Apostolus

475 2201 522 2236 de
552 2201 717 2249 quodam
751 2201 803 2236 ita
844 2199 1012 2238 dixerit:
1058 2200 1207 2236 Reddet
1251 2201 1309 2236 illi
1345 2201 1536 2236 Dominus
1581 2200 1789 2236 secundum

477 2271 594 2307 opera
627 2259 741 2294 illius.

187 2323 329 2363 ὃοῑυζῇῳη
351 2324 381 2349 ot
402 2322 450 2348 the
535 2317 612 2352 Sed
643 2317 710 2352 lzec
733 2317 861 2365 facile
891 2317 1108 2363 solvuntur,
1142 2317 1227 2365 quia
1261 2324 1295 2352 et
1322 2317 1515 2365 propheta
1543 2328 1618 2365 per
1649 2316 1790 2364 impre-
1807 2318 1847 2353 35

240 2358 403 2393 dunculty:
477 2375 667 2410 cacionem
702 2375 793 2423 quid
831 2382 927 2410 esset
957 2375 1144 2423 futurum
1185 2375 1330 2421 cecinit,
1375 2387 1448 2410 non
1488 2374 1654 2423 optantis
1692 2380 1790 2419 voto,

477 2433 544 2468 sed
575 2433 713 2482 spiritu
742 2433 1006 2482 previdentis:
1039 2433 1091 2468 ita
1124 2440 1158 2468 et
1194 2432 1396 2479 Dominus,
1431 2432 1481 2467 ita
1516 2439 1551 2468 et
1584 2431 1793 2481 Apostolus

546 2601 571 2628 5.
593 2601 631 2628 13:
655 2601 752 2628 eciam
773 2601 872 2633 deest;
912 2602 953 2628 ib.
976 2602 1013 2628 13:
1040 2601 1138 2628 eciam
1158 2601 1298 2628 oderunt.
1390 2600 1417 2628 ὁ.
1441 2600 1479 2627 B:
1500 2608 1533 2627 se
1552 2600 1656 2635 ipsos,·
1685 2600 1726 2627 ib.
1747 2600 1791 2626 A:

478 2639 618 2663 amantes
638 2636 731 2662 deest.
851 2636 878 2670 S,
899 2644 926 2670 9.
949 2637 992 2663 A:
1014 2644 1105 2671 quam
1124 2635 1233 2662 adhuc.
1351 2643 1390 2669 17.
1412 2637 1439 2662 A
1460 2634 1489 2661 in
1513 2643 1624 2670 marga
1650 2634 1794 2669 Questio‚·

478 2671 518 2697 ib.
539 2672 584 2697 A:
606 2671 843 2697 dissimulando.
937 2679 978 2706 19.
1002 2671 1040 2697 B:
1063 2674 1090 2697 et
1112 2671 1214 2697 bei-ore
1235 2669 1418 2706 benefacere
1438 2670 1531 2696 deest.
1630 2669 1670 2696 25.
1693 2670 1730 2696 B:
1753 2669 1796 2695 ibi

478 2705 572 2732 deest.
664 2704 701 2732 31.
724 2707 768 2732 A:
790 2705 828 2732 de
848 2705 944 2732 deest.
1036 2703 1078 2732 33.
1101 2705 1138 2732 15:
1160 2705 1249 2732 aixil.
1349 2703 1390 2731 35.
1412 2705 1439 2731 A
1460 2705 1489 2731 In
1511 2712 1625 2738 marga
1646 2703 1794 2736 Solucio‚·

478 2740 518 2766 ib.
543 2740 579 2767 15:
600 2740 656 2766 sed
676 2740 733 2766 ltoc
743 2739 846 2775 Jacile
864 2740 996 2767 solvunt.

550 2821 602 2852 24.
621 2811 749 2842 Psalm.
771 2812 917 2852 LXVIII,
938 2812 990 2843 23.
1066 2811 1120 2843 25.
1145 2812 1188 2843 ib.
1217 2812 1335 2851 CVIII,
1354 2822 1386 2853 9.
1460 2812 1512 2843 30.
1528 2811 1630 2842 Rom.
1649 2810 1720 2850 XII,
1744 2819 1793 2850 14.

481 2859 531 2890 31.
560 2857 679 2889 Matth.
706 2858 760 2895 XI,
790 2868 847 2896 213
877 2858 959 2889 Luc.
986 2859 1025 2897 X,
1058 2859 1106 2890 13.
1205 2859 1256 2892 33.
1286 2858 1308 2888 Ι.
1336 2857 1429 2889 Tim.
1456 2858 1512 2897 IV,
1548 2867 1596 2897 ¹4.
