2003 3322
177 197 368 251 CAP.Lv]
690 207 826 238 PRJMA
857 207 982 239 PARS.

236 315 380 360 Quoad
413 313 583 351 tercium
618 321 726 361 patet
758 315 966 362 quomodo
1002 313 1127 361 magis
1151 314 1332 361 ypocrite
1369 314 1482 351 multi

177 372 391 421 paciuntur
423 371 602 421 iniurias,
636 373 730 407 dum
765 379 857 408 sunt
889 372 1110 408 secundum
1144 371 1382 408 inimicicias
1415 381 1483 408 aut

54 442 133 486 375d
176 443 317 479 parvas
331 429 526 466 vindictas
549 428 760 477 angariati,
780 430 849 466 sed
865 429 966 465 sicut
993 426 998 482 Ι
1027 429 1066 466 in
1086 428 1287 477 prioribus
1303 429 1484 466 Christus

178 490 293 524 docet
335 488 571 533 remedium,
619 487 674 523 sic
722 486 764 523 in
807 487 884 524 isto
924 488 1032 535 quod
1071 487 1310 524 christianus
1350 488 1400 524 sit
1443 487 1484 523 in

145 546 298 594 5duplo
344 545 530 594 paracior
574 546 623 582 ad
668 545 767 582 tales
813 545 998 593 angarias
1043 545 1314 582 sufferendum
1361 558 1480 594 quam

177 612 409 652 persecutor
442 612 499 640 est
532 604 582 639 ad
615 604 713 639 tales
737 612 901 651 paratus
924 603 1093 640 latentes
1123 602 1289 640 iniurias
1313 603 1484 640 inferen-

178 663 286 697 dum.
338 663 437 698 Nam
490 674 532 697 ex
577 661 753 709 practica
801 660 896 698 satis
940 669 1050 709 patet
1095 662 1203 709 quod
1247 661 1484 698 Antichristi

177 719 394 767 discipulus
418 731 660 767 persequens
694 719 934 755 christianos
957 719 1045 767 plus
1078 719 1331 767 angustiatur
1362 732 1482 767 quam

177 777 324 813 Christi
358 777 576 825 discipulus
608 786 762 813 servata
795 777 1002 825 paciencia
1026 790 1116 813 curn
1150 776 1238 813 aliis
1270 776 1484 814 virtutibus

124 846 161 866 10
175 843 420 883 persecutus.
481 836 687 880 Quantum
743 836 793 871 ad
845 847 978 871 servos
1040 847 1213 883 quorum
1265 843 1483 872 tractatum

174 892 419 941 Augustinus
443 892 634 941 relinquit
657 894 729 929 sub
754 893 889 938 dubio,
914 901 1024 941 patet
1046 892 1086 928 in
1110 894 1286 941 quodam
1309 901 1485 930 tractatu

176 952 223 987 de
261 950 336 987 ista
380 951 584 987 sentencia
623 950 718 999 quid
758 950 914 988 videtur
954 950 1148 987 catholice
1193 951 1483 989 sustinendum.

699 1098 836 1138 CAP.
868 1098 965 1138 LV.

231 1195 349 1230 Hunc
381 1202 514 1230 autern
548 1202 697 1229 textum
731 1192 1001 1241 evangelicum
1044 1193 1124 1230 iam
1163 1194 1310 1230 lectum
1350 1194 1485 1241 Augu-

121 1251 298 1287 15stinus
337 1252 468 1287 adhuc
500 1250 760 1299 prosequitur
797 1251 836 1286 in
876 1252 947 1287 hec
988 1253 1125 1287 verba:
1179 1252 1322 1301 Magni
1358 1259 1483 1287 autem

170 1317 205 1344 et
235 1310 360 1345 sancti
391 1309 466 1345 viri
496 1309 558 1357 qui
588 1309 664 1344 iant
703 1309 844 1358 optime
880 1309 1023 1345 scirent
1061 1316 1224 1346 mortem
1264 1309 1376 1345 istam
1418 1322 1487 1358 que

169 1367 335 1402 aninzam
365 1367 539 1403 dissolvit
569 1379 590 1402 a
623 1379 789 1415 corpore
811 1379 882 1403 non
906 1379 986 1403 esse
1004 1367 1322 1415 formidandam,
1354 1379 1486 1403 secun-

171 1425 259 1460 a’um
293 1437 426 1461 eorum
460 1432 586 1460 tamen
619 1425 787 1460 animum
820 1424 885 1473 qui
921 1425 1029 1461 illam
1069 1426 1258 1469 timerent,
1305 1425 1487 1461 nonnulla

165 1490 326 1531 peccata
358 1490 484 1519 morte
510 1483 730 1531 punierunt,
776 1483 878 1531 quod
909 1490 945 1518 et
977 1483 1187 1519 viventibus
1226 1482 1329 1519 utilis
1367 1490 1488 1518 metus

116 1554 156 1574 20
171 1540 407 1576 incuteretur
439 1548 473 1576 et
505 1540 581 1576 illis
613 1540 677 1588 qui
707 1547 832 1576 morte
867 1540 1128 1589 puniebantur
1160 1553 1233 1577 non
1267 1540 1348 1590 ipsa
1382 1553 1489 1577 mors

173 1606 327 1634 noceret
358 1598 427 1634 sed
452 1606 669 1648 peccatum,
714 1599 816 1646 quod
858 1599 1001 1649 augeri
1039 1606 1184 1647 posset,
1227 1599 1261 1635 si
1303 1598 1486 1635 viverent.

171 1656 258 1692 Non
296 1656 394 1692 enim
433 1663 576 1692 temere
614 1656 673 1691 illi
703 1656 969 1692 iudicaverant
1007 1657 1139 1705 quibus
1188 1657 1266 1692 tale
1308 1656 1487 1692 iudicium

172 1714 387 1749 donaverat
409 1715 527 1750 Deus.
561 1714 655 1750 Inde
676 1721 732 1750 est
752 1714 854 1763 quod
886 1714 1022 1750 Helias
1045 1715 1186 1750 multos
1208 1721 1334 1750 morte
1364 1714 1490 1763 affecit

171 1778 207 1807 et
223 1771 391 1820 propria
423 1784 539 1807 manu
572 1779 607 1807 et
638 1771 728 1821 igne
761 1772 939 1808 divinitus
971 1772 1192 1822 impetrato,
1221 1779 1257 1808 et
1278 1779 1357 1808 tum
1381 1772 1492 1808 multi

116 1831 155 1863 25
172 1829 239 1864 alii
284 1829 421 1880 magni
465 1837 500 1865 et
545 1829 664 1865 divini
706 1829 782 1865 viri
823 1830 955 1866 eodem
1000 1830 1139 1879 spiritu
1191 1831 1304 1866 rebus
1353 1842 1488 1866 consu-

173 1887 276 1922 lendi
318 1887 495 1923 humanis
538 1900 611 1923 non
644 1894 787 1923 temere
813 1888 1011 1936 jecerunt.
1066 1888 1127 1924 De
1165 1899 1236 1936 quo
1275 1888 1364 1923 Elia
1404 1900 1489 1924 cum

173 1945 392 1993 exemplum
417 1945 609 1981 dedissent
634 1945 822 1994 discipuli,
857 1945 1009 1981 domino
1032 1953 1379 1982 commemorantes
1400 1945 1491 1995 quid

174 2002 220 2037 ab
253 2014 295 2037 eo
317 2003 474 2050 sactum
507 2003 567 2049 sit,
601 2010 641 2039 ut
673 2003 793 2039 eciam
827 2003 918 2052 ipsis
953 2004 1065 2039 daret
1082 2011 1315 2053 potestatem
1334 2003 1494 2053 petendi

175 2060 221 2095 de
252 2060 332 2096 celo
364 2060 493 2111 ignem
526 2061 577 2096 ad
614 2061 913 2097 consumendum
957 2073 1020 2097 eos
1061 2062 1126 2111 qui
1166 2061 1239 2098 sihi
1280 2061 1490 2110 hospicium

118 2121 159 2153 30
174 2130 247 2153 non
266 2118 486 2166 preberent,
520 2119 768 2168 reprehendit
799 2119 835 2154 in
868 2119 921 2155 eis
944 2119 1134 2156 Dominus
1166 2132 1238 2155 non
1271 2119 1489 2168 exemplum

174 2175 298 2211 sancti
324 2176 527 2225 prophete,
566 2177 634 2212 sed
665 2177 935 2227 ignoranciam
976 2177 1207 2223 vindicandi,
1251 2189 1323 2226 que
1366 2178 1492 2212 adhuc

175 2240 260 2269 erat
298 2234 334 2269 in
368 2233 539 2280 rudibus,
584 2234 896 2270 animadvertens
935 2246 998 2271 eos
1041 2248 1113 2271 non
1159 2247 1293 2271 amore
1337 2246 1491 2271 correc-

176 2291 319 2326 cionem
351 2292 420 2327 sed
451 2292 538 2327 odio
562 2292 788 2328 desiderare
824 2292 1043 2328 vindictam.
1078 2294 1210 2342 Itaque
1238 2299 1491 2342 posteaquam

178 2361 242 2384 eos
283 2349 409 2384 docuit
452 2350 554 2398 quod
597 2357 694 2385 esset
738 2350 905 2400 diligere
939 2350 1169 2399 proximum
1214 2358 1409 2400 tamquam
1453 2362 1494 2386 se

123 2406 301 2455 35ipsum
341 2406 467 2455 infuso
506 2407 625 2443 eciam
667 2408 814 2456 Spiritu
848 2408 989 2444 Sancto
1032 2420 1142 2457 quem
1189 2409 1317 2444 decem
1363 2408 1494 2444 diebus

179 2464 378 2513 completis
397 2471 487 2513 post
513 2465 770 2501 ascensionem
800 2478 909 2502 suam
934 2466 1100 2515 desuper
1122 2473 1162 2502 ut
1184 2466 1236 2502 eis
1253 2466 1495 2515 promiserat

252 2633 343 2667 14715.
358 2633 387 2659 A
400 2633 430 2660 in
447 2641 559 2668 marg:
575 2632 777 2669 Augustinus.
852 2642 895 2668 19.
911 2633 932 2660 Β
944 2643 948 2660 :
960 2634 1118 2669 punirent.
1190 2641 1228 2661 21.
1244 2635 1288 2661 A:
1303 2634 1495 2670 Augustinus

178 2671 292 2702 posset.
348 2675 395 2701 24.
408 2668 621 2707 Augustinus:
634 2668 718 2707 quod
728 2671 756 2695 et
767 2668 826 2695 alii
835 2669 930 2708 multi.
987 2668 1028 2696 25.
1039 2669 1083 2708 A.²
1097 2671 1125 2695 et
1137 2669 1254 2709 magni.
1312 2668 1358 2696 26.
1372 2669 1416 2695 A:
1429 2676 1495 2708 cuqn

183 2702 278 2729 deest.
351 2704 396 2730 28.
413 2702 450 2729 B:
472 2710 569 2729 eciam
584 2705 614 2730 et
626 2711 712 2738 zpszs.
785 2701 823 2730 31.
839 2704 883 2730 A:
899 2711 1119 2739 ignoranczam
1135 2703 1203 2731 Det.
1276 2702 1322 2731 36.
1338 2704 1382 2730 A:
1398 2705 1427 2730 el
1441 2711 1494 2730 ets.

258 2773 306 2804 15.
332 2774 383 2805 De
401 2784 562 2805 sermone
580 2774 720 2805 Domini
746 2775 783 2805 in
801 2780 930 2814 monte,
951 2774 972 2805 l.
992 2785 1019 2806 c.
1038 2785 1070 2816 p.
1095 2775 1167 2817 193.
1264 2775 1317 2807 23.
1338 2775 1390 2806 111.
1409 2774 1496 2816 Reg.

190 2818 239 2859 18,
265 2829 325 2859 403
352 2820 407 2851 IV.
433 2820 517 2862 Reg.
543 2830 569 2860 Ι,
600 2830 649 2851 10.
763 2819 815 2852 26.
844 2821 958 2852 Lucae
986 2820 1037 2860 lX,
1067 2820 1119 2860 54.
1218 2821 1269 2861 34.
1298 2822 1372 2852 Act.
1399 2821 1437 2860 ΙΙ,
1466 2830 1490 2851 2.

1689 208 1762 235 201

1547 1200 1735 1235 Augustine:

1509 1236 1590 1268 Holv
1611 1243 1679 1262 men
1702 1236 1776 1261 have

1536 1267 1669 1297 inflicted
1691 1270 1740 1296 the

1514 1305 1714 1340 punishment
1734 1305 1765 1331 ot

1588 1339 1689 1366 death.
