2003 3322
218 189 307 218 CAP.
328 180 455 234 xxiv]
676 190 887 223 SECUNDA
915 190 1041 221 PARS.

219 299 320 347 quod
356 298 391 334 in
431 305 466 334 te
509 305 563 333 est
602 297 756 333 tenebre
792 304 890 343 sunt,
931 297 1010 346 ipse
1047 296 1201 332 tenebre
1233 304 1371 345 quante
1412 298 1530 333 sunt?

220 356 326 392 Sicut
347 369 466 405 supra
491 355 661 391 diximus
683 356 884 391 tenebrosa
916 367 1071 404 semper
1093 362 1149 390 est
1171 355 1342 390 carnalis
1376 363 1530 399 natura,

217 415 305 463 quia
337 426 490 464 semper
519 413 722 461 peccatrix
754 420 817 451 est.
850 413 902 448 Et
932 413 966 449 si
996 425 1068 448 non
1088 420 1221 462 peccet
1243 413 1530 449 contradicente

217 472 289 508 sibi
318 472 459 519 anima,
503 479 627 507 tamen
661 478 763 507 recte
789 471 995 520 peccatrix
1038 478 1073 506 et
1115 471 1315 507 tenebrosa
1355 478 1529 517 vocatur,

186 531 202 564 5
217 531 305 579 quia
327 542 480 579 semper
502 530 613 565 habet
635 541 727 565 caro
745 529 938 578 peccandi
952 528 1212 578 propositum,
1245 536 1285 564 ut
1296 529 1531 578 frequenter

219 588 338 624 eciam
371 588 467 624 iuste
496 587 687 636 surripiat
718 587 843 622 anime
874 594 914 622 ut
946 588 1047 635 quod
1077 599 1187 622 suum
1211 594 1267 623 est
1289 594 1395 636 agat.
1436 586 1530 631 Quis

219 646 316 682 enim
350 653 406 682 est
437 646 487 680 ita
516 645 646 694 fidelis
678 645 742 693 qui
772 657 963 694 nunquam
998 645 1058 681 vel
1090 657 1140 681 ex
1166 652 1284 694 parte
1317 644 1437 680 victus
1475 653 1529 680 est

218 716 240 739 a
272 716 401 750 carne,
434 711 469 739 et
500 703 534 739 si
563 710 619 739 est
651 715 769 738 rarus
800 710 865 738 est.
905 703 1052 738 Lumen
1085 710 1210 739 autem
1245 710 1300 739 est
1331 702 1366 738 in
1399 703 1531 747 corde,

216 762 314 798 sicut
335 761 496 797 audistis
506 762 752 809 frequenter,
784 760 912 796 anima
935 761 1062 796 Deum
1087 760 1230 807 videns,
1253 761 1293 796 id
1321 768 1388 807 est,
1416 760 1529 809 spiri-

166 830 204 852 10
218 820 344 856 tualis.
379 819 423 854 Si
443 831 540 869 ergo
569 819 651 868 ipsa
684 818 813 854 anima
847 818 988 865 divina,
1022 831 1107 854 cum
1140 818 1189 854 sit
1220 826 1256 854 et
1289 819 1379 854 data
1403 826 1459 854 est
1480 820 1532 854 ad

218 877 513 913 illuminandum
547 877 654 912 illam
688 888 857 924 carnem,
880 876 959 926 fiat
984 876 1095 926 quasi
1115 876 1287 912 carnalis
1309 883 1344 912 et
1366 877 1532 912 terrenis

218 935 537 985 concupiscenciis
579 934 900 982 contenebrescat,
940 942 1096 970 terrena
1139 946 1294 983 semper
1331 935 1530 983 aspiciens,

219 993 321 1029 illius
353 993 516 1029 hominis
549 992 638 1028 talis
676 1004 768 1028 caro
808 992 882 1027 iam
923 993 1010 1030 vide
1047 993 1239 1041 quomodo
1273 992 1322 1028 sit
1360 992 1531 1028 involuta

219 1051 384 1087 tenebris
410 1058 674 1100 peccatorum.
710 1050 753 1085 Si
783 1050 881 1086 enim
913 1051 1009 1086 sicut
1042 1050 1213 1086 diximus
1246 1050 1281 1085 in
1316 1050 1399 1086 viro
1433 1051 1530 1086 iusto

166 1109 203 1142 15
220 1109 506 1145 contradicente
537 1109 608 1145 sibi
640 1108 832 1144 racionali
869 1108 998 1144 anima
1036 1120 1191 1157 semper
1227 1108 1399 1157 surrepit
1437 1121 1530 1144 caro

220 1174 255 1202 et
286 1167 388 1216 quod
426 1178 536 1202 suum
575 1173 631 1202 est
667 1166 763 1216 agit,
806 1166 959 1215 quantis
990 1173 1109 1215 putas
1152 1166 1187 1201 in
1232 1167 1384 1202 homine
1427 1166 1530 1202 malo

219 1224 477 1274 iniquitatibus
513 1236 554 1260 se
591 1224 757 1260 involvet
795 1236 887 1260 caro
925 1224 1078 1273 quando
1109 1224 1237 1260 anima
1270 1236 1340 1272 que
1378 1232 1531 1260 contra-

221 1283 348 1319 dicere
376 1282 435 1317 illi
461 1283 644 1318 debuerat
677 1282 860 1318 consentit
892 1282 926 1317 ei
956 1282 1096 1318 similia
1125 1282 1424 1331 concupiscens?
1456 1283 1534 1318 Per

220 1341 385 1376 alteram
417 1340 569 1389 quidem
607 1339 784 1389 speciem,
824 1347 949 1375 tamen
989 1340 1148 1376 eundem
1186 1353 1337 1376 sensum
1376 1340 1534 1389 exponit

163 1399 348 1435 20Lucas
385 1398 558 1446 primum
604 1398 812 1434 mandans:
854 1398 986 1434 Nolite
1022 1398 1170 1445 timere,
1209 1398 1376 1447 pusillus
1413 1410 1533 1448 grex,

221 1457 308 1505 quia
342 1456 573 1505 complacuit
600 1456 712 1505 patri
743 1463 870 1491 vestro
905 1456 1001 1491 dare
1034 1456 1139 1492 vobis
1172 1468 1351 1506 regnum⁷
1386 1456 1534 1491 vendite

219 1526 291 1563 que
307 1514 514 1563 possidetis
546 1521 582 1549 et
614 1514 702 1549 date
733 1514 992 1561 elemosinam,
1015 1514 1143 1562 facite
1171 1514 1275 1550 vobis
1297 1514 1449 1550 saculos
1470 1514 1536 1563 qui

220 1585 294 1608 non
318 1579 573 1619 veterascunt,
596 1572 818 1607 thesaurum
843 1584 915 1607 non
940 1572 1172 1620 dffcientem
1203 1572 1238 1607 in
1261 1572 1353 1608 celo.
1384 1572 1536 1607 Deinde

222 1630 295 1666 ait:
328 1630 412 1665 Sint
444 1630 565 1665 lumbi
595 1630 716 1665 vestri
740 1629 933 1679 precincti
962 1637 997 1665 et
1030 1630 1185 1666 lucerne
1206 1630 1387 1666 ardentes
1410 1637 1445 1665 et
1468 1642 1535 1666 vos

165 1687 206 1721 25
221 1688 365 1724 similes
404 1687 616 1723 hominibus
654 1687 944 1736 expectantibus
988 1688 1184 1724 dominum
1227 1700 1337 1724 suum
1383 1689 1534 1736 quando

223 1753 447 1782 revertatur
477 1758 499 1781 a
532 1745 691 1794 nupciis‚
724 1746 938 1793 ostendens,
976 1746 1064 1795 quia
1098 1758 1206 1782 nemo
1234 1753 1363 1795 potest
1394 1746 1536 1781 habere

226 1804 374 1840 lumbos
390 1803 610 1852 precinctos
631 1804 683 1838 ad
705 1804 922 1840 exeundum
947 1804 992 1839 de
1015 1805 1085 1840 lzoc
1109 1805 1251 1840 mundo
1275 1816 1342 1840 nec
1356 1804 1536 1840 lucernas

222 1862 402 1897 ardentes
440 1873 506 1897 nec
543 1869 751 1910 expectare
789 1861 984 1897 dominum
1022 1874 1131 1898 suum
1166 1862 1239 1897 nisi
1275 1862 1339 1910 qui
1370 1862 1536 1898 vendunt

223 1931 293 1968 que
331 1920 470 1955 habent
514 1927 549 1955 et
588 1920 680 1954 dant
717 1920 944 1956 elemosinas
984 1927 1018 1956 et
1047 1920 1205 1968 faciunt
1248 1920 1321 1956 sibi
1360 1920 1537 1956 sacculos

165 1977 286 2026 3oqui
335 1990 408 2013 non
461 1984 704 2013 veterascunt
751 1985 785 2013 et
828 1978 1052 2014 tlzesaurznn
1096 1990 1168 2014 non
1218 1978 1451 2027 deficientem
1501 1978 1537 2012 in

97 2038 178 2084 390¹>
223 2035 314 2072 celo.
345 2031 349 2087 Ι
379 2036 462 2071 Hec
496 2034 779 2071 Crisostomus.

281 2094 363 2129 Hec
396 2093 502 2129 dicta
535 2094 583 2128 de
616 2093 763 2129 sanctis
797 2093 1028 2129 doctoribus
1062 2106 1152 2129 cum
1177 2093 1335 2129 modica
1360 2093 1536 2129 declara-

223 2150 338 2186 cione
377 2159 414 2187 et
453 2150 559 2186 fideli
599 2150 852 2198 exposicione
895 2160 987 2187 sunt
1031 2150 1213 2187 fidelibus
1252 2151 1348 2187 satis
1389 2150 1534 2187 facilia.

224 2209 301 2244 Sed
333 2221 458 2244 unum
480 2208 638 2244 videtur
671 2210 900 2244 addendum
926 2210 1132 2257 quomodo
1155 2209 1414 2256 intelligenda
1443 2217 1535 2244 sunt

168 2269 206 2302 35
224 2267 340 2302 verba
368 2265 514 2302 Christi
541 2267 646 2302 Luce
668 2268 731 2312 XI⁷
760 2267 810 2312 34
844 2268 1008 2315 quando
1041 2266 1155 2303 dicit:
1191 2267 1234 2302 Si
1263 2279 1359 2317 ergo
1394 2279 1536 2315 corpus

224 2331 328 2359 tuum
363 2324 530 2360 lucidum
555 2324 698 2372 fuerit,
743 2337 815 2360 non
855 2325 997 2361 liabens
1035 2325 1203 2373 aliquam
1237 2333 1393 2374 partem
1435 2333 1535 2361 tene-

224 2382 400 2427 brarum,
440 2382 512 2417 erit
551 2382 719 2418 lucidum
766 2390 886 2418 totum
931 2391 966 2418 et
1008 2383 1106 2418 sicut
1155 2384 1312 2418 lucerna
1352 2383 1538 2433 fulguris

223 2440 455 2475 illuminabit
487 2448 532 2475 te.
580 2439 655 2476 Ubi
689 2439 847 2477 videtur
878 2440 1076 2488 imperitis
1109 2442 1216 2489 quod
1250 2440 1432 2477 Christus
1465 2453 1538 2476 nu-

223 2497 376 2544 gatorie
421 2497 536 2534 dicit:
589 2498 632 2533 Si
674 2511 816 2548 corpus
860 2506 965 2534 tuum
1010 2506 1129 2535 totum
1183 2499 1351 2535 lucidum
1394 2499 1539 2547 fuerit,

295 2686 316 2705 1.
330 2679 375 2705 A:
396 2679 452 2705 iste
466 2686 522 2713 pro
537 2678 611 2714 ipse,
634 2679 656 2706 B
677 2680 825 2714 cor1²exit3
847 2680 885 2706 ib.
905 2679 942 2706 13:
965 2682 1080 2715 quante
1094 2682 1194 2707 erunt.
1266 2678 1292 2711 3,
1308 2687 1337 2713 4.
1354 2679 1392 2706 13:
1414 2681 1540 2706 contra-

225 2711 344 2739 dicente
367 2713 484 2740 scilicet
501 2714 614 2741 anima.
723 2715 750 2742 6.
772 2716 816 2741 A:
845 2715 943 2741 ecianz
968 2715 1098 2742 iusticie.
1203 2722 1242 2741 12.
1270 2714 1308 2741 B:
1336 2714 1538 2741 tenebrescat.

226 2745 265 2774 13.
295 2748 338 2774 A:
372 2747 490 2775 induta.
606 2748 642 2776 15.
669 2749 712 2775 A:
740 2749 973 2776 contradicente
998 2750 1046 2775 vet
1070 2749 1301 2776 contradicenti
1322 2749 1399 2781 sibi,·
1429 2749 1466 2775 13:
1494 2749 1543 2775 rel

226 2782 454 2809 contradicenti
471 2783 610 2810 extinxit.
697 2792 734 2822 ¹7:
756 2784 800 2810 A:
822 2784 957 2811 involvit.
1045 2783 1084 2811 18.
1108 2784 1145 2810 ss:
1167 2785 1199 2811 ei
1217 2784 1311 2810 deest.
1398 2782 1439 2809 32.
1460 2784 1488 2810 A
1509 2782 1539 2809 in

227 2824 341 2850 marg:
362 2816 530 2844 Joliannes.
604 2816 649 2844 3Q.
671 2819 697 2844 A
724 2826 752 2845 ιι]
775 2826 889 2853 munga
914 2818 1068 2846 Ol71'eccio.

1737 181 1808 217 331

1558 2111 1714 2145 Difficmty
1735 2118 1767 2136 as
1787 2114 1818 2136 to

1567 2146 1650 2172 Luto
1671 2145 1750 2177 xxi,
1773 2144 1808 2171 36

1575 2181 1677 2207 where
1698 2180 1802 2207 Christ

1563 2223 1662 2241 seem&
1682 2219 1711 2241 to
1732 2219 1811 2241 ulter

1609 2258 1624 2275 a
1643 2250 1766 2276 truism.
