2062 3327
191 243 240 269 22

871 242 990 275 OPUS
1014 242 1350 275 EVANGELICUM
1598 233 1704 287 [CAP.
1724 241 1792 269 vu.

486 350 589 386 Unus
620 357 746 386 tamen
770 350 878 386 Deus
904 361 979 398 per
1009 356 1163 385 sanctos
1189 350 1405 399 prophetas
1437 358 1472 387 et
1494 351 1675 399 famulos
1705 364 1795 389 suos

474 408 682 444 secundum
716 407 1043 444 ordinatissimam
1084 407 1394 444 distribucionem
1440 416 1656 458 temporum
1691 410 1796 446 dedit

477 466 627 501 minora
646 473 831 515 precepta
850 465 996 515 populo
1019 477 1128 514 quem
1158 466 1296 502 timore
1327 467 1453 502 adhuc
1484 467 1650 517 alligari
1679 480 1794 516 opor-

477 525 591 570 tebat,
624 531 658 560 et
684 536 760 573 per
791 524 923 574 filium
966 536 1076 559 suum
1122 524 1272 560 maiora
1311 525 1458 574 populo
1491 537 1599 573 quem
1633 526 1796 563 caritate

478 583 553 618 iam
592 581 755 618 liberari
791 589 1035 618 convenerat.
1087 582 1182 618 Cum
1228 589 1354 618 autem
1387 583 1537 619 minora
1571 584 1828 632 minoribus,5

479 640 628 676 maiora
663 640 807 676 dantur
845 640 1068 687 maioribuS,
1112 641 1158 676 ab
1202 652 1244 677 eo
1288 641 1432 677 dantur
1463 641 1527 690 qui
1554 642 1660 678 solus
1692 643 1796 678 nouit

478 705 754 748 congruentem
810 698 889 734 suis
944 699 1180 747 temporibus
1233 700 1373 749 generi
1416 700 1582 736 humano
1625 700 1796 737 tribuere

478 756 718 795 medicinam.
752 757 834 793 Nec
866 757 1007 792 mirum
1031 763 1086 792 est
1122 758 1223 806 quod
1255 758 1399 793 dantur
1431 758 1581 794 maiora
1609 766 1795 808 precepta

473 821 641 864 propter
679 827 844 865 regnum
889 815 1060 851 celorum
1105 823 1140 852 et
1183 816 1334 852 minora
1380 817 1470 851 data
1514 823 1602 852 sunt
1628 824 1796 866 propter

479 886 644 923 regnum
697 880 910 921 terrenum,
960 874 1006 909 ab
1068 875 1199 910 eodem
1254 886 1327 910 uno
1378 874 1547 910 Domino
1599 875 1683 911 Deo
1735 876 1854 924 quim

469 931 571 980 fecit
622 932 745 967 celum
803 939 839 968 et
897 939 1057 968 terram.
1124 933 1182 968 De
1242 932 1314 968 hac
1375 945 1475 983 ergo
1528 933 1675 969 iusticia
1727 945 1797 982 que

479 989 605 1025 maior
644 996 711 1037 est,
757 989 899 1026 dicitur
932 1002 1007 1039 per
1034 990 1294 1040 prophetam.-
1336 991 1490 1027 Iusticia
1528 998 1592 1026 tua
1631 991 1798 1028 Domine

476 1047 575 1084 sicut
633 1055 780 1084 montes
836 1048 932 1094 Dei;
988 1055 1023 1084 et
1084 1049 1155 1085 hoc
1208 1049 1300 1084 bene
1353 1049 1547 1099 significat
1590 1050 1692 1098 quod
1748 1050 1795 1086 ab

479 1119 551 1142 uno
584 1106 775 1157 magistro
807 1107 889 1142 solo
923 1106 1104 1143 docendis
1147 1107 1262 1142 tantis
1300 1108 1413 1143 rebus
1457 1107 1591 1144 idoneo
1636 1108 1797 1144 docetur

479 1165 514 1200 in
554 1171 691 1200 monte.
740 1165 884 1201 Sedens
917 1172 1043 1201 autem
1085 1165 1194 1201 docet
1233 1165 1335 1214 quod
1375 1166 1543 1214 pertinet
1580 1166 1631 1201 ad
1669 1164 1851 1216 magi-15

478 1222 589 1260 sterii
631 1223 883 1273 dignitatem;
925 1230 960 1259 et
1002 1224 1189 1259 accedunt
1239 1223 1291 1258 ad
1334 1236 1419 1259 eum
1473 1224 1653 1273 discipuli
1703 1225 1795 1271 eius,

480 1289 519 1317 ut
575 1281 777 1317 audiendis
836 1280 963 1318 verbis
1020 1282 1099 1317 eius
1151 1282 1205 1317 hii
1261 1289 1384 1318 essent
1450 1282 1568 1318 eciam
1631 1295 1796 1332 corpore

479 1339 682 1376 viciniores
724 1339 789 1388 qui
822 1340 1019 1389 preceptis
1061 1340 1319 1389 adimplendis
1362 1340 1481 1376 eciam
1533 1340 1660 1377 animo
1699 1353 1794 1390 pro-

473 1398 669 1447 pinquent.

536 1458 585 1492 Et
630 1464 827 1504 quantum
872 1457 923 1492 ad
966 1455 1139 1503 primam
1185 1464 1276 1492 octo
1322 1455 1615 1493 beatitudinum
1661 1458 1795 1504 Augu·
1814 1466 1855 1487 20

479 1514 605 1551 stinus
638 1513 693 1550 sic
738 1513 934 1562 quuitur:
972 1514 1171 1564 Legimus,
1205 1514 1347 1563 inquit,
1380 1515 1568 1564 scriptum
1603 1515 1649 1550 de
1679 1528 1794 1564 appe-

478 1573 614 1609 ticione
638 1585 769 1608 rerum
793 1573 1088 1621 temporalium:
1127 1572 1264 1608 Omnia
1303 1573 1453 1609 vanitas
1485 1581 1520 1609 et
1547 1574 1795 1622 presumpcio

477 1631 659 1681 spiritus;
684 1631 934 1680 presumpcio
956 1638 1082 1666 autem
1105 1631 1266 1680 spiritus
1289 1631 1492 1667 audaciam
1517 1639 1552 1667 et
1573 1631 1794 1680 superbiam

478 1689 693 1739 significat:
726 1689 844 1739 vulgo
876 1696 1003 1724 autem
1036 1701 1201 1739 magnos
1231 1689 1392 1738 spiritus
1424 1689 1565 1725 habere
1597 1690 1853 1735 dicuntur;25

480 1754 514 1783 et
547 1754 650 1783 recte
693 1747 844 1795 quando
889 1747 1039 1796 quidem
1087 1747 1205 1783 eciam
1250 1747 1410 1796 spiritus
1458 1755 1590 1784 ventus
1623 1755 1795 1783 vocatur.

485 1806 592 1841 Unde
622 1805 809 1854 scriptum
844 1813 920 1841 est:
958 1805 1079 1855 Ignis,
1116 1806 1287 1856 grando,
1326 1805 1408 1853 nix,
1445 1806 1607 1856 glacies,
1638 1806 1798 1855 spiritus

480 1863 726 1913 tempestatis.
780 1864 874 1907 Quis
922 1876 1014 1900 vero
1059 1864 1202 1900 nesciat
1243 1864 1429 1913 superbos
1467 1864 1502 1900 in
1532 1860 1678 1917 {flatos
1711 1864 1798 1911 dici,
1838 1865 1917 1898 3550

480 1929 676 1971 tamquam
722 1929 832 1958 vento
889 1922 1102 1958 distentos?
1151 1922 1258 1958 Unde
1301 1922 1420 1958 eciam
1465 1922 1562 1958 illud
1604 1922 1799 1972 Apostoli:

482 1980 653 2016 Sciencia
698 1979 819 2030 inflat,
863 1980 1007 2016 caritas
1052 1992 1143 2016 vero
1188 1980 1352 2029 edificat.
1404 1981 1655 2030 Quapropter
1699 1988 1800 2016 recte

482 2038 542 2074 hic
585 2038 858 2088 intelliguntur
900 2051 1096 2087 pauperes
1144 2039 1297 2087 spiritu,
1342 2038 1504 2074 humiles
1549 2046 1584 2074 et
1626 2039 1800 2075 timentes
1816 2041 1857 2073 30

483 2097 623 2143 Deum,
655 2096 695 2132 id
726 2103 794 2143 est,
828 2109 900 2132 non
924 2097 1103 2132 habentes
1136 2096 1375 2147 inflacionem
1408 2097 1579 2145 spiritus.
1615 2097 1696 2133 Nec
1727 2096 1798 2132 ali-

483 2155 582 2190 unde
625 2154 777 2191 omnino
815 2155 984 2204 incipere
1035 2155 1205 2203 oportuit
1249 2155 1533 2200 beatitudinem,
1577 2155 1612 2190 si
1648 2155 1797 2204 quidem

478 2220 716 2262 perventura
761 2220 816 2249 est
859 2214 911 2248 ad
954 2226 1144 2249 summam
1190 2213 1435 2262 sapienciam.
1482 2213 1639 2248 Inicium
1672 2220 1797 2249 autem

482 2271 672 2320 sapiencie
704 2271 822 2307 timor
852 2271 1024 2318 Domini,
1069 2271 1245 2320 quoniam
1291 2278 1325 2307 et
1357 2283 1376 2307 e
1407 2271 1605 2307 contrario
1644 2271 1797 2307 inicium

483 2329 605 2365 omnis
643 2330 796 2378 peccati
835 2329 1015 2378 superbia
1066 2342 1146 2365 esse
1196 2329 1438 2365 describitur.
1491 2329 1658 2379 Superbi
1700 2341 1856 2379 ergo4o

553 2508 580 2534 7,
608 2498 635 2526 8.
665 2500 698 2527 In
726 2503 807 2527 textu
833 2500 931 2535 Aug:
965 2499 1109 2527 exhibere
1133 2500 1325 2527 medicinam.
1468 2508 1501 2527 ιι.
1531 2500 1576 2527 A:
1610 2500 1675 2527 Deo
1706 2500 1799 2526 deest.

486 2533 525 2567 ιδ’,
543 2542 583 2569 ¹9-
602 2542 662 2569 pro
687 2534 836 2569 inquant;
858 2535 879 2561 B
900 2535 929 2561 in
952 2542 1065 2569 marg:
1088 2534 1128 2561 Et
1146 2537 1291 2570 quantum
1311 2534 1354 2561 ad
1371 2534 1454 2561 istud
1471 2542 1523 2562 ver
1538 2555 1544 2561 .
1561 2556 1567 2562 .
1585 2544 1611 2562 .:
1624 2534 1756 2569 Aperuit
1767 2542 1801 2562 os

482 2577 570 2596 suum
596 2571 626 2596 in
664 2577 708 2596 tec
733 2570 827 2596 verba
844 2590 849 2596 .
868 2591 873 2595 .
890 2591 895 2596 .
913 2591 919 2596 .
940 2572 969 2596 te
988 2569 1056 2604 ipsa
1076 2577 1164 2596 mora
1185 2570 1361 2596 commenda
1376 2589 1383 2596 .
1400 2590 1406 2596 .
1424 2591 1428 2596 .
1443 2570 1603 2605 aliquanto
1624 2569 1801 2605 longiorem

476 2603 585 2639 futuri
610 2612 625 2630 e
642 2626 646 2630 .
664 2625 669 2630 .
688 2625 692 2630 .
712 2625 717 2630 .
739 2612 909 2632 sermonem
929 2603 1093 2641 nisiforte
1113 2612 1174 2631 non
1195 2606 1286 2631 vacat
1297 2604 1381 2639 quod
1398 2612 1478 2631 nunc
1497 2613 1562 2631 eum
1578 2604 1690 2631 dictum
1710 2607 1756 2631 est
1767 2612 1801 2631 os

483 2647 570 2665 suum
602 2639 762 2673 aperuisse
792 2639 876 2674 quod
907 2639 972 2674 ipse
1007 2640 1037 2666 in
1074 2639 1172 2678 ueteri
1203 2639 1272 2675 lege
1302 2647 1458 2678 apparere
1487 2639 1566 2679 solet
1595 2647 1651 2666 ora
1671 2639 1801 2673 prophe-

486 2676 587 2700 tarum
603 2695 608 2700 .
627 2696 631 2701 .
648 2695 654 2700 .
728 2681 771 2707 22,
789 2673 829 2701 23.
847 2675 873 2701 A
887 2684 892 2700 :
910 2682 1034 2709 presunt
1059 2681 1105 2701 cio
1121 2674 1250 2709 spiritus
1266 2674 1369 2701 betore
1380 2682 1576 2709 presumpcio
1588 2677 1690 2701 autem
1705 2674 1799 2700 deest.

486 2716 532 2742 24.
554 2710 652 2743 Aug:
674 2709 767 2745 vulgo
789 2710 896 2736 eciam.
970 2707 1002 2742 31
1033 2682 1078 2735 fi:
1100 2708 1225 2744 quando
1246 2712 1276 2736 et
1295 2709 1482 2736 econtrario.

564 2826 611 2847 11.
630 2816 742 2846 Psalm
758 2816 892 2856 XXXV,
909 2826 939 2858 7.
991 2815 1044 2847 26.
1060 2816 1175 2847 Psalm
1192 2816 1372 2855 CXLVIII,
1387 2814 1418 2846 8.
1470 2826 1522 2858 29.
1541 2816 1564 2846 Ι.
1584 2815 1801 2854 Cor.V111,1.

492 2863 544 2896 33.
572 2862 686 2893 Psalm
714 2862 782 2901 CX⁷
814 2873 863 2895 10.
960 2872 1014 2902 40.
1041 2862 1146 2894 EcclI.
1171 2862 1212 2901 X,
1244 2863 1294 2893 15.
