2003 3322
230 517 411 552 Examples:

238 576 280 604 St.
303 576 399 607 Peter,

248 808 291 836 Sl.
314 807 396 842 Paul,

213 1268 255 1296 St.
278 1269 427 1296 Thomas.

184 1904 331 1945 Diffssfssssss
346 1906 458 1944 classes

229 1944 259 1968 ot
280 1949 417 1976 mJurles.

897 230 1015 262 OPUS
1040 231 1375 262 EVANGELICUM
1594 219 1699 272 [CAP.
1722 228 1785 256 Lv.

475 336 577 371 misit
608 348 680 372 non
715 336 922 384 defuerunt
954 336 1049 372 tales
1083 336 1249 372 vindicte
1287 336 1462 385 quamvis
1501 337 1619 372 multo
1658 337 1788 372 rarius

473 406 587 442 quam
627 393 663 428 in
704 394 824 429 veteri
866 401 1104 430 testamento.
1150 394 1207 429 Ibi
1251 394 1347 429 enim
1392 406 1442 430 ex
1485 394 1633 430 maiore
1673 401 1790 443 parte

472 451 681 486 servientes
714 451 852 487 timore
870 451 1162 500 premebantur,
1197 464 1269 487 non
1293 464 1428 488 amore
1454 452 1696 497 levabantur,
1729 452 1789 487 lzic

473 516 599 544 autem
646 509 818 544 maxime
862 509 1068 545 dileccione
1112 510 1224 545 liberi
1267 510 1546 546 nutriebantur.
1607 510 1709 545 Nam
1754 517 1789 545 et

474 567 599 602 verbis
643 567 744 602 beati
788 567 955 616 apostoli
998 567 1107 603 Petri
1142 567 1312 603 Ananias
1356 575 1391 603 et
1429 579 1532 603 uxor
1571 568 1650 603 eius
1692 567 1821 603 sicut5

472 624 638 674 legimus
695 625 893 661 exanimes
948 625 1167 661 ceciderunt
1223 637 1289 661 nec
1334 625 1552 662 resuscitati
1594 632 1681 662 sunt
1722 625 1791 661 sed

469 682 620 731 sepulti.

530 740 589 775 Et
619 739 654 776 si
683 740 770 776 huic
803 740 900 776 libro
934 740 1093 776 heretici
1122 740 1187 789 qui
1217 741 1479 776 adversantur
1517 740 1638 776 veteri
1673 748 1788 776 testa-

473 804 598 833 mento
631 798 763 833 nolunt
796 799 968 844 credere,
1003 798 1166 834 Paulum
1200 798 1417 847 apostolum
1450 810 1559 847 quem
1594 798 1787 834 nobiscum

473 855 606 906 legunt
650 855 871 891 intueantur
910 856 1096 892 dicentem
1137 857 1185 909 dev
1220 857 1386 905 quodam
1427 863 1635 905 peccatore
1678 867 1848 905 quemIO

472 913 636 949 tradidit
667 920 802 949 satane
834 914 869 949 in
904 914 1100 950 interitum
1134 914 1276 962 carnis,
1321 922 1360 950 ut
1404 914 1532 949 anima
1571 914 1620 950 sit
1662 915 1785 950 salva.

472 971 524 1007 Et
554 971 589 1007 si
619 972 752 1007 nolunt
784 972 1003 1022 intelligere
1035 972 1095 1008 lzic
1127 979 1289 1008 mortem
1314 972 1439 1021 (forte
1476 972 1573 1008 enini
1603 972 1789 1008 incertum

472 1030 545 1078 est)
579 1029 788 1078 quamlibet
820 1029 1027 1065 vindictam
1056 1041 1131 1079 per
1162 1037 1339 1066 satanam
1363 1031 1520 1079 factam
1545 1030 1591 1066 ab
1614 1030 1789 1079 apostolo

463 1087 673 1135 fateantur
705 1088 807 1136 quod
838 1100 909 1125 non
943 1100 1028 1123 eum
1052 1088 1139 1124 odio
1161 1088 1230 1124 sed
1253 1100 1387 1124 amore
1399 1088 1545 1136 fecisse
1568 1088 1791 1137 manifestat

472 1145 570 1180 illud
592 1145 781 1181 adiectum
816 1153 855 1181 ut
886 1146 1014 1181 anima
1036 1146 1085 1182 sit
1106 1146 1229 1182 salva.
1264 1146 1340 1182 Aut
1363 1146 1398 1181 in
1422 1145 1532 1182 libris
1561 1146 1637 1181 illis
1660 1146 1791 1194 quibus
1812 1145 1846 1177 15

472 1203 546 1252 ipsi
585 1216 769 1253 magnam
813 1203 985 1239 tribuunt
1017 1204 1301 1251 auctoritatem,
1347 1203 1660 1239 animadvertant
1689 1204 1792 1253 quod

473 1261 647 1307 dicimus,
682 1261 745 1297 ubi
774 1261 962 1311 scriptum
995 1269 1052 1298 est
1076 1262 1295 1311 apostolum
1325 1262 1510 1298 leomam
1535 1261 1791 1311 imprecatum

472 1319 624 1355 cuidam
664 1332 685 1354 a
725 1331 796 1368 quo
832 1320 968 1368 palma
996 1332 1206 1369 percussus
1245 1328 1343 1356 esset
1381 1319 1624 1356 atrocissime
1655 1319 1793 1355 mortis

471 1377 715 1426 supplicium,
755 1377 922 1413 animam
956 1385 1082 1413 tamen
1123 1378 1202 1414 eius
1239 1378 1483 1414 commendat
1521 1385 1560 1413 ut
1592 1377 1627 1413 in
1651 1377 1793 1426 futuro

472 1435 600 1471 seculo
634 1435 668 1471 ei
694 1443 942 1484 parceretur,
976 1435 1082 1472 cuius
1115 1449 1137 1471 a
1171 1435 1277 1472 leone
1299 1436 1456 1472 occisia
1480 1443 1606 1472 cetero
1629 1447 1795 1484 corpore
1811 1446 1852 1467 20

474 1494 709 1542 discerptam
743 1506 897 1529 manum
931 1494 1037 1530 canis
1068 1494 1195 1529 intulit
1227 1494 1367 1530 mensis
1399 1494 1434 1529 in
1456 1494 1591 1543 quibus
1613 1493 1793 1529 conviva-

473 1551 589 1587 batur
610 1551 832 1599 Apostolus.
863 1551 935 1587 Cui
955 1552 1149 1601 scripture
1171 1552 1257 1588 licet
1281 1552 1387 1588 nobis
1410 1564 1483 1587 non
1508 1552 1690 1596 credere,·
1721 1563 1792 1587 non

473 1616 529 1645 est
561 1609 658 1644 enim
692 1609 727 1645 in
761 1609 949 1646 catholico
982 1622 1146 1646 canone:
1193 1609 1251 1645 illi
1293 1617 1420 1645 tamen
1460 1622 1543 1646 eam
1583 1617 1618 1645 et
1662 1610 1794 1659 legunt

473 1674 509 1702 et
541 1674 736 1715 tamquam
769 1667 1146 1717 incorruptissimam
1181 1667 1497 1717 verissimamque
1519 1668 1712 1704 honorant
1734 1667 1798 1715 qui

474 1725 662 1761 adversus
694 1726 922 1774 corporales
955 1725 1144 1762 vindictas
1165 1738 1235 1775 que
1257 1734 1344 1762 sunt
1366 1726 1402 1761 in
1426 1726 1548 1762 veteri
1567 1732 1793 1761 testamento
1811 1726 1849 1757 25

475 1783 598 1818 nescio
631 1795 704 1831 qua
737 1783 895 1819 cecitate
932 1783 1122 1819 acerrime
1158 1784 1319 1831 seviunt,
1372 1796 1442 1832 quo
1481 1784 1608 1819 animo
1648 1791 1683 1819 et
1721 1795 1792 1831 qua

475 1840 749 1876 distribucione
782 1849 999 1890 temporum
1024 1841 1139 1890 facte
1168 1849 1257 1877 sunt
1288 1842 1441 1878 omnino
1476 1841 1693 1877 nescientes.

538 1899 741 1934 Tenebitur
773 1899 896 1949 igitur
918 1899 954 1935 in
978 1900 1048 1935 lzoc
1072 1900 1302 1935 iniuriarum
1325 1912 1469 1950 genere
1492 1900 1593 1948 quod
1609 1911 1685 1948 per
1713 1899 1792 1934 vin—

474 1956 616 1992 dictam
656 1957 775 1992 luitur
806 1957 876 1993 iste
915 1957 1052 1993 modus
1083 1957 1329 2005 christianus,
1373 1965 1413 1993 ut
1456 1965 1612 2007 accepta
1655 1957 1793 1992 iniuria

474 2027 545 2050 non
577 2022 720 2065 surgat
751 2014 788 2050 in
821 2015 950 2051 odium
983 2016 1051 2051 sed
1082 2015 1320 2064 infirmitatis
1343 2015 1609 2051 misericordia
1627 2021 1794 2064 paratus
1810 2016 1851 2048 30

471 2072 520 2108 sit
552 2072 702 2109 animus
729 2073 849 2121 plura
877 2073 1052 2122 perpeti;
1090 2085 1155 2109 nec
1187 2073 1475 2123 correpcionem
1510 2073 1688 2124 negligat
1717 2085 1792 2122 qua

473 2130 533 2166 vel
565 2131 722 2166 consilio
758 2131 818 2167 vel
850 2131 1082 2166 auctoritate
1115 2132 1174 2167 vel
1200 2139 1395 2181 potestate
1427 2132 1482 2167 uti
1507 2138 1650 2181 potest.

530 2188 648 2223 Aliud
679 2200 770 2224 vero
804 2188 1034 2224 iniuriarum
1064 2201 1188 2239 genus
1220 2197 1275 2225 est
1307 2190 1409 2238 quod
1440 2190 1635 2239 integrum
1664 2195 1793 2237 potest

473 2246 635 2294 restitui,
678 2247 783 2282 cuius
828 2247 901 2282 due
931 2247 1075 2295 species
1115 2259 1187 2282 una
1229 2248 1280 2282 ad
1312 2247 1531 2296 pecuniam,
1577 2247 1702 2282 altera
1741 2246 1792 2281 ad

473 2316 590 2352 opera
618 2304 799 2353 pertinet.
841 2305 1093 2353 Quapropter
1124 2305 1226 2340 illius
1263 2305 1308 2340 de
1342 2305 1466 2341 tunica
1497 2312 1532 2340 et
1555 2304 1848 2351 vestimento,35

473 2362 583 2398 liuius
616 2363 662 2397 de
693 2362 860 2413 angaria
895 2363 999 2398 mille
1016 2375 1201 2411 passuum
1226 2371 1262 2398 et
1285 2364 1400 2398 duum
1425 2363 1587 2398 millium
1611 2362 1791 2411 exempla

471 2427 558 2455 sunt
589 2420 769 2467 subiecta,
801 2420 888 2469 quia
921 2427 957 2456 et
990 2420 1104 2456 reddi
1146 2420 1409 2457 vestimentum
1437 2428 1579 2470 potest,
1612 2427 1647 2456 et
1681 2431 1789 2468 quenz

473 2478 669 2514 adiuveris
703 2490 819 2528 opere
845 2485 974 2527 potest
1007 2485 1042 2514 te
1073 2478 1193 2514 eciam
1226 2478 1306 2528 ipse
1337 2479 1371 2515 si
1401 2490 1496 2528 opus
1519 2478 1650 2527 fuerit
1681 2477 1789 2513 adiu-

544 2658 572 2686 8.
604 2660 649 2686 A:
683 2659 746 2687 Sed
775 2660 810 2687 si.
939 2659 973 2687 15.
1008 2659 1047 2686 B:
1080 2659 1158 2687 illud
1187 2659 1346 2686 abiectum.
1476 2658 1516 2686 18.
1549 2659 1594 2686 A:
1626 2659 1788 2693 percussit.

473 2702 512 2721 21.
546 2694 583 2721 B:
618 2695 733 2720 carnis.
854 2702 897 2721 22.
932 2695 959 2721 A
992 2694 1021 2721 iu
1056 2702 1171 2729 marga
1208 2694 1301 2721 Nota.
1418 2692 1461 2721 23,
1494 2694 1534 2720 B:
1568 2702 1635 2721 eam
1667 2694 1788 2729 legunt.

473 2727 518 2755 30.
552 2730 595 2755 A:
628 2731 787 2763 surgeret.
904 2727 943 2756 31.
975 2730 1019 2756 A:
1054 2728 1292 2756 correccionenz.
1410 2727 1452 2755 33.
1485 2728 1513 2755 A
1546 2729 1575 2755 in
1609 2736 1724 2762 marga
1758 2733 1787 2754 2.

473 2763 513 2790 35.
536 2764 580 2790 A:
603 2771 740 2798 operam.

548 2846 576 2879 5.
604 2848 677 2878 Act.
706 2846 744 2886 II,
773 2856 801 2878 2.
898 2857 929 2889 9.
956 2847 980 2878 Ι.
1007 2847 1087 2878 Cor.
1112 2848 1154 2886 V,
1183 2846 1211 2879 5.
