2003 3322
217 584 344 619 Luxury
363 583 398 610 of

235 619 377 654 prelates,

229 662 260 680 es
287 653 394 689 eciaIIy

279 696 362 715 eans.

191 1164 252 1192 We
274 1168 356 1191 must
377 1166 430 1190 not

178 1207 233 1234 say
253 1207 291 1226 an
312 1198 450 1228 untruth,

209 1234 263 1261 but
282 1242 327 1260 we
348 1241 419 1269 may

223 1273 403 1295 sometimes

202 1305 286 1331 leave
307 1312 322 1330 a
342 1304 426 1330 truth

231 1339 404 1373 unspoken.

856 239 974 270 opus
1000 238 1336 270 EVANGEmcuM
1525 226 1631 279 [CAP.
1652 233 1776 261 xxxv.

461 345 527 382 Isti
552 358 646 393 ergo
671 345 739 394 qui
763 354 935 394 querunt
965 345 1242 393 principaliter
1264 344 1486 392 temporale
1518 343 1776 379 commodum

462 414 499 440 et
530 416 612 439 non
645 405 802 440 lucrum
838 403 971 440 anime
1005 412 1043 440 et
1076 405 1125 439 ad
1159 404 1235 439 hoc
1268 411 1408 450 aptant
1449 414 1541 438 suos
1574 412 1777 437 sermones

461 475 507 499 ac
541 463 707 498 modurn
741 461 1016 508 conversandi,
1050 473 1131 497 non
1164 460 1309 497 mirum
1346 460 1377 496 si
1400 459 1512 497 radix
1534 459 1610 496 ista
1631 458 1778 495 infecta

461 520 657 567 impediat
690 520 798 568 ipsos
832 520 1028 568 proficere
1061 521 1112 556 ad
1145 520 1250 555 hunc
1283 518 1417 554 finem.

519 580 568 614 Et
599 578 705 614 idern
731 578 889 614 videtur
922 577 1115 614 iudicium
1142 578 1189 613 de
1223 576 1423 624 episcopis
1457 585 1492 612 et
1524 574 1687 624 prelatis
1720 574 1811 610 in-5

462 636 677 672 ferioribus
725 636 792 685 qui
840 636 900 673 vel
946 644 1174 672 mutescunt
1214 636 1348 683 quoad
1387 633 1779 681 evangelizacionem

460 694 522 731 vel
554 694 634 731 vita
667 707 738 731 sua
779 703 836 730 est
869 694 1073 730 contraria
1105 693 1235 730 verbis
1269 692 1429 729 Christi.
1481 691 1638 728 Dicitur
1671 690 1776 727 enirn

462 765 545 788 non
579 765 662 789 esse
697 752 825 801 magis
858 751 1083 789 luxuriosos
1117 751 1157 787 in
1192 752 1344 787 mundo
1368 763 1489 799 quam
1523 758 1614 786 sunt
1638 748 1780 786 decani

463 810 724 858 capitulares3
767 819 804 846 et
844 810 899 846 sic
940 819 997 846 est
1030 812 1077 846 de
1117 809 1281 858 prelatis
1320 808 1408 845 aliis
1446 821 1573 857 usque
1613 808 1663 844 ad
1702 806 1781 855 epi-

461 881 604 917 scopos
643 868 711 917 qui
745 869 834 916 plus
867 877 1067 905 venantur
1099 869 1255 904 lucrum
1297 866 1501 904 commodi
1546 864 1780 913 temporalis
1801 876 1840 897 10

463 939 585 975 quam
608 927 779 963 salutem
804 926 938 963 anime
962 926 1231 963 subditorum.
1257 925 1473 971 Quomodo
1498 937 1592 972 ergo
1616 931 1782 972 possunt

462 985 561 1022 tales
602 984 739 1021 infecti
772 986 962 1033 prodesse
995 986 1130 1032 quoad
1169 984 1326 1020 lucrum
1360 983 1492 1019 anime
1526 982 1781 1019 subditorum

465 1056 564 1092 quos
592 1043 688 1079 false
711 1042 897 1079 visitant?
930 1045 977 1079 Et
1007 1044 1055 1079 de
1084 1055 1189 1091 papa
1218 1041 1264 1086 (si
1292 1042 1350 1078 fas
1374 1050 1431 1078 est
1454 1039 1600 1091 dicere)
1627 1039 1783 1077 videtur

466 1102 576 1150 quod
609 1100 695 1150 ipse
729 1101 779 1137 sit
812 1101 923 1137 radix
956 1101 1071 1137 huius
1105 1099 1312 1148 ypocrisis.

524 1159 771 1207 Augustinus
823 1168 956 1195 autem
1001 1171 1092 1196 vere
1143 1158 1239 1195 dicit
1284 1159 1392 1206 quod
1443 1157 1623 1205 prelatus
1668 1155 1840 1192 debet15

467 1230 557 1255 vere
607 1226 644 1254 et
682 1217 896 1253 'humiliter
947 1216 1130 1253 confiteri
1177 1216 1434 1264 fragilitatem
1488 1214 1695 1263 propriam
1748 1222 1785 1250 et

469 1275 787 1312 misericorditer
839 1275 1009 1312 subditis
1062 1276 1385 1311 condescendere
1439 1286 1519 1310 non
1566 1274 1616 1310 ad
1668 1284 1784 1308 suum

468 1334 693 1382 temporale
727 1334 988 1370 commodum
1022 1334 1091 1369 sed
1124 1334 1174 1369 ad
1207 1334 1359 1368 bonum
1392 1331 1549 1368 virtutis
1581 1339 1625 1367 ut
1656 1329 1786 1367 verifi-

469 1402 582 1430 cetur
614 1392 714 1428 illud
737 1391 923 1440 Apostoli
957 1393 1004 1428 de
1036 1390 1152 1439 ipsis:
1186 1392 1273 1427 Non
1297 1402 1415 1439 quero
1450 1397 1578 1426 vestra
1609 1389 1678 1425 sed
1707 1400 1784 1424 vos.

469 1452 547 1488 Sed
586 1451 739 1498 pseudo
780 1459 871 1486 sunt
911 1450 978 1498 qui
1012 1458 1244 1497 pervertunt
1275 1457 1401 1485 totam
1436 1448 1555 1485 fidem
1590 1446 1787 1494 scripture
1803 1455 1845 1477 20

470 1518 507 1545 et
545 1508 667 1545 aliam
708 1507 948 1557 scripturam
988 1507 1228 1544 Antichristi
1266 1506 1481 1543 falsificant
1519 1507 1567 1542 de
1605 1517 1646 1541 se
1678 1503 1785 1553 ipsis.

527 1566 773 1614 Augustinus
830 1575 967 1602 tamen
1021 1566 1178 1602 videtur
1234 1565 1402 1601 innuere
1446 1564 1555 1612 quod
1606 1575 1689 1599 non
1738 1562 1788 1599 sit

471 1634 681 1673 peccatum
697 1625 915 1673 prudenter
937 1633 1071 1660 tacere
1094 1623 1301 1660 veritatem
1328 1622 1473 1669 dicere,
1505 1621 1608 1658 sicut
1631 1632 1789 1669 semper

472 1692 529 1720 est
575 1692 785 1731 peccatum
833 1694 1011 1718 asserere
1055 1681 1293 1728 falsitatem;
1338 1680 1428 1717 ideo
1473 1692 1564 1716 cum
1607 1678 1788 1715 Christus

473 1741 664 1789 magister
693 1749 830 1777 noster
854 1741 1096 1789 quandoque
1129 1739 1254 1776 tacuit
1275 1739 1498 1783 veritatem,
1532 1746 1574 1773 ut
1607 1745 1716 1785 patet
1748 1736 1788 1772 in
1806 1735 1846 1768 25

472 1799 598 1835 tercia
631 1798 898 1847 responsione
932 1810 1010 1846 qua
1044 1797 1195 1834 Pilatus
1228 1796 1399 1845 quesivit
1428 1796 1518 1845 quid
1549 1796 1597 1831 sit
1631 1795 1789 1840 veritas,

473 1866 511 1893 et
549 1856 636 1893 aliis
675 1856 834 1894 casibus
873 1855 1114 1904 generaliter
1155 1855 1195 1891 in
1228 1855 1371 1903 quibus
1410 1853 1535 1890 tacuit
1566 1852 1789 1899 veritatem,

472 1915 692 1952 videndum
739 1924 796 1951 est
836 1913 1032 1962 sagaciter
1070 1914 1233 1962 quando
1272 1912 1417 1949 veritas
1450 1920 1506 1948 est
1538 1912 1709 1948 tacenda
1754 1919 1791 1947 et

474 1974 639 2022 quando
672 1973 826 2021 populo
859 1972 1121 2021 predicanda.
1162 1974 1209 2007 Et
1242 1971 1399 2007 videtur
1432 1969 1566 2006 multis
1600 1970 1709 2017 quod
1742 1969 1792 2005 ad

474 2033 549 2068 hoe
581 2032 847 2079 supponenda
879 2040 936 2067 est
958 2030 1036 2067 vite
1059 2029 1250 2066 sanctitas
1275 2038 1311 2065 et
1334 2027 1559 2066 communis
1583 2026 1790 2065 discrecio.
1808 2026 1850 2059 30

476 2091 647 2135 Quando
675 2089 825 2126 scilicet
854 2088 1030 2126 veritatis
1059 2087 1337 2136 promulgacio
1367 2086 1578 2123 sortiretur
1608 2085 1793 2121 effectum

477 2160 554 2196 que
586 2148 731 2184 veritas
765 2147 816 2184 sit
850 2160 939 2183 cum
974 2146 1077 2183 datis
1109 2145 1273 2194 paribus
1307 2144 1508 2181 auditorio
1533 2145 1626 2180 dato
1656 2142 1793 2179 utilior

476 2216 513 2242 et
565 2205 731 2242 omnino
784 2205 1002 2254 requiritur
1045 2204 1215 2241 tercium
1270 2215 1485 2240 commune
1536 2201 1792 2250 principium,

476 2264 628 2301 scilicet
673 2265 781 2312 quod
834 2262 1111 2311 evangelizans
1155 2261 1363 2299 veritatem
1409 2261 1531 2297 talem
1577 2273 1599 2296 a
1643 2261 1792 2296 Sancto

478 2322 630 2370 Spiritu
663 2322 711 2358 sit
744 2323 922 2367 edoctus,
968 2330 1005 2357 et
1044 2333 1134 2357 cum
1169 2320 1341 2368 Spiritus
1375 2321 1545 2356 Sanctus
1584 2316 1793 2365 discipline
1809 2314 1847 2348 35

479 2380 639 2428 effugiet
665 2380 815 2427 fictum,
850 2393 931 2416 non
955 2379 1101 2415 mirum
1132 2378 1164 2415 si
1197 2391 1278 2414 non
1312 2385 1553 2425 cooperatur
1586 2388 1676 2412 cum
1710 2374 1793 2411 istis

478 2437 684 2486 ypocritis.
719 2440 820 2474 Nam
850 2438 991 2474 fratres
1021 2446 1058 2473 et
1081 2446 1160 2472 tres
1189 2445 1294 2473 secte
1318 2435 1393 2472 alie
1417 2443 1590 2483 querunt
1614 2446 1794 2470 commu-

478 2496 581 2532 niter
620 2496 659 2532 in
692 2509 762 2532 sua
795 2495 1028 2532 visitacione
1059 2496 1216 2531 lucrum
1249 2493 1472 2542 proprium,
1512 2505 1592 2529 non
1625 2492 1792 2528 salutem

551 2682 574 2709 3.
598 2683 634 2709 1³:
664 2690 725 2709 non
747 2682 856 2709 mirum
878 2681 971 2708 deest.
1081 2690 1106 2715 7.
1129 2682 1173 2708 A:
1204 2681 1305 2707 verbis
1325 2681 1398 2707 suis.
1507 2687 1534 2709 o.
1557 2680 1601 2706 A:
1629 2681 1675 2705 ext
1700 2678 1793 2705 deest.

482 2726 522 2744 22.
545 2719 571 2744 A
594 2718 622 2744 in
645 2725 759 2751 marg:
796 2716 885 2751 Quod
900 2717 1072 2751 prudenter
1092 2719 1194 2743 tacere
1220 2716 1383 2742 veritatem
1404 2722 1463 2741 non
1483 2715 1524 2741 sil
1546 2716 1715 2748 peccatum.
1741 2713 1796 2740 sed

481 2752 811 2787 clx-sererefalsitatem
829 2760 947 2786 semper
967 2755 1013 2778 est
1026 2754 1192 2786 peccalum.
1268 2751 1308 2785 25,
1324 2750 1370 2777 26.
1392 2751 1437 2776 A:
1460 2753 1491 2776 ul
1506 2751 1598 2784 patet
1615 2749 1652 2774 de
1672 2747 1714 2774 Ill
1733 2755 1796 2774 res-

479 2788 641 2822 ponsione.
708 2786 750 2813 28.
766 2786 864 2814 codd.
876 2800 881 2812 ι
892 2790 935 2813 est
948 2786 1075 2813 dicenda
1087 2789 1124 2812 et.
1193 2784 1237 2812 30.
1250 2784 1289 2811 B:
1303 2785 1483 2812 discrescio.
1549 2782 1586 2810 31.
1600 2784 1643 2809 A:
1656 2782 1793 2809 sortiret.

557 2869 604 2902 19.
632 2859 670 2889 II.
698 2858 778 2890 Cor.
804 2858 875 2898 XII,
909 2868 956 2898 ¹4-
1038 2857 1090 2890 26.
1116 2857 1193 2889 Joh.
1221 2857 1341 2897 XVIII,
1371 2855 1422 2889 38.
