2003 3322
164 457 289 493 Wyth,
312 457 402 490 being

178 491 339 527 suspected
362 492 396 517 οῖ’

162 528 284 562 heresy,
312 526 401 552 dares

145 566 197 589 not
222 562 315 596 spcal(
337 562 418 588 thus.

252 1093 319 1120 The

148 1129 353 1165 predestinate
374 1135 424 1153 are

148 1166 222 1192 elect
244 1164 347 1190 before
373 1162 423 1188 the

194 1198 292 1225 world
314 1205 378 1224 was

232 1232 332 1260 made.

167 2079 200 2107 In
222 2079 304 2105 what
325 2085 413 2104 sense

187 2113 256 2141 God
278 2113 405 2152 ordains

262 2156 320 2175 sm.

857 224 974 256 opus
1001 222 1334 255 EVANGELICUM
1540 208 1646 263 [ων.
1671 218 1747 246 mv.

435 333 665 370 eternaliter
697 331 884 379 intelligit
928 339 1152 378 peccatum,
1201 330 1259 365 vel
1301 330 1409 376 quod
1442 330 1564 364 homo
1597 336 1748 375 peccet⁷

434 392 490 427 sic
523 390 752 427 eternaliter
784 389 943 426 ordinat
977 389 1085 436 quod
1118 387 1173 423 sic
1207 395 1356 435 peccet.

496 451 581 496 Ego
615 457 749 485 autem
784 460 868 483 cum
901 459 984 483 sum
1019 445 1148 495 magis
1179 451 1377 494 suspectus
1410 444 1456 479 de
1488 443 1626 489 heresi,
1672 456 1753 479 non

435 508 564 543 audeo
609 506 664 542 ita
709 505 821 553 loqui
866 506 935 541 sed
980 504 1158 540 concedo
1204 504 1313 551 quod
1357 510 1568 550 peccatum
1602 500 1752 537 diaboli

435 564 583 612 incepit
628 564 667 599 in
709 563 848 598 mundi
893 562 1054 598 exordio
1101 569 1136 597 et
1177 563 1282 596 Deus
1324 560 1454 608 ipsum
1489 559 1682 595 intellexit
1716 561 1785 595 et&

436 622 546 658 novit
578 621 661 658 sine
695 621 784 657 idea
817 619 972 668 peccati
1011 624 1068 664 (ut
1101 620 1232 667 placet
1265 617 1564 662 Lincolniensi).
1618 619 1667 653 Et
1698 616 1753 653 ita

435 693 515 716 non
559 688 614 716 est
660 678 956 727 consequencia
1007 676 1201 714 naturalis
1244 677 1306 713 vel
1352 677 1470 721 bona,
1522 683 1565 712 ut
1617 675 1754 711 dicunt

436 737 568 786 logici,
603 737 670 773 ubi
703 738 872 773 alterum
908 745 1128 773 extremum
1164 743 1221 771 est
1254 746 1338 771 esse
1370 733 1546 781 primurn
1582 733 1752 781 peccati,

438 809 528 832 cum
563 798 668 831 Deus
701 808 783 831 non
816 794 911 831 velit
943 794 1060 830 istam
1096 791 1434 841 consequenciam
1468 804 1551 828 esse
1584 793 1752 837 bonam;

437 863 473 890 et
518 854 572 890 ita
619 853 771 889 malum
815 864 916 900 pene
964 853 1084 888 habet
1117 851 1249 887 ideam
1283 860 1460 887 eternam
1494 849 1535 885 in
1569 852 1653 886 Deo
1685 850 1754 885 sed
1774 861 1813 882 10

436 924 518 948 non
550 911 683 947 taliter
717 911 868 947 malurn
904 910 1039 958 culpe3
1075 918 1111 945 et
1141 909 1197 945 ita
1221 909 1450 945 concedunt
1473 907 1639 956 quidam
1664 920 1754 944 cum

438 970 632 1018 Apostolo
666 970 766 1017 Eph.
813 971 839 1015 Ι,
889 970 906 1004 5
944 969 1052 1016 quod
1087 968 1193 1003 Deus
1225 967 1335 1017 eligit
1380 966 1669 1015 predestinatos
1720 965 1755 1000 in

443 1028 598 1064 Christo
633 1035 719 1063 ante
752 1026 885 1062 mundi
915 1026 1240 1062 constitucionem.

497 1087 574 1122 Sed
609 1084 816 1121 dubitatur
849 1083 1014 1120 ulterius
1046 1083 1077 1119 si
1110 1082 1372 1131 predestinati
1406 1082 1483 1118 sint
1516 1081 1631 1118 electi
1664 1090 1755 1118 ante

440 1143 579 1179 mundi
613 1142 964 1188 constitucionem,
1008 1150 1045 1177 et
1068 1141 1224 1178 videtur
1248 1142 1355 1190 quod
1378 1141 1447 1187 sic,
1481 1140 1575 1188 quia
1598 1148 1757 1188 oportet
1777 1142 1813 1173 15

438 1203 547 1250 quod
572 1201 644 1237 Dei
677 1200 999 1249 predestinancia
1031 1200 1092 1236 vel
1111 1199 1181 1235 Dei
1215 1199 1344 1236 activa
1377 1198 1526 1235 eleccio
1559 1210 1632 1246 pro
1656 1210 1753 1246 qua-

441 1271 613 1308 cumque
648 1271 837 1295 mensura
870 1258 988 1294 fuerit
1030 1257 1240 1294 veritatem
1280 1258 1426 1293 habeat
1454 1256 1755 1293 terminantem.

440 1319 533 1354 Ideo
568 1318 793 1354 concedunt
825 1316 990 1364 quidam
1024 1324 1160 1352 tamen
1199 1328 1272 1363 pro
1306 1314 1469 1351 nomine
1508 1323 1545 1351 et
1576 1313 1758 1350 terminis

440 1375 672 1424 anagogicis
696 1376 805 1424 quod
823 1375 897 1410 hoc
921 1373 1135 1422 positivum
1161 1375 1430 1422 quodcunque
1446 1372 1564 1409 fuerit
1587 1381 1643 1408 est
1658 1380 1756 1408 eter—

440 1447 556 1479 num;
602 1442 638 1470 et
670 1433 773 1469 sicut
817 1435 923 1468 Deus
962 1432 1193 1468 eternaliter
1239 1431 1347 1479 eligit
1381 1440 1417 1467 et
1448 1430 1610 1467 ordinat
1649 1442 1757 1466 crea—
1775 1442 1816 1463 20

440 1501 588 1537 turam,
629 1491 684 1527 sic
723 1491 822 1527 illud
871 1490 1101 1527 eternaliter
1148 1498 1205 1526 est
1250 1489 1483 1526 ordinatum
1519 1497 1555 1525 et
1587 1488 1757 1525 electum

442 1563 463 1586 a
497 1552 581 1586 Deo
627 1558 664 1585 et
709 1548 940 1585 eternaliter
991 1549 1111 1584 habet
1156 1560 1239 1584 esse
1283 1547 1413 1584 ideale
1456 1547 1496 1583 in
1529 1549 1627 1583 Deo.
1682 1546 1759 1582 Sed

441 1616 588 1655 negant
626 1607 722 1644 talia
756 1620 846 1643 cum
880 1606 1112 1643 nominibus
1136 1605 1395 1642 substantivis
1428 1617 1505 1653 que
1536 1612 1760 1641 connotant

443 1666 680 1714 qualitatem
713 1666 775 1701 vel
807 1677 890 1701 esse
930 1664 1142 1700 existencie
1177 1673 1371 1701 creature.
1425 1665 1473 1699 Et
1507 1663 1564 1699 ita
1603 1662 1761 1699 videtur

444 1725 551 1772 quod
584 1736 687 1771 pena
720 1723 874 1771 peccati
908 1722 980 1758 fuit
1014 1731 1105 1758 ante
1140 1722 1279 1758 mundi
1320 1721 1525 1758 exordium
1559 1720 1817 1757 ordinata.25

445 1784 574 1818 Causa
607 1781 714 1818 enim
762 1781 915 1829 peccati
955 1789 1012 1816 est
1050 1793 1072 1816 a
1106 1782 1189 1816 Deo
1228 1779 1363 1826 volita,
1403 1779 1496 1815 licet
1535 1792 1616 1815 non
1656 1777 1706 1814 sit
1739 1790 1761 1813 a

444 1842 527 1876 Deo
560 1839 726 1876 volitum
768 1841 876 1887 quod
909 1838 965 1874 sic
998 1847 1148 1886 peccet.
1203 1840 1251 1874 Et
1303 1846 1413 1885 patet
1457 1837 1762 1885 quodammodo

444 1899 552 1934 unde
587 1906 645 1933 est
678 1898 844 1946 malum,
879 1896 972 1945 quia
997 1896 1147 1932 malum
1181 1908 1282 1943 pene
1317 1904 1373 1932 est
1396 1908 1417 1931 a
1441 1897 1525 1931 Deo
1548 1904 1585 1930 et
1610 1895 1760 1931 malum

446 1956 560 2003 culpe
605 1964 663 1991 est
707 1968 728 1991 a
774 1963 958 1991 creatura
1003 1953 1211 2001 peccabili,
1257 1953 1349 1990 licet
1395 1952 1633 1989 ordinancia
1690 1951 1761 1987 Dei

446 2023 582 2050 eterna
616 2015 664 2049 de
697 2013 765 2049 illo
799 2013 906 2049 malo
939 2011 1187 2060 precesserit.
1780 2013 1822 2045 30

504 2073 581 2108 Sed
614 2070 829 2107 difficultas
863 2069 1090 2107 communis
1115 2078 1171 2105 est
1195 2069 1226 2105 si
1250 2077 1459 2117 peccatum
1494 2081 1515 2104 a
1539 2070 1622 2104 Deo
1646 2066 1764 2103 fuerit

447 2129 694 2174 ordinatum,
729 2129 830 2165 sicut
846 2131 952 2164 Deus
986 2127 1215 2164 eternaliter
1239 2139 1400 2163 causam
1426 2126 1500 2162 sibi
1524 2125 1763 2162 efficientem

450 2187 612 2224 ordinat
656 2196 694 2223 et
739 2187 915 2223 finalem.
971 2188 1018 2221 Et
1062 2186 1219 2222 videtur
1253 2183 1585 2232 Lyncolniensem
1632 2183 1764 2219 dicere

448 2247 555 2294 quod
594 2253 804 2293 peccatum
850 2245 984 2293 quoad
1034 2256 1116 2280 esse
1161 2256 1277 2279 suum
1323 2242 1496 2290 primum
1531 2254 1613 2278 non
1647 2242 1765 2277 habet

451 2316 613 2339 causam
649 2303 825 2351 aliquam
861 2301 1099 2338 efficientem
1133 2302 1194 2338 vel
1218 2301 1392 2347 finalem,
1427 2300 1528 2336 sicut
1551 2308 1762 2347 peccatum
1782 2301 1821 2334 35

448 2374 528 2397 non
561 2370 618 2397 est
651 2362 872 2397 secundum
908 2373 990 2396 esse
1025 2373 1142 2396 suum
1177 2359 1368 2407 primum,
1402 2359 1470 2394 sed
1504 2359 1625 2394 deest.
1670 2358 1764 2395 ldeo

449 2420 650 2467 loquendo
696 2420 743 2455 de
788 2427 953 2466 peccato
992 2418 1125 2465 lingue
1170 2430 1261 2465 sepe
1306 2415 1540 2452 balbuciunt
1595 2416 1663 2451 sed
1709 2415 1766 2450 lo-

450 2479 610 2525 quendo
656 2478 703 2512 de
744 2489 826 2512 esse
876 2478 1052 2512 secundo
1098 2475 1251 2523 peccati
1285 2476 1392 2523 quod
1427 2482 1483 2510 est
1517 2485 1598 2509 esse
1631 2484 1767 2509 neces-

450 2535 598 2571 sarium
633 2543 754 2582 atque
787 2534 888 2580 felix,
936 2536 982 2570 de
1016 2542 1166 2581 quanto
1199 2541 1408 2581 peccatum
1444 2544 1487 2567 ex
1520 2531 1591 2567 Dei
1631 2530 1766 2579 gracia

521 2713 546 2741 3.
574 2716 601 2742 A
621 2714 651 2741 in
682 2722 795 2748 marg:
822 2713 934 2749 Opinio
960 2713 1120 2740 Jolmnnis.
1203 2712 1285 2747 7—8.
1318 2712 1339 2739 B
1361 2712 1389 2738 in
1413 2719 1526 2746 marg:
1547 2710 1616 2738 Non
1637 2713 1681 2737 est
1698 2717 1768 2736 con-

450 2750 615 2785 sequencia
637 2749 727 2780 bona,
742 2749 793 2776 ubi
814 2750 970 2782 (alterum)
985 2751 1151 2775 extremum
1173 2751 1216 2774 est
1230 2755 1294 2774 esse
1310 2747 1481 2782 pri(nzum).
1554 2753 1593 2772 12.
1610 2745 1648 2771 ss:
1665 2745 1768 2780 elegit.

454 2793 495 2817 ¹4·
516 2785 543 2811 A
564 2784 593 2811 in
616 2792 682 2810 mar
708 2793 730 2811 .:
753 2783 891 2810 Dubium.
983 2783 1102 2817 ’.ιδ-29.
1132 2784 1159 2809 Α
1180 2783 1209 2809 in
1231 2790 1326 2816 marg.
1360 2781 1429 2808 int.:
1454 2779 1545 2816 Quod
1561 2780 1674 2806 malum
1689 2786 1770 2814 pene

452 2819 543 2879 §zabel
556 2827 626 2880 lesse
644 2826 669 2858 a·
691 2820 757 2853 )eo‚
770 2819 881 2845 malum
896 2818 983 2852 culpe
1003 2820 1047 2844 est
1064 2826 1082 2844 a
1103 2820 1250 2844 creatura
1262 2815 1423 2851 peccabili.
1496 2813 1538 2842 33.
1560 2816 1588 2842 A
1603 2814 1633 2841 in
1650 2821 1745 2848 marg.
1761 2822 1766 2839 :

468 2861 551 2886 ,ynco
568 2861 692 2880 menszs.
