2003 3322
181 237 259 281 296

189 991 283 1020 What
302 1000 347 1019 we
368 992 435 1027 give

174 1028 256 1055 them
278 1027 389 1054 should
410 1027 446 1054 be

210 1062 335 1089 counsel
357 1063 416 1089 and

177 1097 275 1124 sound
301 1097 452 1124 doctrine.

219 1283 409 1318 Augustine:

196 1317 266 1345 God
287 1318 362 1345 does
383 1322 436 1345 not

212 1353 279 1380 lead
300 1361 335 1380 us
356 1353 421 1380 into

188 1389 371 1422 temptation
394 1389 446 1415 but

206 1423 315 1450 suffers
335 1431 371 1450 us
392 1427 422 1449 to

259 1458 294 1484 be
314 1458 372 1485 led.

208 2438 276 2465 God
298 2439 370 2465 tries
392 2447 428 2465 us

206 2473 254 2500 for
274 2482 330 2500 our
351 2482 419 2500 own

186 2508 370 2535 instruction
392 2513 444 2535 not

249 2546 296 2569 tor
318 2542 383 2570 His,

884 243 1002 275 OPUS
1028 242 1363 274 EVANGELICUM
1588 230 1692 284 [CAP.
1716 238 1782 266 XV.

468 350 518 385 ad
563 350 671 397 quod
715 361 755 384 se
800 348 923 396 gratis
968 347 1121 395 obligat
1168 350 1388 385 secundum
1435 348 1614 384 seculare
1649 348 1779 384 forum

467 419 548 442 non
595 408 711 443 debet
755 406 934 454 recipere
978 405 1224 454 stipendium
1278 408 1338 443 vel
1391 405 1554 454 aliquod
1601 405 1779 442 debitum

467 473 674 513 tamquam
725 464 829 510 talis,
876 464 1002 500 immo
1048 465 1156 512 quod
1201 465 1332 500 nullus
1371 465 1553 500 subditus
1594 465 1710 499 debet
1743 463 1783 498 in

468 524 543 559 hoc
577 523 650 559 sibi
683 522 841 559 notorie
876 521 1117 568 ministrare,
1159 522 1290 570 primo
1325 522 1418 571 quia
1450 531 1493 558 ut
1527 521 1583 557 sic
1617 532 1783 558 consen-

467 580 560 617 tiret
592 593 664 617 suo
704 579 861 617 crimini
902 588 939 616 et
978 580 1191 616 mendacio
1225 582 1333 629 quod
1366 580 1421 616 sic
1454 580 1565 627 fugit,
1606 580 1815 616 secundo5

468 638 563 686 quia
603 640 711 687 quod
749 651 829 674 non
868 646 1001 686 potest
1041 650 1125 674 esse
1159 640 1243 675 Deo
1283 638 1532 686 incognitum
1572 646 1781 686 tamquam

468 698 552 732 Deo
585 696 626 732 in
658 695 869 733 volucione
911 696 1136 732 contrarius
1170 696 1242 732 Dei
1276 696 1473 744 proditori
1514 695 1657 732 stolide
1691 708 1784 731 con-

467 753 645 800 sentiret,
680 763 717 790 et
747 753 872 790 tercio
896 753 990 802 quia
1013 753 1168 801 accepit
1203 754 1551 802 dispensacionem
1585 754 1783 790 bonorum

467 811 630 848 Domini
675 824 752 861 que
803 820 846 848 ut
898 811 954 847 sic
998 811 1216 848 infideliter
1259 812 1529 848 administrat.
1583 813 1631 847 Et
1677 811 1784 847 istud

466 879 677 918 peccatum
712 869 806 906 licet
838 882 945 905 nunc
977 869 1162 905 videatur
1190 870 1274 906 leve
1306 871 1366 907 vel
1399 870 1567 916 nullum,
1602 869 1784 905 subditus

467 936 604 964 tamen
627 928 809 964 timendo
834 927 1012 964 divinum
1038 927 1233 964 iudicium
1265 941 1347 964 non
1370 929 1487 964 debet
1516 927 1590 963 sibi
1615 926 1785 964 faciliter

469 986 711 1023 consentire.
785 985 825 1022 Si
889 997 984 1033 ergo
1046 987 1269 1022 secundum
1335 987 1571 1023 mandatum
1635 985 1785 1022 Christi

468 1043 633 1080 Matthei
666 1045 710 1090 V,
745 1053 811 1089 42,
858 1043 1013 1092 quilibet
1054 1045 1161 1079 debet
1206 1045 1310 1080 omni
1342 1044 1489 1093 petenti
1524 1051 1559 1079 te
1602 1044 1784 1089 tribuere,

469 1102 596 1138 multo
641 1101 768 1149 magis
813 1103 1034 1137 secundum
1081 1101 1308 1139 doctrinam
1348 1101 1561 1150 Augustini
1601 1101 1784 1137 subditus

469 1161 586 1196 debet
624 1160 780 1207 prelato
819 1172 892 1195 suo
932 1159 1085 1207 petenti
1125 1159 1222 1196 talia
1261 1159 1501 1208 temporalia
1533 1160 1634 1195 falso
1667 1159 1784 1195 titulo

468 1217 644 1253 tribuere
677 1217 889 1254 consilium
924 1226 962 1253 et
994 1217 1234 1254 doctrinam.

528 1275 718 1323 Sequitur
762 1275 802 1311 in
845 1275 960 1311 litera
1004 1275 1236 1323 Augustini:
1282 1277 1416 1322 Sexta,
1462 1274 1605 1324 inquit⁷
1645 1274 1785 1324 peticio

472 1341 546 1369 est:
590 1334 642 1368 Et
675 1346 720 1370 ne
752 1345 820 1369 nos
852 1334 1004 1382 inferas
1036 1334 1070 1369 in
1105 1334 1367 1370 tentacionem.
1418 1333 1606 1370 Nonnulli
1636 1333 1785 1369 codices

471 1392 629 1427 liabent:
663 1392 721 1427 Ne
744 1404 811 1428 nos
843 1391 1017 1438 inducas,
1051 1393 1153 1440 quod
1184 1393 1421 1427 tantumdem
1447 1392 1549 1440 quod
1570 1391 1720 1439 inferas
1749 1391 1784 1425 in

469 1449 762 1499 temptacionem
798 1450 929 1485 valere
960 1449 1156 1486 arbitror:
1190 1463 1276 1485 nam
1311 1462 1362 1486 ex·
1394 1462 1466 1485 uno
1502 1450 1618 1486 verbo
1657 1449 1783 1484 Greco

469 1508 571 1555 quod
603 1507 746 1543 dictum
781 1514 837 1543 est
867 1507 1021 1543 irecinis
1054 1515 1259 1557 utrumque
1290 1508 1525 1544 translatum
1559 1514 1625 1544 est.
1667 1506 1787 1542 Multi

468 1572 595 1601 autem
629 1566 874 1614 deprecando
908 1566 960 1600 ita
997 1565 1147 1601 dicunt:
1196 1567 1253 1602 Ne
1285 1578 1353 1602 nos
1381 1566 1555 1614 paciaris
1587 1565 1718 1600 induci
1748 1565 1783 1599 in

467 1623 782 1672 temptacionem:
813 1630 1046 1672 exponentes
1078 1624 1223 1660 scilicet
1244 1624 1434 1672 quomodo
1459 1624 1600 1659 dictum
1634 1623 1695 1668 sit,
1730 1623 1784 1657 in-

470 1681 600 1717 ducas.
636 1682 722 1717 Non
755 1681 853 1716 enim
882 1693 958 1730 per
987 1694 1028 1717 se
1059 1682 1182 1730 ipsum
1223 1682 1366 1717 inducit
1399 1682 1519 1728 Deus,
1557 1681 1626 1717 sed
1657 1680 1787 1716 induci

462 1739 614 1787 patitur
652 1751 749 1785 eum,
782 1751 892 1788 quem
925 1751 993 1775 suo
1026 1739 1174 1775 auxilio
1214 1739 1440 1783 deseruerit,
1486 1739 1622 1775 ordine
1659 1738 1784 1775 occul-

467 1797 616 1832 tissimo
651 1809 695 1832 ac
728 1797 889 1834 meritis.
930 1796 1066 1833 Causis
1098 1797 1216 1833 eciam
1250 1810 1339 1846 sepe
1373 1797 1587 1845 manifestis
1623 1796 1783 1847 dignum

467 1854 612 1890 iudicat
644 1854 709 1890 ille
741 1867 849 1902 quem
885 1855 1038 1891 deserat
1070 1862 1105 1890 et
1136 1855 1172 1890 in
1205 1856 1496 1904 temptacionem
1522 1854 1652 1890 induci
1673 1854 1783 1890 sinat.

467 1912 585 1947 Aliud
629 1919 683 1948 est
722 1920 848 1948 autem
883 1913 1013 1948 induci
1049 1913 1085 1948 in
1132 1909 1439 1961 temptacionem‚
1484 1913 1592 1948 aliud
1630 1912 1783 1948 tentari.

468 1970 569 2006 Nam
614 1970 693 2006 sine
731 1970 985 2020 temptacione
1018 1971 1209 2020 probatus
1247 1983 1329 2007 esse
1368 1971 1496 2007 nullus
1522 1977 1663 2019 potest,
1707 1970 1787 2006 sive

467 2028 541 2063 sibi
570 2028 656 2077 ipsi,
688 2028 787 2064 sicut
818 2029 1006 2078 scriptum
1031 2036 1106 2064 est:
1145 2029 1221 2073 Qui
1248 2041 1320 2065 non
1349 2036 1404 2065 est
1427 2035 1635 2078 temptatus
1657 2028 1784 2076 qualia

466 2086 567 2121 scit?
612 2086 692 2121 sive
734 2086 813 2133 alii,
856 2087 953 2122 sicut
985 2087 1194 2136 Apostolus
1238 2087 1359 2140 dicitg
1397 2087 1449 2122 Et
1493 2086 1782 2136 temptacionem

469 2151 637 2180 vestram
682 2144 718 2179 in
766 2156 884 2180 carne
929 2157 1013 2180 mea
1058 2157 1130 2180 non
1175 2145 1390 2194 sprevistis.
1439 2145 1542 2180 Hinc
1585 2144 1681 2179 enim
1722 2156 1785 2180 eos

468 2202 548 2250 ipse
573 2202 724 2251 firmos
762 2203 956 2252 cognovit,
996 2203 1097 2250 quod
1134 2203 1186 2238 eis
1223 2203 1540 2239 tribulacionibus
1577 2214 1649 2251 que
1682 2202 1783 2250 Apo-

466 2260 565 2295 stolo
605 2260 813 2295 secundum
854 2273 1009 2296 carnem
1052 2261 1276 2296 acciderant
1316 2274 1387 2297 non
1427 2268 1514 2296 sunt
1558 2273 1579 2295 α
1623 2260 1785 2295 caritate

469 2317 624 2367 deflexi.
660 2318 761 2353 Nam
787 2319 870 2354 Deo
900 2319 979 2354 noti
997 2331 1130 2354 sumus
1159 2326 1194 2354 et
1222 2327 1309 2355 ante
1338 2331 1468 2355 onmes
1498 2318 1783 2367 temptaciones,

467 2375 532 2423 qui
560 2375 631 2411 scit
663 2376 790 2411 omnia
823 2384 1025 2425 antequam
1047 2377 1165 2426 fiant.
1731 2407 1733 2410 Α

533 2433 647 2477 Quod
679 2434 806 2482 itaque
837 2435 1025 2483 scriptum
1060 2442 1135 2470 est:
1174 2435 1350 2483 Temptat
1374 2446 1440 2469 vos
1462 2434 1655 2469 Dominus
1679 2434 1785 2469 Deus

470 2498 608 2538 vester,
648 2499 687 2526 ut
726 2492 823 2527 sciat
861 2493 895 2528 si
933 2492 1098 2542 diligitis
1136 2504 1241 2528 eum.-
1279 2493 1346 2527 illa
1387 2492 1580 2527 locucione
1614 2491 1782 2541 positum

468 2556 523 2584 est
556 2551 609 2584 'ut
639 2549 767 2585 sciat³s
794 2562 871 2599 pro
906 2562 947 2586 eo
981 2551 1082 2598 quod
1113 2558 1167 2586 est
1201 2552 1255 2585 ‘ut
1286 2550 1387 2585 scire
1416 2562 1482 2586 vos
1495 2549 1654 2598 saciat³,
1687 2549 1785 2585 sicut

535 2691 563 2714 4.
590 2683 617 2709 A
644 2683 673 2709 iu
702 2691 816 2717 marg.:
852 2691 875 2710 1.
983 2683 1007 2710 5.
1039 2684 1067 2711 A
1095 2684 1123 2710 iu
1153 2692 1268 2718 marga
1303 2690 1331 2710 2.
1448 2684 1476 2711 8.
1504 2685 1531 2710 Α
1558 2683 1587 2710 in
1616 2691 1729 2718 marg.:
1748 2691 1782 2716 3¹.

467 2726 505 2751 17.
519 2718 545 2744 A
560 2717 588 2743 iu
606 2725 719 2751 marga
736 2717 832 2745 Sexta
842 2718 967 2752 peticio.
1042 2721 1081 2745 μ’.
1097 2719 1213 2745 (Σοάἀ.τ
1229 2718 1519 2745 1'nciioeas.(jo1-1-cxi.
1585 2726 1623 2744 21.
1640 2718 1767 2745 iret-inis
1778 2728 1786 2746 .-

465 2758 505 2783 ita
526 2757 616 2784 codd.
637 2757 742 2784 Recte:
766 2752 970 2797 εἰςὲνὲγκῃς.

542 2822 589 2852 ¹7·
619 2813 667 2842 De
695 2822 856 2843 sermone
884 2813 1027 2843 Domini
1056 2813 1087 2843 in
1117 2820 1245 2852 monte,
1273 2814 1294 2844 l.
1322 2824 1347 2844 c.
1377 2824 1408 2854 p.
1438 2823 1513 2843 212.
1596 2814 1646 2844 '30⁴
1675 2813 1781 2843 Eccli.

465 2858 613 2897 XXXIV,
641 2869 672 2900 ς),
705 2869 753 2888 11.
853 2860 905 2890 [31.
934 2859 1009 2890 Gal.
1038 2859 1091 2898 IV,
1125 2860 1173 2891 1⁴3.
1272 2860 1324 2900 37.
1352 2860 1449 2890 Deut.
1478 2859 1562 2898 XIII,
1591 2860 1620 2891 3.

1805 883 1843 903 10

1805 1162 1841 1194 15

1802 1461 1842 1482 20

1802 1742 1841 1773 25

1802 2032 1842 2064 30

1801 2319 1840 2353 33
