2003 3322
187 196 276 224 CAP.
304 184 426 242 xrvr]
666 196 879 229 SECUNDA
906 195 1031 227 PARS.

189 302 348 347 Christi,
403 314 494 338 cum
539 301 579 337 in
623 301 699 336 isto
744 300 919 336 illudunt
964 298 1129 335 ecclesie
1174 297 1310 334 multis
1357 295 1496 331 modis.

187 362 288 396 Nam
334 359 547 395 vendicant
594 371 615 394 a
661 357 821 394 Christo
874 358 1021 393 habere
1072 364 1313 404 potestatem
1362 365 1501 400 parem

189 430 279 453 cum
320 419 436 453 Petro
475 425 512 452 et
557 415 698 452 ceteris
743 414 933 463 apostolis
972 414 1033 451 vel
1072 413 1289 459 maiorem3
1335 420 1371 447 et
1411 423 1501 446 cum

188 483 385 522 potestate
424 474 500 510 ista
540 473 758 521 sophistica
797 473 971 520 spoliant
1009 472 1204 519 populum
1239 468 1358 507 nimis
1392 468 1501 504 false.

155 531 264 569 5Sed
288 531 375 580 quis
399 531 700 568 racionabiliter
722 531 841 567 vellet
871 530 926 566 sic
957 529 1030 566 sibi
1056 528 1164 565 fieri?
1196 531 1244 565 Et
1277 528 1333 565 sic
1357 525 1503 562 dicitur

187 589 426 638 generaliter
459 591 506 625 de
540 588 694 625 cunctis
728 588 948 624 manifestis
981 586 1199 623 mendaciis
1232 587 1500 623 sacerdotum.

244 649 293 683 Et
324 647 480 683 videtur
518 647 684 683 ulterius
723 655 831 682 sexto
865 646 972 694 quod
1012 644 1145 681 cuncti
1185 644 1327 692 prelati
1360 642 1501 680 cesarii

186 705 294 742 illam
330 713 570 753 potestatem
609 703 899 740 infundabilem
940 703 1187 739 dimitterent
1227 711 1264 738 et
1297 700 1502 738 humiliter

187 776 233 800 ac
266 762 437 799 fideliter
469 762 595 799 instar
629 761 777 799 Christi
810 770 847 797 et
880 774 1043 797 suorum
1078 760 1356 808 apostolorum
1390 758 1501 796 edifi-

134 832 171 852 10
187 829 324 857 carent
356 820 580 866 ecclesiam,
615 832 703 856 cum
733 828 870 856 notum
896 819 946 855 sit
969 820 1076 867 quod
1100 820 1175 854 hoc
1198 819 1298 855 foret
1322 819 1500 860 salubre;

191 888 227 915 et
258 879 414 915 notorie
453 880 528 915 hoc
561 877 781 913 dimittunt.
829 879 930 913 Cum
965 889 1058 925 ergo
1092 876 1240 913 heresis
1273 876 1323 912 sit
1355 878 1501 924 dogma

186 937 343 983 falsum,
386 936 583 984 scripture
622 947 733 972 sacre
773 934 1035 984 contrarium,
1077 934 1336 982 pertinaciter
1369 935 1501 971 defen-

185 1004 330 1039 satum,
370 994 525 1031 videtur
563 1003 702 1042 patens
742 994 850 1041 quod
884 993 1011 1029 clerus
1052 992 1108 1028 sic
1140 992 1322 1040 pertinax
1354 991 1394 1028 in
1427 992 1501 1028 hiis

185 1052 343 1100 punctis
377 1052 426 1088 sit
459 1051 657 1088 hereticus
698 1050 943 1087 manifestus.
992 1052 1080 1096 Quo
1121 1062 1311 1086 concesso
1343 1058 1501 1098 oportet

132 1110 169 1143 15
187 1110 322 1146 fideles
355 1122 476 1157 supra
508 1109 605 1146 istos
645 1118 800 1145 montes
839 1110 976 1145 oculos
1009 1120 1102 1144 suos
1136 1108 1285 1155 erigere
1318 1117 1357 1144 et
1389 1121 1499 1156 spem

185 1181 298 1204 suam
333 1167 518 1215 colligere
550 1167 591 1203 in
625 1166 772 1203 milites
805 1166 970 1203 ecclesie
1002 1165 1302 1214 triumphantis.

242 1227 290 1261 Et
323 1227 465 1261 eodem
501 1226 622 1261 modo
655 1224 822 1273 possunt
861 1224 1033 1272 septimo
1068 1236 1223 1261 errores
1256 1223 1418 1272 purgari
1451 1225 1498 1260 de

186 1283 350 1319 brachio
390 1283 574 1319 seculari.
620 1284 720 1319 Cum
763 1282 868 1318 enim
909 1283 1108 1319 seculares
1142 1282 1294 1318 domini
1329 1291 1365 1318 et
1397 1281 1499 1318 servi

185 1341 244 1377 sui
289 1340 367 1377 sint
410 1341 551 1377 fratres
595 1340 635 1376 in
676 1340 850 1376 Domino
895 1350 932 1376 et
971 1341 1115 1376 debent
1154 1340 1252 1376 velle
1291 1339 1368 1376 illis
1414 1339 1499 1375 fieri

128 1410 170 1431 20
184 1399 285 1435 sicut
318 1398 358 1434 in
391 1407 497 1435 statu
530 1398 726 1435 consimili
763 1399 907 1434 debent
940 1397 1239 1434 racionabiliter
1279 1397 1353 1434 sibi
1388 1398 1498 1441 velle,

186 1457 341 1493 videtur
374 1469 417 1492 ex
451 1456 485 1492 vi
519 1456 632 1492 istius
666 1455 852 1504 principii
886 1456 978 1492 fidei
1001 1457 1108 1504 quod
1141 1456 1274 1492 nullus
1307 1455 1497 1492 secularis

185 1514 372 1551 dominus
417 1523 569 1550 teneret
616 1513 819 1550 hominem
865 1513 905 1549 in
948 1514 1136 1551 servitute
1175 1513 1294 1560 civili,
1340 1513 1414 1549 nisi
1460 1513 1499 1549 in

185 1585 279 1608 casu
319 1572 516 1608 consimili
556 1573 699 1608 debeat
739 1573 813 1608 hoc
852 1571 1153 1608 racionabiliter
1186 1571 1261 1607 sibi
1293 1572 1406 1608 velle.
1452 1573 1499 1607 Et

185 1640 278 1666 tunc
311 1630 477 1666 servitus
509 1629 600 1666 talis
632 1643 713 1666 non
745 1630 846 1666 foret
878 1629 1128 1678 dampnifera
1162 1631 1230 1666 sed
1259 1629 1368 1666 utilis
1392 1638 1499 1665 utro-

61 1687 140 1730 3‹J8‘¹
186 1687 322 1736 bique3
363 1689 536 1724 mundus
574 1697 711 1724 tamen
751 1688 897 1724 clamat
931 1685 935 1739 Ι
971 1689 1078 1736 quod
1116 1687 1278 1723 racione
1323 1688 1499 1724 defectus

186 1745 299 1781 istius
339 1745 526 1793 principii
566 1745 658 1782 fidei
699 1746 916 1782 multorum
960 1745 1104 1782 caritas
1143 1745 1374 1793 refrigescit.
1423 1748 1499 1782 Ista

184 1816 276 1839 vero
316 1803 412 1839 fides
451 1803 650 1851 predicari
691 1805 806 1840 debet
845 1812 1076 1840 constanter
1115 1816 1136 1839 a
1176 1803 1420 1852 presbyteris
1460 1812 1497 1839 et

183 1874 254 1909 per
285 1861 463 1909 graciam
497 1860 568 1897 Dei
609 1861 724 1897 multi
763 1861 944 1897 homines
983 1861 1114 1898 forent
1154 1861 1195 1898 in
1228 1874 1365 1898 amore
1399 1861 1498 1898 cari-

183 1918 274 1954 tatis
308 1919 512 1965 meliores;
547 1927 585 1955 et
618 1919 788 1956 breviter
820 1932 900 1956 non
933 1928 990 1956 est
1023 1919 1166 1968 aliquis
1200 1932 1311 1956 error
1333 1919 1373 1956 in
1398 1919 1498 1956 mili-

127 1976 169 2007 30
183 1985 291 2012 tante
310 1976 476 2013 ecclesia
499 1976 596 2025 quin
611 1977 760 2025 poterit
783 1989 826 2013 ex
848 1977 924 2013 isto
948 1976 1039 2013 fidei
1055 1977 1254 2026 principio
1278 1977 1496 2014 emendari.

241 2033 513 2071 Crisostomus
552 2043 685 2071 autem
727 2047 847 2082 super
879 2034 954 2071 isto
987 2044 1094 2071 textu
1128 2035 1183 2071 sic
1216 2035 1413 2083 loquitur:
1460 2036 1499 2071 id

183 2099 238 2128 est
268 2104 340 2128 non
372 2093 495 2128 solum
530 2093 692 2128 mando:
723 2093 853 2128 Nolite
875 2093 1060 2140 iudicare,
1093 2100 1132 2128 ut
1160 2105 1234 2129 non
1258 2094 1497 2138 iudicemim';

183 2150 283 2198 quod
321 2162 451 2186 ornnes
488 2150 660 2186 homines
695 2151 768 2186 sibi
792 2151 890 2201 fieri
926 2151 1070 2196 volunt,
1109 2158 1147 2186 ut
1179 2164 1264 2187 cum
1298 2152 1497 2187 nocuerint

182 2207 382 2255 aliquibus,
428 2220 500 2243 non
540 2207 756 2244 iudicentur
794 2209 838 2244 ab
878 2208 943 2254 eis,
988 2209 1057 2244 sed
1094 2209 1213 2245 eciam
1253 2210 1378 2245 omnia
1411 2221 1495 2258 que-

128 2264 166 2297 35
184 2277 328 2313 cunque
366 2265 480 2301 vultis
517 2273 557 2301 ut
577 2266 733 2314 faciant
773 2266 878 2302 vohis
909 2267 1094 2314 homines,
1116 2267 1245 2315 facite
1276 2274 1310 2302 et
1343 2267 1416 2311 eis,·
1462 2275 1496 2302 et

183 2329 271 2358 tuuc
303 2323 600 2371 impetrabiliter
626 2324 775 2372 poteris
808 2336 944 2368 orare‚·
983 2337 1069 2360 nam
1103 2336 1321 2372 quecunque
1359 2325 1424 2360 lex
1463 2332 1497 2360 et

178 2380 369 2429 prophete
413 2381 581 2429 sparsim
628 2382 663 2416 in
708 2382 882 2417 omnibus
924 2382 1130 2431 scripturis
1158 2383 1416 2431 preceperint,
1460 2382 1495 2417 in

183 2438 254 2473 hoc
286 2439 554 2487 compendioso
597 2441 978 2488 comprehenduntur
1009 2440 1209 2488 mandato,
1247 2441 1357 2488 quasi
1387 2440 1494 2476 innu-

183 2496 389 2531 merabiles
423 2496 578 2532 arboris
611 2497 713 2532 rami
743 2497 778 2532 in
812 2510 885 2533 una
920 2498 1063 2534 radice.
1099 2500 1182 2534 Hec
1210 2498 1492 2535 Crisostornus

228 2697 232 2701 η
252 2670 280 2697 7.
300 2664 328 2690 A
348 2663 377 2690 in
394 2671 508 2703 marg.:
532 2664 562 2691 6.
648 2674 677 2699 4.
699 2667 727 2692 A
741 2666 771 2693 in
787 2674 903 2700 marg:
928 2667 1009 2702 Quid
1021 2670 1064 2694 est
1079 2668 1205 2694 heresis.
1282 2667 1314 2694 15.
1331 2666 1496 2702 A2J1'deles

182 2701 279 2724 twice.
355 2706 394 2732 17.
415 2700 443 2725 A
458 2707 493 2737 ¹in
515 2707 629 2734 marg:
651 2708 677 2733 7.
752 2708 794 2735 19.
814 2702 858 2728 A:
879 2706 967 2733 sunl‚·
987 2702 1009 2728 B
1030 2703 1172 2729 correxit.
1246 2709 1285 2729 21.
1306 2703 1352 2729 A:
1374 2702 1496 2728 videtur

185 2732 275 2765 quod.
348 2731 387 2760 31.
408 2735 436 2760 A
457 2741 487 2760 in
509 2742 624 2768 marg:
646 2734 862 2762 Crisostomch.
936 2735 980 2771 37.
1003 2737 1040 2763 B:
1056 2740 1274 2772 preceperunt.

256 2804 308 2835 31.
336 2804 404 2845 Op.
431 2805 527 2846 Imp,
554 2805 630 2838 825.

1709 187 1788 232 415

1564 651 1591 678 6.
1614 651 1746 679 Prclatcs

1533 686 1636 713 would
1657 686 1765 714 devote

1533 721 1717 749 themselves
1738 727 1768 749 to

1550 756 1687 791 edifying
1707 758 1756 784 the

1592 792 1717 819 chun-cli.

1566 1242 1592 1269 7.
1613 1234 1740 1269 Slavcry

1571 1270 1673 1296 would
1697 1268 1732 1296 bc

1594 1304 1702 1331 ended.

1539 2043 1762 2074 Chrvsostom:

1575 2075 1624 2105 All
1644 2080 1717 2106 laws

1521 2114 1662 2141 summed
1685 2122 1724 2149 up
1745 2115 1774 2141 iu

1616 2149 1685 2176 this.
