2003 3322
195 218 275 254 288

227 521 251 539 2.
274 514 430 548 covering,

238 802 263 830 3.
286 804 425 837 spiritual

288 839 370 867 sood.

198 1559 285 1587 ‘Our'
306 1560 415 1586 brcad:
439 1559 460 1586 it

192 1599 303 1621 cannot
326 1595 360 1621 bc
380 1603 465 1627 miss,

192 1629 217 1656 is
227 1638 272 1655 we
293 1637 343 1655 arc
364 1633 416 1656 not
435 1629 465 1656 in

279 1672 376 1699 grace.

926 226 1045 257 Opus
1071 226 1408 258 EVANGELICUM
1591 216 1697 269 [CAP.
1719 225 1798 253 xm.

484 342 540 369 est
573 332 745 368 solidum
779 332 838 368 vel
869 333 964 367 dum
989 331 1108 367 fuerit
1132 331 1171 367 in
1194 340 1337 367 natura
1363 345 1432 368 sua
1458 341 1566 369 extra
1591 333 1794 369 hominem
1838 336 1918 378 ’384ιί

484 391 544 427 vel
577 391 671 425 dum
706 389 825 426 fuerit
857 389 897 425 in
932 389 1094 425 homine
1119 389 1442 438 assimilandum3
1477 390 1578 426 sicut
1600 400 1796 428 noverunt

485 447 715 497 philosophi
748 449 795 483 de
828 446 999 491 cambio,
1036 459 1125 483 rore
1158 456 1226 484 aut
1259 447 1425 495 glutino.

541 505 710 542 Videtur
748 505 875 542 eciam
915 506 1022 553 quod
1062 506 1134 541 sub
1173 506 1346 553 quadem
1380 504 1668 542 univocacione
1701 519 1795 542 ana-

484 563 625 612 gogica
666 563 780 611 panis
821 571 954 611 potest
992 562 1158 610 intelligi
1198 564 1469 611 quodcunque
1501 568 1828 611 tegumentum75

484 623 593 670 quod
627 621 759 658 debite
798 621 925 657 nutrit
958 633 1116 668 corpus,
1157 619 1236 656 sive
1275 620 1324 657 sit
1364 620 1478 668 panis
1517 620 1597 657 sive
1636 622 1794 667 domus,

484 679 577 728 quia
609 678 650 715 in
682 680 759 715 hoc
790 678 927 715 omnia
960 678 1035 714 ista
1068 678 1310 714 conveniunt
1343 680 1451 726 quod
1484 688 1575 715 sunt
1607 678 1735 716 solida
1758 688 1795 716 et

483 737 667 773 nutriunt
700 738 920 773 humanam
952 745 1140 773 naturam
1174 737 1234 773 vel
1266 745 1502 773 sustentant.

542 796 619 832 Sed
652 794 776 831 tercio
809 793 1084 843 pertinencius
1117 802 1153 830 et
1188 794 1280 830 fidei
1314 794 1513 842 scripture
1548 794 1795 831 conformius

484 861 616 901 potest
654 853 769 900 panis
807 852 942 889 vocari
985 853 1057 888 sub
1097 853 1271 900 quadam
1311 851 1600 889 univocacione
1640 861 1795 889 remota
1816 868 1854 888 10

482 910 626 947 veritas
665 910 757 947 fidei
791 924 869 959 qua
903 909 1081 958 pascitur
1113 911 1235 946 homo
1267 909 1446 946 interior.
1491 909 1676 946 Mirabile
1709 910 1795 958 qui-

484 970 574 1005 dem
613 969 714 1005 foret
754 970 862 1017 quod
897 967 1080 1004 Christus
1113 967 1357 1004 omnisciens
1390 969 1551 1004 doceret
1584 967 1792 1004 ecclesiam

482 1039 593 1063 suam
628 1039 745 1063 orare
777 1026 1015 1074 generaliter
1047 1038 1120 1073 pro
1154 1025 1242 1062 cibo
1276 1025 1408 1062 minus
1436 1025 1525 1061 utili
1549 1025 1676 1073 magis
1699 1026 1795 1063 utile

482 1084 735 1129 dimittendo,
771 1093 807 1120 et
841 1097 931 1120 cum
965 1083 1211 1120 sustentacio
1244 1083 1406 1132 spiritus
1439 1083 1488 1119 sit
1524 1083 1648 1131 magis
1673 1084 1792 1130 utilis,

481 1155 603 1190 quam
636 1142 881 1179 sustentacio
915 1140 1107 1189 corporis,
1141 1141 1299 1178 videtur
1330 1143 1439 1189 quod
1472 1138 1661 1178 Christus*
1685 1141 1793 1178 illam
1815 1146 1850 1178 15

481 1200 820 1237 sustentacionem
860 1199 900 1235 in
939 1199 1012 1236 ista
1045 1198 1245 1247 peticione
1278 1208 1422 1248 quarta
1455 1200 1527 1235 sub
1560 1199 1635 1235 ista
1675 1199 1794 1247 signi-

483 1258 674 1294 ficacione
707 1257 927 1306 anagogice
960 1258 1203 1294 intendebat.
1250 1259 1297 1293 Et
1330 1257 1385 1294 ita
1418 1265 1527 1305 patet
1559 1257 1711 1293 solucio
1744 1259 1794 1294 ad

483 1315 729 1352 evidenciam
776 1329 896 1364 quam
942 1315 1073 1351 innuit
1115 1315 1374 1363 Augustinus.
1427 1317 1643 1351 Possumus
1688 1315 1792 1351 enim

482 1386 565 1410 esse
599 1373 759 1410 solliciti
793 1374 899 1410 circa
923 1386 1046 1421 genus
1079 1373 1243 1421 aliquod
1276 1374 1383 1421 quod
1416 1372 1585 1409 includit
1619 1373 1792 1419 celestia,

481 1432 582 1468 sicut
606 1441 662 1468 cst
695 1432 809 1480 panis
842 1431 1059 1479 predictus,
1092 1430 1183 1467 licet
1216 1444 1296 1467 non
1328 1443 1464 1467 sumus
1496 1430 1657 1467 solliciti
1690 1430 1793 1468 circa
1811 1446 1852 1466 20

480 1491 556 1526 hoc
589 1489 839 1526 individuum
875 1489 1108 1537 temporale.

540 1549 617 1584 Sed
665 1549 842 1584 secundo
889 1549 1065 1584 notande
1109 1555 1202 1584 sunt
1241 1546 1474 1584 addiciones
1513 1547 1791 1594 terminorum,

481 1618 557 1653 que
597 1605 637 1642 in
676 1605 865 1642 oracione
899 1605 1102 1642 dominica
1135 1613 1452 1653 consequuntur.
1500 1605 1654 1641 Dicitur
1686 1604 1790 1641 enim

481 1664 625 1699 Panem
671 1672 844 1700 nostrum
884 1663 1154 1700 communiter
1194 1671 1360 1711 propter
1393 1663 1539 1699 multa:
1586 1663 1717 1711 primo
1750 1672 1792 1699 ut

481 1721 605 1757 simus
638 1721 678 1757 in
713 1721 880 1758 caritate
912 1722 973 1757 vel
1006 1721 1140 1769 gracia
1174 1720 1282 1768 digni
1306 1733 1423 1768 pane,
1458 1720 1551 1769 quia
1576 1724 1632 1765 (ut
1656 1720 1791 1757 fideles
1809 1725 1847 1757 25

481 1781 663 1824 credunt)
693 1779 853 1827 presciti
881 1780 941 1815 vel
967 1788 1073 1815 extra
1097 1778 1272 1827 graciam
1307 1791 1387 1814 non
1410 1787 1501 1814 sunt
1524 1778 1632 1826 digni
1656 1778 1791 1826 aliquo

481 1839 587 1873 bono
622 1837 692 1873 Dei
739 1847 775 1873 et
819 1849 889 1885 per
934 1849 1183 1884 consequens
1228 1849 1308 1872 non
1353 1845 1445 1872 sunt
1490 1836 1599 1884 digni
1645 1849 1667 1873 a
1707 1839 1790 1872 Deo

481 1904 615 1943 petere
656 1907 799 1943 panem
841 1908 971 1932 suum.
1018 1895 1288 1942 Disponamus
1326 1907 1399 1930 nos
1439 1894 1559 1942 igitur
1591 1903 1635 1930 ut
1667 1894 1791 1930 simus

481 1953 616 1989 fideles
650 1952 752 1989 servi
786 1952 948 1989 Domini
973 1962 1009 1989 et
1033 1961 1126 1989 tunc
1150 1965 1364 2000 possumus
1389 1954 1437 1988 ab
1462 1965 1507 1989 eo
1531 1952 1632 1988 iuste
1656 1960 1791 2000 petere

480 2024 623 2058 panem
657 2019 853 2047 nostrum.
1807 2028 1850 2049 ,πο

538 2069 721 2105 Secunda
755 2068 862 2105 racio
896 2082 1020 2117 quare
1053 2068 1108 2105 sic
1141 2068 1313 2116 petimus
1348 2068 1387 2103 in
1421 2068 1625 2104 communi
1659 2077 1716 2104 est
1748 2077 1791 2104 ut

481 2127 681 2163 discamus
714 2126 882 2163 invicem
907 2126 1073 2174 diligere
1107 2135 1143 2163 et
1177 2126 1478 2162 communicare
1507 2134 1588 2162 tam
1612 2125 1653 2161 in
1676 2125 1790 2161 bonis

479 2184 754 2232 spiritualibus
793 2198 913 2232 quam
955 2184 995 2220 in
1035 2184 1149 2220 bonis
1189 2183 1479 2231 corporalibus,
1526 2193 1562 2220 et
1601 2183 1692 2219 ideo
1726 2196 1790 2231 pe-

479 2242 602 2278 timur
635 2242 906 2278 communiter
939 2255 1083 2290 panem
1118 2251 1314 2278 nostrum.

537 2300 681 2336 Tereia
714 2300 824 2337 racio
858 2309 915 2336 est
949 2309 990 2336 ut
1025 2299 1152 2336 fidelis
1186 2308 1401 2348 cognoscat
1426 2300 1533 2347 quod
1558 2311 1638 2334 non
1661 2299 1789 2335 solum
1809 2306 1847 2338 35

480 2371 552 2406 pro
585 2371 625 2394 se
658 2360 724 2395 sed
759 2358 883 2394 eciam
921 2371 993 2405 pro
1026 2357 1216 2394 fratribus
1250 2359 1317 2393 dat
1349 2356 1423 2393 sibi
1448 2356 1646 2392 Dominus
1678 2356 1788 2392 illum

481 2428 624 2464 panem
672 2425 708 2452 et
754 2429 843 2452 cum
886 2416 949 2451 illc
990 2415 1039 2451 sit
1080 2416 1167 2451 finis
1208 2414 1387 2452 dacionis
1427 2427 1544 2463 quem
1588 2417 1692 2450 Deus
1731 2413 1789 2449 in-

481 2474 621 2520 tendit,
667 2475 785 2510 debet
825 2487 963 2510 cavere
1002 2473 1172 2510 sollicite
1212 2486 1261 2509 ne
1300 2473 1406 2509 fatue
1457 2473 1618 2508 frustrer
1663 2471 1788 2509 illum.

551 2687 570 2705 1.
592 2678 619 2704 A
641 2677 669 2704 in
693 2686 789 2712 marg.
812 2678 840 2704 in
863 2676 929 2704 Fol.
946 2676 1034 2710 3849:
1058 2677 1100 2704 Dc
1116 2677 1215 2704 hostia
1230 2681 1407 2704 consecrata
1422 2676 1490 2703 vide
1505 2676 1632 2703 inferius
1647 2676 1725 2703 libro
1740 2675 1790 2710 ΙΙΙ,

481 2714 556 2748 Cap.
578 2712 737 2740 XXXVIII
759 2721 812 2746 per
833 2720 1025 2747 processum.
1100 2712 1123 2739 5.
1146 2713 1173 2739 A
1195 2712 1224 2738 in
1247 2719 1360 2746 marg:
1382 2718 1409 2738 2.
1484 2720 1513 2745 ς).
1534 2712 1561 2737 Α
1577 2711 1607 2737 in
1622 2718 1735 2744 marg:
1756 2718 1790 2744 3.

483 2748 519 2774 13.
544 2748 563 2773 15
585 2747 727 2781 corrigit:
747 2755 804 2781 pro
823 2747 884 2773 sibi
901 2747 1001 2773 minus
1021 2747 1099 2773 utili.
1193 2755 1233 2779 ¹1-
1259 2746 1296 2773 ss:
1317 2745 1497 2772 dimittendo
1518 2749 1571 2772 etc.
1592 2746 1789 2772 sustentacm.

481 2791 520 2817 17.
543 2782 581 2809 15:
603 2782 779 2817 analogice.
888 2789 934 2808 20.
957 2781 995 2808 13:
1017 2781 1120 2808 simus.
1221 2788 1263 2807 22.
1284 2781 1311 2808 A
1334 2780 1362 2807 in
1385 2788 1497 2815 marg:
1519 2780 1554 2806 B.
1645 2787 1691 2812 24.
1713 2781 1739 2806 Α
1761 2778 1790 2806 in

480 2825 594 2847 marg:
617 2825 638 2843 1.
712 2824 756 2849 27.
778 2818 821 2843 A:
843 2819 912 2843 sunt
933 2816 1027 2843 deest.
1102 2815 1139 2844 31.
1161 2815 1231 2844 Ain
1250 2823 1362 2850 marg:
1378 2822 1406 2844 2-
1481 2814 1520 2842 35.
1542 2814 1612 2843 Ain
1630 2822 1742 2850 marg:
1757 2822 1790 2848 3.

480 2852 524 2881 5η.
549 2852 585 2880 Ιόε
609 2851 704 2879 eciam
725 2852 818 2878 deest.
