2003 3322
217 201 307 230 CAP.
329 193 483 246 xnvm]
696 204 908 236 SECUNDA
936 204 1062 234 PARS.

679 331 818 372 CAP.
851 330 1077 371 XLVIII.

276 439 534 488 Prosequitur
578 447 712 475 autem
751 438 824 475 iste
868 447 1027 475 sanctus
1067 439 1139 474 hec
1181 439 1299 474 verba
1341 437 1534 485 evangelii

216 500 287 534 sub
312 497 386 534 hiis
409 497 556 534 verbis:
599 497 664 532 Via
694 504 820 533 autem
851 497 925 533 vite
953 504 1009 533 est
1038 496 1161 532 omnis
1184 496 1345 532 iusticia.
1380 496 1536 532 Dicitur

218 564 345 592 autem
379 563 466 591 arta
499 568 591 601 esse,
626 555 712 603 quia
741 555 843 590 intra
867 555 1046 605 regulam
1072 554 1246 590 veritatis
1274 561 1310 589 et
1338 554 1566 609 disciplinen

182 617 271 650 §est
303 614 462 650 inclusa.
508 614 561 649 Et
591 613 833 649 ambulantes
871 614 906 648 in
948 625 990 648 ea
1030 624 1102 648 non
1139 612 1243 660 quod
1275 612 1440 647 delectat
1472 624 1535 648 eos

215 673 286 708 hoc
322 672 493 720 faciunt⁷
544 672 613 707 sed
656 672 757 719 quod
790 671 936 713 debent,
985 670 1073 720 quia
1126 671 1192 705 lex
1238 682 1310 705 non
1356 670 1535 706 voluntas

215 742 348 766 eorum
383 737 459 774 est,·
490 741 556 765 nec
589 737 644 765 est
674 729 742 765 sub
776 729 853 765 illis
886 729 952 764 lex
983 729 1051 764 sed
1073 728 1146 776 ipsi
1172 728 1240 763 sub
1265 727 1360 777 lege.
1402 727 1533 764 Consi-

216 788 431 824 derandum
464 794 589 823 autem
629 795 695 832 est,
734 787 822 836 quia
862 787 922 822 via
962 786 1065 821 ducit
1101 786 1153 821 ad
1186 793 1344 834 portam
1391 793 1426 821 et
1465 786 1538 822 nisi

216 845 298 894 quis
350 845 609 882 ambulaverit
655 858 729 894 per
782 845 897 890 viam,
951 857 1023 880 non
1065 850 1194 893 potest
1232 844 1442 892 pervenire
1484 844 1537 879 ad

163 911 386 953 mportam.
433 904 496 939 Sic
540 910 576 939 et
619 903 683 951 qui
724 903 910 938 iusticiam
941 902 1112 950 faciunt,
1163 901 1221 936 illi
1262 901 1336 936 soli
1373 909 1536 950 possunt

216 973 452 1011 cognoscere
489 961 687 997 Christum
733 968 768 996 et
807 961 956 996 intrare
994 972 1069 1008 per
1107 960 1243 1009 ipsum.
1296 959 1372 1003 Qui
1409 967 1533 995 autem

217 1032 288 1055 non
332 1020 531 1055 ambulant
564 1031 640 1068 per
672 1019 771 1054 viam
806 1018 963 1064 iusticie,
1003 1017 1237 1066 impossibile
1274 1025 1329 1053 est
1368 1025 1407 1053 ut
1446 1030 1536 1053 uere

1574 512 1796 548 Chrysostom:

1583 547 1650 574 The
1670 556 1738 583 way
1757 547 1783 574 is

1572 591 1673 609 arrow
1694 583 1823 609 because

1573 617 1595 644 it
1614 617 1640 644 is
1660 617 1800 644 confined

1620 653 1657 688 by
1684 652 1752 679 law.

1610 1033 1756 1062 Without

215 1085 453 1127 cognoscant
491 1078 699 1114 Christum.
750 1076 938 1119 Quamvis
977 1076 1088 1111 multi
1126 1075 1245 1111 eciam
1286 1088 1358 1111 non
1402 1076 1534 1111 amhu-
1567 1069 1799 1104 righteousness

216 1136 338 1171 lantes
376 1147 451 1184 per
488 1135 675 1171 iusticiam
717 1134 919 1170 videantur
957 1145 1193 1183 cognoscere
1230 1133 1439 1171 Christum.
1495 1133 1537 1168 Si

162 1195 198 1226 15
215 1200 340 1229 autem
375 1205 441 1228 nec
464 1193 585 1241 fuisti
615 1205 681 1228 nec
714 1204 752 1228 es
784 1193 819 1227 in
854 1192 913 1228 via
947 1192 1093 1227 iusticie
1124 1199 1159 1227 et
1185 1199 1300 1240 putas
1323 1199 1359 1227 te
1388 1203 1531 1241 cogno-

215 1251 332 1287 Scere
369 1251 570 1295 christum,
612 1250 796 1288 mentiris.
839 1250 945 1286 Sicut
977 1250 1074 1285 enim
1107 1250 1173 1298 qui
1203 1249 1311 1285 audit
1342 1249 1429 1298 quia
1462 1250 1538 1284 mel

216 1309 327 1345 dulce
378 1316 433 1344 est
484 1321 551 1345 nec
598 1316 731 1359 gustat
782 1309 828 1343 de
878 1308 957 1353 illo,
1011 1319 1144 1343 nomen
1203 1307 1354 1356 quidem
1411 1308 1537 1343 mellis

216 1366 429 1417 cognoscit,
461 1367 640 1417 graciam
675 1373 801 1401 autem
837 1373 975 1401 nature
1007 1366 1086 1402 eius
1118 1365 1300 1415 ignorat‚·
1330 1365 1385 1401 sic
1417 1373 1452 1400 et
1473 1366 1539 1414 qui

215 1425 323 1460 audit
365 1424 452 1473 quia
492 1425 670 1461 Christus
713 1432 769 1460 est
800 1424 912 1473 filius
957 1424 1044 1470 Dei,
1093 1423 1241 1459 iusticia
1287 1431 1411 1458 autem
1458 1423 1536 1459 eius

160 1494 200 1515 20
216 1495 289 1518 non
324 1483 454 1530 fuerit
502 1495 604 1529 usus,
650 1483 918 1518 tantummodo
964 1494 1099 1518 nomen
1137 1481 1286 1517 Christi
1323 1481 1533 1532 cognoscit,

214 1540 394 1591 graciam
428 1547 553 1576 autem
589 1548 726 1576 nature
763 1541 841 1575 eius
872 1540 1044 1590 ignorat.
1084 1540 1174 1575 Ideo
1208 1552 1280 1575 non
1314 1539 1415 1575 dixit
1441 1552 1536 1588 pro-

212 1599 351 1647 pheta:
383 1598 523 1634 Audite
554 1606 589 1634 et
623 1599 747 1633 videte
778 1599 957 1647 quoniam
991 1598 1122 1634 suavis
1156 1604 1209 1633 est
1232 1597 1436 1643 Dominus,
1468 1598 1537 1633 sed

214 1663 373 1706 gustate
417 1664 452 1692 et
496 1657 630 1692 videte.
684 1656 847 1700 Quando
893 1667 989 1705 ergo
1034 1655 1181 1704 aliquid
1224 1655 1443 1691 audivimus
1491 1655 1537 1690 de

220 1714 388 1758 Christo,
424 1726 558 1750 nomen
588 1714 736 1750 Christi
765 1714 1035 1764 cognoscimus
1059 1713 1324 1749 tantummodo
1358 1720 1398 1748 ut
1431 1713 1533 1749 dixi-

158 1773 197 1805 25
215 1784 310 1808 mus.
351 1772 514 1815 Quando
547 1780 672 1808 autem
705 1772 893 1808 iusticiam
928 1771 1004 1807 Dei
1030 1771 1220 1820 facimus,
1260 1771 1384 1821 ipsum
1423 1771 1535 1806 Chri-

214 1837 313 1865 Stum
345 1837 561 1880 gLZSlaleS.

1595 1112 1641 1131 we
1661 1108 1774 1131 cannot

1575 1139 1667 1166 know
1687 1138 1800 1166 Christ.

274 1887 462 1923 Similiter
493 1900 559 1923 nec
591 1888 757 1924 incurrit
778 1887 814 1923 in
847 1900 982 1923 manus
1015 1887 1170 1934 diaboli,
1206 1887 1279 1923 nisi
1307 1887 1373 1935 qui
1403 1887 1438 1922 in
1473 1887 1533 1922 via
1549 1890 1591 1919 So
1611 1895 1662 1917 too
1683 1892 1755 1925 onlyv
1785 1892 1824 1928 by

213 1945 386 1981 ambulat
429 1953 693 1994 peccatorum.
756 1945 818 1981 Vis
870 1958 941 1981 non
995 1945 1197 1981 incurrere
1249 1945 1284 1980 in
1320 1945 1533 1991 diabolum,

1548 1925 1598 1952 the
1618 1934 1687 1962 way
1713 1927 1748 1954 of
1777 1926 1823 1953 sin

1565 1968 1620 1987 can
1647 1969 1693 1987 we
1719 1970 1807 1988 come

215 2003 363 2038 declina
404 2003 504 2039 viam
544 2015 613 2052 que
646 2003 750 2039 ducit
786 2003 837 2038 ad
875 2003 997 2050 illum,
1037 2011 1072 2038 et
1104 2004 1249 2038 nullam
1285 2003 1396 2038 habet
1429 2003 1464 2038 in
1498 1995 1612 2038 teinto
1637 1997 1688 2023 the
1715 1996 1822 2024 devil's

159 2063 200 2095 30
216 2061 391 2097 diabolus
429 2069 672 2110 potestatem.
722 2061 764 2096 Si
805 2069 931 2096 autem
977 2061 1238 2097 ambulaveris
1282 2060 1318 2096 in
1364 2060 1424 2096 via
1463 2072 1533 2109 que

215 2118 319 2154 ducit
357 2119 408 2154 ad
445 2119 552 2155 illum
594 2127 630 2155 et
667 2119 742 2154 iam
783 2131 856 2155 non
890 2119 1042 2155 diabolo
1075 2119 1238 2168 imputes
1266 2118 1531 2167 perdicionem

214 2183 334 2222 tuam,
366 2177 476 2225 quasi
506 2177 571 2212 ille
603 2177 775 2213 traxerit
805 2184 841 2212 te
863 2178 915 2212 ad
945 2189 997 2223 se,
1028 2177 1098 2213 sed
1129 2177 1207 2225 tihi,
1240 2176 1327 2224 quia
1360 2184 1398 2211 tu
1431 2176 1535 2212 ivisti

214 2235 266 2270 ad
298 2234 418 2270 illum.
453 2235 652 2283 Numquid
678 2242 799 2283 porta
834 2235 937 2270 ducit
970 2235 1022 2270 ad
1053 2235 1186 2270 viam?
1218 2234 1295 2270 Sed
1327 2234 1393 2269 illa
1429 2234 1533 2270 ducit

214 2292 266 2328 ad
303 2300 475 2341 portam.
523 2293 586 2328 Sic
630 2305 702 2328 non
742 2293 857 2341 prius
902 2292 1079 2328 diabolus
1124 2292 1226 2328 ducit
1271 2291 1442 2328 homines
1481 2293 1533 2327 ad

157 2350 369 2399 35peccata
392 2351 461 2386 sed
488 2358 648 2399 peccata
681 2351 733 2385 ad
756 2350 949 2386 diabolum
985 2351 1138 2386 ducunt.
1180 2350 1292 2385 Vides
1321 2361 1432 2399 ergo,
1464 2350 1532 2386 hec

214 2407 274 2443 via
302 2408 539 2457 perdicionis
577 2420 689 2456 quam
725 2408 857 2444 nociva
891 2415 958 2454 est,
997 2420 1110 2456 quam
1142 2407 1318 2456 spaciosa
1352 2407 1436 2443 est?
1479 2407 1532 2443 Et

214 2465 298 2502 ideo
342 2477 415 2501 non
459 2466 583 2502 solum
630 2466 796 2502 volentes
841 2466 910 2501 sed
956 2473 990 2501 et
1035 2466 1204 2501 nolentes
1249 2465 1453 2501 incurrunt
1494 2465 1530 2501 in

215 2535 310 2559 eam.
345 2523 398 2559 Et
430 2524 590 2572 difficile
621 2531 677 2559 est
708 2531 748 2559 ut
780 2531 892 2559 natus
921 2523 956 2558 in
987 2524 1058 2559 hoc
1081 2524 1223 2559 mundo
1250 2523 1529 2571 aliquantulum

284 2699 309 2718 2.
330 2693 358 2718 A
379 2692 409 2718 in
432 2699 546 2727 marg.:
576 2691 792 2719 Crisostomus.
900 2690 942 2718 25.
965 2691 1003 2718 B:
1022 2690 1163 2727 facimus
1187 2691 1263 2719 eius.
1372 2690 1418 2719 36.
1450 2692 1477 2719 A
1498 2691 1528 2718 in

216 2734 328 2761 marg:
356 2726 407 2753 Via
429 2726 503 2753 lata.
578 2725 622 2761 37.
643 2727 687 2753 A:
709 2726 765 2753 sed
783 2728 814 2753 et
831 2726 971 2754 nolentes
991 2726 1084 2753 deest.

286 2819 315 2840 2.
344 2809 411 2851 Op.
438 2810 535 2851 Imp„
561 2810 583 2841 l.
610 2820 638 2841 c.
665 2820 698 2851 p.
724 2808 801 2841 826.
902 2819 952 2840 22.
981 2810 1036 2841 ΡΞ.
1063 2809 1211 2848 XXXIII,
1238 2819 1269 2852 9.

1628 2038 1744 2066 power.
