2003 3322
185 217 273 246 CAP.
293 208 420 262 xxvi]
701 220 842 251 PRIMA
868 220 995 251 PARs.

173 328 269 378 finis
308 327 406 378 legis
449 327 501 362 ad
537 326 726 362 iusticiam
774 326 877 362 omni
919 325 1095 362 credenti
1137 325 1361 360 denunciat:
1412 325 1503 374 Ego

185 399 268 422 sum
303 386 376 431 via,
410 384 555 421 veritas
587 391 621 420 et
654 384 742 420 vita.
777 384 900 420 Nemo
934 384 1035 420 venit
1066 384 1117 419 ad
1140 383 1298 418 Patrem
1332 382 1404 418 nisi
1430 395 1505 431 per

187 456 256 480 me.
302 443 365 478 Ad
402 454 514 491 quam
562 442 663 478 viam
703 454 833 477 omnes
872 442 1044 478 homines
1082 441 1337 478 communiter
1370 441 1504 476 invitat

187 502 335 538 dicens:
374 500 502 537 Venite
532 500 584 535 ad
616 511 674 535 me
705 511 835 535 omnes
865 500 929 548 qui
957 499 1144 536 laboratis
1166 506 1202 534 et
1224 498 1375 534 onerati
1401 498 1501 534 estis.

154 558 170 590 5
192 559 292 609 Quia
325 570 397 595 non
430 565 486 594 est
512 570 775 607 personarum
809 558 984 607 accepcio
1016 558 1123 607 apua'
1153 557 1304 593 Deum.-
1336 556 1400 592 ubi
1430 568 1503 592 non

186 625 242 654 est
262 617 408 653 Judeus
430 623 465 652 et
492 616 654 663 Grecus,
687 616 883 652 masculus
915 623 950 651 et
970 615 1137 664 femina,
1172 626 1309 651 servus
1331 622 1367 651 et
1393 614 1503 661 liber,

186 675 379 712 barbarus
405 681 440 710 et
463 674 607 720 Scitha,
634 674 702 709 sed
724 673 850 710 onznia
873 673 908 709 in
932 674 1107 710 omnibus
1134 672 1325 712 Christus.
1364 672 1505 708 Omnes

186 733 283 770 enim
317 745 432 768 unum
465 739 552 768 sunt
584 731 620 767 in
659 731 814 768 Christo
845 731 947 767 Jesu.
980 732 1087 767 Dum
1111 743 1209 781 ergo
1238 730 1417 766 Christus
1449 737 1505 766 est

174 791 271 841 finis
303 790 414 841 legis,
459 790 522 838 qui
558 790 640 826 sine
672 790 759 840 lege
789 797 877 825 sunt
908 790 988 826 sine
1025 789 1175 825 Christi
1192 789 1319 838 fiunt:
1374 788 1505 839 Igitur

134 849 351 898 10populus
397 848 477 884 sine
521 847 676 884 Christo
720 855 787 884 est.
840 847 1049 883 Abusivum
1097 847 1222 897 igitur
1267 847 1505 896 temporibus

187 906 382 957 evangelii
418 906 607 955 populum
651 905 731 942 sine
775 906 861 955 lege
893 905 1001 955 fieri,
1047 905 1200 954 quando
1238 905 1425 954 apostolis
1468 904 1504 940 in

187 972 343 1001 cunctas
384 971 520 1014 gentes
563 963 720 1000 licencia
759 963 1046 1013 predicacionis
1091 964 1181 999 data
1230 970 1299 1011 est,
1351 963 1504 1011 quando

186 1022 396 1059 tonitruum
447 1021 641 1072 evangelii
676 1034 752 1071 per
804 1034 934 1058 omnes
979 1022 1100 1057 seculi
1135 1028 1274 1070 partes
1324 1021 1506 1065 intonuit,-

187 1081 339 1130 quando
377 1087 511 1130 gentes
550 1091 621 1129 que
658 1092 731 1116 non
770 1080 1019 1117 sectabantur
1057 1079 1245 1115 iusticiam
1286 1079 1503 1129 apprehen-

135 1137 171 1170 15
189 1139 327 1175 derant
370 1138 572 1183 iusticiam,
617 1138 768 1187 quando
808 1138 872 1187 qui
908 1138 1024 1188 longe
1053 1137 1235 1186 fuerant,
1270 1137 1378 1186 facti
1418 1144 1506 1173 sunt

183 1209 310 1246 prope
347 1196 382 1232 in
421 1196 610 1246 sanguine
647 1195 815 1241 Clzristi,·
858 1196 922 1244 qui
966 1195 1175 1244 aliquando
1213 1207 1286 1232 non
1320 1195 1504 1245 populus,

189 1267 286 1290 nunc
329 1261 456 1290 autem
503 1254 675 1303 populus
727 1254 762 1289 in
822 1253 993 1301 Christo,
1045 1254 1197 1302 quando
1248 1260 1305 1290 est
1356 1260 1506 1302 tempus

187 1312 420 1362 acceptabile
451 1319 487 1347 et
517 1312 597 1348 dies
625 1311 762 1348 salutis
784 1319 819 1348 et
840 1319 991 1361 tempus
1014 1311 1222 1362 refrigerii
1242 1311 1278 1347 in
1302 1318 1504 1360 conspectu

188 1370 387 1414 altissimi5
423 1370 574 1419 quana'o
614 1382 836 1419 unaqueque
866 1382 964 1420 gens
995 1369 1107 1405 habet
1139 1377 1270 1406 testem
1304 1381 1504 1406 resurrec-

132 1437 174 1458 20
189 1428 318 1475 cionz's,
352 1429 504 1477 quando
536 1428 616 1477 ipse
649 1428 825 1464 dominus
852 1435 1117 1477 protestatur:
1148 1428 1251 1464 Ecce
1283 1439 1355 1478 ego
1380 1427 1503 1464 vobis-

189 1499 273 1523 cum
305 1498 389 1522 sum
422 1487 594 1523 omnibus
617 1486 747 1522 diebus
769 1498 886 1535 usque
907 1486 959 1521 ad
980 1486 1351 1523 consummacionem
1373 1486 1503 1522 seculi.

190 1545 276 1581 Non
298 1545 448 1594 fiamus
479 1557 576 1595 ergo
608 1545 688 1581 sine
715 1544 871 1580 Christo
894 1544 929 1580 in
953 1544 1025 1580 hoc
1057 1552 1230 1594 tempore
1262 1544 1504 1588 transitorio,

190 1615 235 1638 ne
284 1602 364 1638 sine
413 1603 519 1638 nobis
572 1602 752 1639 Christus
801 1615 883 1639 esse
931 1602 1087 1652 incipiat
1130 1602 1165 1638 in
1209 1602 1366 1650 futuro.
1420 1603 1504 1638 Hec

189 1659 447 1708 Augustinus.

132 1714 172 1747 25
247 1720 331 1755 Hec
374 1726 508 1755 autem
552 1720 675 1755 verba
722 1731 799 1767 que
842 1717 1028 1755 videntur
1075 1730 1158 1754 esse
1202 1717 1333 1755 stultis
1380 1726 1505 1754 extra-

187 1775 381 1824 vagancia
431 1777 481 1813 ad
524 1777 599 1813 hoc
632 1778 738 1813 Deus
782 1776 961 1823 inseruit,
1001 1785 1045 1812 ut
1085 1776 1184 1813 sciat
1223 1788 1343 1812 omne
1382 1788 1505 1824 genus

188 1834 398 1870 hominum
422 1835 530 1882 quod
553 1834 685 1871 omnis
707 1834 853 1871 veritas
887 1843 925 1871 et
956 1834 1087 1871 omnis
1110 1834 1256 1870 erroris
1279 1834 1505 1871 destruccio

189 1901 247 1928 est
279 1892 319 1928 in
352 1891 558 1940 evangelio
594 1894 653 1939 (ut
685 1905 778 1941 sepe
806 1892 947 1929 asserit
969 1892 1245 1941 Augustinus).
1279 1894 1328 1928 Et
1361 1892 1392 1928 si
1416 1892 1505 1940 quis

188 1950 305 1986 fuerit
362 1950 417 1986 ita
468 1950 628 1996 sciolus,
677 1950 779 1987 sicut
830 1964 1010 1999 unquam
1056 1951 1129 1987 fuit
1178 1951 1384 1997 Salomon,
1437 1958 1506 1986 aut

131 2005 173 2037 30
188 2008 244 2045 ita
296 2009 530 2056 grandevus,
583 2008 686 2045 sicut
737 2021 917 2057 unquam
970 2008 1043 2045 fuit
1094 2008 1323 2054 Matussale,
1389 2009 1507 2045 debet

190 2078 431 2114 cognoscere
470 2067 580 2114 quod
619 2067 780 2103 modica
819 2080 911 2115 pars
952 2066 1145 2114 evangelii
1183 2066 1256 2103 sibi
1305 2066 1505 2103 sufficeret

190 2132 547 2173 quantumcunque
579 2125 674 2161 velit
706 2124 925 2162 addiscere.
970 2127 1073 2161 Nam
1119 2125 1306 2161 veritates
1351 2124 1505 2172 singule

189 2190 281 2218 sunt
314 2194 502 2229 connexe,
537 2191 574 2219 et
607 2182 638 2218 si
670 2183 817 2220 veritas
849 2183 898 2219 sit
931 2183 1115 2220 docibilis
1138 2183 1198 2219 vel
1231 2182 1415 2229 salubris,
1451 2182 1505 2218 ibi

188 2240 250 2276 vel
282 2241 449 2276 docetur
481 2253 661 2289 expresse
692 2242 755 2278 vel
787 2241 907 2278 tacite
940 2242 1159 2277 secundum
1184 2242 1293 2289 quod
1326 2249 1384 2277 est
1415 2241 1505 2288 plus

134 2292 415 2335 3511ecessaria
445 2298 603 2335 viatori.
636 2300 685 2335 Et
717 2299 748 2335 si
781 2299 926 2336 veritas
960 2299 1095 2348 aliqua
1128 2299 1279 2335 malum
1308 2298 1504 2345 docuerit,

260 2501 289 2527 9.
310 2493 354 2520 A:
375 2493 446 2529 lege
465 2493 564 2520 twice.
656 2501 684 2528 9,
707 2493 846 2528 1o.fiunt
864 2510 897 2513 —
917 2496 965 2521 est
983 2494 1077 2520 deest.
1182 2494 1224 2522 16.
1244 2495 1288 2521 A:
1309 2494 1504 2530 sanguinem.

191 2527 234 2554 25.
260 2528 289 2554 A
314 2527 345 2554 in
370 2535 485 2563 marg:
520 2527 686 2562 Jolcannes,
719 2527 801 2556 Nota
827 2528 912 2564 quod
936 2529 1032 2556 omnis
1059 2528 1176 2556 veritas
1205 2531 1234 2556 et
1260 2529 1359 2556 omnis
1384 2529 1506 2556 erroris

191 2562 363 2589 destruccio
388 2565 433 2589 est
458 2562 488 2590 in
518 2563 690 2599 evangelio,
717 2562 819 2596 Nota‚·
848 2563 890 2590 ib.
915 2564 959 2591 A:
987 2563 1107 2591 stultus.
1216 2571 1262 2598 27.
1282 2564 1328 2591 A:
1356 2566 1388 2591 et
1405 2564 1506 2599 quod,·

192 2596 229 2623 B:
251 2599 281 2624 et
299 2597 435 2624 extinxit.

266 2703 292 2726 1.
318 2692 397 2724 Joh.
421 2693 511 2733 XIV,
538 2691 570 2724 6.
711 2703 744 2734 4.
771 2693 890 2725 Matth.
916 2694 971 2734 XI,
1000 2693 1053 2725 28.
1198 2693 1227 2726 5.
1253 2694 1357 2725 Rom.
1383 2695 1421 2734 II,
1455 2705 1504 2728 11.

192 2737 224 2770 6.
252 2738 327 2770 Gal.
354 2739 408 2778 ΙΙΙ,
436 2738 489 2770 28.
630 2738 662 2771 8.
688 2740 791 2771 Rom.
817 2741 857 2780 X,
889 2750 922 2780 4.
1070 2751 1119 2771 11.
1146 2740 1265 2772 Matth.
1291 2740 1413 2780 XVIII,
1454 2751 1503 2784 19.

197 2795 246 2825 14.
261 2785 363 2816 Rom.
379 2786 432 2825 IX,
451 2787 503 2818 30.
573 2784 622 2817 16.
638 2786 782 2828 Eph.11‚
804 2788 858 2827 133
874 2787 977 2818 Rom.
995 2787 1048 2827 IX,
1066 2786 1119 2818 25.
1186 2797 1239 2818 2ο.
1256 2787 1293 2819 ΙΙ.
1310 2786 1457 2827 Cor.VI‚
1475 2797 1505 2818 2.

193 2840 246 2862 22.
272 2830 390 2863 Matth.
415 2832 567 2871 XXVIII,
594 2841 648 2863 20.

1740 222 1786 258 91

1532 1723 1582 1750 All
1604 1723 1690 1750 truth
1712 1722 1738 1749 is
1759 1723 1790 1750 in

1566 1758 1616 1787 the
1635 1764 1752 1798 gospel.
