2003 3322
220 201 307 229 CAP.
328 192 383 246 v.]
701 203 913 236 SECUNDA
939 202 1067 235 PARS.

222 310 257 345 in
289 309 598 356 amaritudinem,
634 315 669 344 et
706 309 776 344 hoc
798 309 912 356 forte
942 308 1228 357 sempiternam.
1279 309 1361 344 Hec
1393 309 1528 356 Augu-

220 367 358 403 stinus.

276 424 442 460 Videtur
474 423 593 460 istum
625 432 808 460 sanctum
840 423 1006 460 innuere
1038 423 1146 471 quod
1178 422 1359 471 ypocrita
1389 434 1526 470 proce-

220 483 315 518 dens
338 483 388 518 ad
412 482 735 518 manducandum
760 481 820 517 vel
844 481 1060 529 quicquam
1084 480 1191 517 aliud
1216 480 1444 517 faciendum
1468 488 1525 516 est

186 541 202 574 5
219 541 324 587 apud
349 538 567 575 Dominum
591 539 653 575 fur
676 547 712 575 et
735 539 852 585 latro,
886 538 980 587 quia
1004 538 1110 586 capit
1134 537 1312 574 indebite
1335 538 1523 574 alienum.

218 599 319 633 Nam
352 598 571 633 secundum
605 596 851 644 evangelium
888 609 930 632 ex
962 609 1063 633 vana
1094 596 1212 632 laude
1244 595 1394 643 recepit
1425 608 1524 631 mer-

218 656 356 691 cedem
397 666 523 700 suam,
572 663 608 690 et
647 666 737 690 cum
777 655 852 690 hoc
892 654 990 702 petit
1028 653 1202 701 amplius
1234 654 1294 690 vel
1327 654 1374 689 de
1407 653 1525 689 laude

218 713 278 749 vel
300 711 604 748 mendicacione
626 713 686 748 vel
708 720 890 760 utraque,
925 720 962 748 et
994 724 1084 748 cum
1108 712 1184 747 hoc
1206 710 1300 747 facit
1323 710 1525 758 incognite

219 771 351 818 quoad
391 769 587 815 homines,
627 778 737 817 patet
775 769 991 806 conclusio.
1037 771 1084 805 Et
1123 768 1327 817 signanter
1365 768 1524 814 dicitur,

166 840 204 861 ιο
221 837 411 876 appetere
450 827 612 864 inanem
654 827 840 875 gloriam,
885 827 980 875 quia
1018 827 1086 863 illa
1125 826 1252 874 gloria
1289 825 1413 862 nichil
1450 825 1525 861 sibi

218 885 379 933 proficit
425 898 498 933 pro
544 885 717 933 presenti
757 894 794 921 et
833 898 904 933 pro
944 893 1127 933 tempore
1167 897 1247 932 quo
1286 884 1438 920 fructus
1478 884 1526 920 de

218 942 346 991 gloria
378 943 573 991 reciperet
613 951 733 978 metet
766 955 931 991 penam;
977 951 1013 979 et
1045 942 1136 978 ideo
1169 941 1402 978 omnimode
1435 940 1526 977 talis

218 1000 344 1048 gloria
384 1009 441 1037 est
484 999 626 1047 inanis,
672 1000 766 1048 quia
811 1009 919 1037 caret
957 1000 1198 1036 fundacione
1241 999 1282 1035 in
1327 998 1527 1035 immobili

217 1058 394 1104 veritate‚
406 1067 449 1094 ut
464 1057 620 1106 antiqui
637 1058 937 1094 considerarant
953 1059 1073 1106 quod,
1090 1057 1165 1093 nisi
1181 1057 1309 1094 celum
1326 1056 1527 1093 contineat

166 1117 201 1150 15
218 1128 375 1164 speram
408 1125 512 1152 terre
545 1124 582 1152 et
616 1118 721 1152 Deus
755 1115 959 1152 contineat
992 1115 1124 1163 ipsum
1158 1115 1344 1151 ultimum
1382 1115 1526 1161 celum,

218 1173 333 1210 aliter
365 1183 471 1210 totus
503 1175 676 1210 mundus
699 1173 911 1210 fluctuaret
934 1173 973 1209 in
997 1186 1122 1209 vacuo
1146 1172 1317 1209 infinito.
1353 1172 1418 1209 Sic
1442 1173 1526 1209 laus

219 1232 398 1268 humana
441 1232 503 1268 vel
547 1231 777 1280 quicunque
821 1241 933 1268 actus
979 1231 1103 1267 animi
1143 1230 1218 1267 nisi
1257 1231 1446 1267 fundetur
1488 1229 1528 1266 in

218 1288 349 1337 prima
394 1288 528 1326 stabili
574 1288 741 1325 veritate
782 1289 945 1326 indubie
984 1297 1041 1325 est
1078 1301 1248 1325 vacuum
1288 1289 1348 1324 vel
1387 1287 1524 1334 inane;

221 1346 282 1383 cui
336 1359 428 1394 ergo
478 1348 686 1395 prodesset
734 1347 824 1383 talis
868 1346 995 1395 gloria
1042 1359 1119 1395 que
1164 1346 1292 1395 pascit
1336 1345 1525 1382 virtutem

162 1416 203 1437 20
218 1404 463 1452 peccabilem
502 1405 574 1441 sub
613 1404 774 1441 racione
813 1417 891 1453 qua
930 1405 1091 1452 peccat?
1143 1417 1279 1441 revera
1313 1417 1402 1440 cum
1436 1403 1526 1439 finis

218 1458 323 1498 illius
367 1462 416 1498 sit
460 1471 669 1510 peccatum
721 1463 843 1510 <quod
895 1471 953 1499 est
997 1463 1217 1498 secundum
1263 1461 1526 1510 philosophos

217 1519 332 1568 quasi
363 1519 499 1565 nichil)
534 1533 615 1556 non
648 1528 779 1568 potest
811 1520 1031 1568 subterfugi
1064 1520 1161 1568 quin
1195 1519 1284 1556 talis
1315 1519 1442 1567 gloria
1476 1519 1526 1555 sit

218 1577 358 1614 inanis.

277 1636 390 1672 Unde
423 1635 692 1672 Crisostomus
730 1647 850 1683 super
887 1635 964 1672 isto
1001 1644 1110 1672 textu
1141 1634 1197 1671 sic
1229 1634 1425 1683 loquitur:
1466 1635 1527 1671 De

163 1695 201 1728 25
218 1693 396 1729 oracione
439 1693 544 1729 nobis
586 1700 642 1729 est
684 1705 812 1730 sermo
856 1705 968 1741 quam
1012 1694 1134 1730 solam
1180 1693 1289 1741 quasi
1323 1693 1527 1742 spirituale

218 1751 401 1786 tributum
446 1751 574 1787 anima
618 1751 730 1800 offert
762 1752 846 1787 Deo
891 1752 936 1787 de
980 1751 1187 1788 visceribus
1224 1751 1313 1787 suis.
1365 1750 1525 1786 Omnem

218 1808 315 1844 enim
360 1809 547 1845 iusticiam
592 1821 703 1858 quam
740 1809 846 1857 facit
888 1809 1014 1856 homo,
1056 1821 1131 1858 per
1162 1809 1379 1858 potenciam
1416 1820 1525 1844 suam

208 1866 312 1915 facit
344 1873 379 1902 et
411 1867 457 1902 de
482 1866 659 1916 potencia
690 1879 759 1903 sua
786 1867 960 1916 profert.
996 1867 1126 1903 Solam
1158 1873 1284 1903 autem
1308 1866 1526 1902 oracionem

218 1924 424 1960 secundum
450 1924 576 1974 fidem
612 1937 721 1961 suam
749 1924 855 1973 facit
886 1931 921 1960 et
953 1936 1003 1961 ex
1022 1925 1109 1974 fide
1138 1937 1207 1961 sua
1244 1924 1416 1974 profert.
1465 1923 1527 1960 Vis

164 1986 205 2018 30
220 1988 345 2018 autem
400 1982 499 2018 scire
540 1994 652 2030 quam
694 1982 873 2031 preciosa
924 1982 972 2018 sit
1018 1982 1172 2027 oracio;
1221 1982 1327 2018 nulla
1379 1981 1526 2018 iusticia

219 2039 469 2091 thymiamati
509 2039 749 2076 assimilatur
787 2039 861 2076 nisi
897 2040 1027 2076 oracio
1064 2040 1161 2083 sola,
1208 2040 1305 2076 sicut
1342 2039 1377 2075 in
1419 2051 1525 2074 reve-

220 2097 366 2133 lacione
409 2097 621 2133 ostenditur
666 2097 855 2145 quomodo
901 2110 1068 2147 magnus
1110 2098 1274 2148 angelus
1312 2104 1400 2132 ante
1437 2109 1524 2132 con-

218 2162 387 2203 spectum
431 2155 571 2191 altaris
608 2155 814 2204 processit,
860 2155 1002 2191 habens
1045 2155 1081 2191 in
1126 2168 1240 2191 manu
1286 2155 1523 2190 thuribulum

219 2212 362 2248 incensi
400 2213 742 2249 odoramentorum
776 2220 811 2248 et
851 2213 993 2248 dictum
1033 2220 1088 2249 est
1121 2213 1171 2250 ei:
1211 2213 1287 2249 Iste
1317 2220 1405 2248 sunt
1438 2224 1525 2248 ora-

165 2271 203 2305 35
220 2269 344 2306 ciones
381 2277 616 2306 sanctorum.
663 2270 768 2306 Sicut
799 2270 895 2306 enim
929 2270 1148 2322 thymiama
1181 2271 1272 2307 bene
1308 2270 1525 2318 confectum

221 2327 383 2363 delectat
420 2328 608 2364 hominem
647 2329 887 2374 odorantem,
934 2328 987 2363 sic
1020 2328 1149 2364 oracio
1182 2328 1279 2364 iusta
1311 2327 1441 2364 suavis
1472 2334 1527 2363 est

219 2392 306 2421 ante
337 2386 477 2421 Deum.
519 2385 581 2421 Vis
611 2393 737 2421 autem
769 2386 868 2421 scire
901 2385 1127 2435 dignitatem
1160 2386 1251 2432 eius,
1284 2397 1378 2421 mox
1410 2393 1449 2421 ut
1482 2386 1527 2421 a'e

220 2454 287 2478 ore
331 2443 410 2479 eius
446 2443 696 2492 processerit,
741 2443 952 2492 suscipiunt
989 2456 1073 2479 eum
1112 2443 1244 2494 angeli
1280 2443 1315 2479 in
1355 2443 1527 2479 manibus

287 2598 313 2627 3.
332 2600 361 2627 A
380 2598 410 2626 in
432 2607 543 2635 marg:
576 2598 743 2627 Johannes.
850 2608 880 2633 4.
908 2599 946 2626 B:
980 2599 1223 2626 mendicandum.
1332 2600 1360 2626 6.
1386 2600 1431 2627 A:
1464 2607 1525 2627 una

230 2634 320 2661 aucte.
400 2633 428 2661 8.
448 2635 491 2661 A:
514 2636 685 2670 utrumque.
765 2642 806 2673 ιο..
826 2634 871 2661 A:
893 2641 1004 2662 vanam
1022 2634 1170 2673 gloriam.
1256 2632 1292 2660 13.
1314 2635 1358 2661 A:
1379 2634 1410 2661 in
1432 2634 1525 2661 deest.

220 2676 261 2701 14.
273 2669 319 2696 A:
333 2667 613 2696 consideraverunt.
686 2676 733 2702 24.
750 2669 822 2696 Am
839 2676 953 2704 marg:
971 2668 1186 2696 Crzsostomus.
1259 2667 1304 2696 28.
1318 2669 1346 2695 A
1362 2668 1392 2696 in
1409 2677 1524 2703 marg:

220 2702 268 2763 ge
286 2703 445 2731 oracione.
518 2710 564 2738 29.
579 2705 623 2730 A:
646 2706 676 2730 et
695 2703 788 2730 deest.
860 2702 900 2731 31.
915 2702 1030 2731 Codd.:
1053 2702 1251 2730 thumaniati.
1325 2702 1366 2738 37.
1383 2704 1427 2730 A:
1443 2703 1529 2739 apud

250 2745 326 2765 eum.
1488 2743 1489 2746 ,

291 2819 344 2848 24.
370 2809 438 2851 Op.
464 2809 560 2851 Imp„
586 2809 608 2841 l.
635 2819 662 2841 c.
688 2820 719 2851 p.
746 2808 823 2841 808.
921 2810 974 2851 34.
1001 2811 1110 2852 Apoc.
1136 2810 1222 2849 VIII,
1251 2811 1285 2850 33
1312 2810 1353 2849 V,
1379 2808 1410 2841 8.

1352 2877 1389 2909 Ι7

1735 195 1814 242 257

1632 430 1731 467 Every

1558 466 1717 501 hypocrite
1736 466 1762 492 is
1782 474 1797 492 a

1635 500 1720 527 thief.

1592 828 1705 864 Vanity
1725 828 1759 855 of

1563 863 1680 898 earthly
1700 864 1796 899 glory.

1568 1638 1789 1674 chrysostom:

1552 1672 1619 1700 The
1639 1673 1807 1700 excellence

1592 1708 1627 1735 of
1644 1716 1763 1743 prayer.
