2003 3322
863 262 981 294 opus
1006 262 1341 294 EVANGELICUM
1556 247 1660 304 [CAP.
1685 257 1761 286 X1x.

447 383 529 406 esse
554 370 592 405 in
626 382 747 417 regno
772 370 965 416 celorum,
1001 370 1095 418 quia
1129 378 1211 406 tota
1235 383 1306 405 sua
1329 369 1586 405 conversacio
1611 382 1632 405 a
1655 368 1761 416 prin-

447 428 551 476 cipio
576 440 701 475 usque
726 428 765 463 in
791 427 911 463 finem
938 427 1011 464 fuit
1034 428 1073 463 in
1097 428 1190 464 celis
1214 437 1250 463 et
1274 427 1353 463 iam
1381 427 1550 463 existens
1573 427 1612 462 in
1636 428 1761 474 gradu

445 486 586 522 ultimo
632 485 746 534 quasi
798 485 922 521 limen
977 486 1087 534 regni
1133 485 1367 534 ingreditur.
1425 486 1584 521 Videtur
1634 485 1762 531 michi,

446 543 575 592 inquit
608 543 868 591 Augustinus,
914 544 1157 592 septiformis
1195 544 1374 594 operacio
1416 543 1586 592 Spiritus
1620 543 1761 588 Sancti,

447 603 493 637 de
530 614 602 650 qua
642 602 765 637 Isaias
804 602 975 650 loquitur
1013 602 1086 638 lziis
1122 603 1315 652 gradibus
1359 601 1633 650 sentenciisque
1676 602 1798 637 con-5

445 671 604 710 gruere.
661 660 739 696 Sed
783 659 941 695 interest
986 660 1155 696 ordinis:
1199 673 1286 696 nam
1334 660 1385 695 ibi
1427 659 1670 695 enumeracio
1718 659 1764 694 ab

446 718 790 754 excellencioribus
817 718 926 767 cepit,
951 718 1011 753 lzic
1033 730 1124 754 vero
1148 719 1193 754 ab
1222 718 1483 767 inferioribus.
1522 718 1579 754 Ibi
1605 729 1766 765 namque

447 776 578 825 incipit
610 789 631 812 a
666 776 741 812 Dei
771 776 963 824 sapiencia
1002 783 1037 812 et
1076 777 1213 812 desinit
1257 777 1308 812 ad
1352 776 1530 812 timorem
1565 776 1651 822 Dei,
1699 776 1767 811 sed

448 834 599 869 inicium
633 834 823 883 sapiencie
854 834 975 869 timor
1007 833 1169 871 Domini
1199 842 1266 872 est.
1321 834 1574 883 Quapropter
1604 834 1639 870 si
1667 846 1765 883 gra-

449 892 567 927 datim
602 899 797 941 tamquam
831 893 1080 928 ascendentes
1120 904 1381 939 numeremus,
1422 892 1576 940 primus
1612 892 1766 942 gradus
1787 903 1825 924 10

448 950 499 985 ibi
540 957 596 986 est
630 950 752 987 timor
783 949 956 999 Domini,
1000 952 1190 987 secundus
1224 951 1363 1000 pietas,
1409 950 1552 986 tercius
1589 949 1764 995 sciencia,

448 1016 610 1056 quartus
638 1009 854 1057 fortitudo,
901 1009 1053 1057 quintus
1099 1010 1313 1056 consilium,
1358 1016 1493 1044 sextus
1538 1009 1764 1054 intellectus,

447 1067 631 1115 septimus
662 1067 867 1116 sapiencia.
909 1067 1042 1103 Timor
1073 1068 1233 1103 Domini
1263 1067 1444 1117 congruit
1467 1066 1687 1113 humilibus,
1721 1066 1767 1101 de

449 1125 581 1173 quibus
605 1125 666 1161 lzic
689 1125 852 1161 dicitur:
867 1125 981 1161 Beati
996 1138 1192 1175 pauperes
1214 1125 1366 1174 spiritu,
1391 1125 1567 1173 quoniam
1592 1125 1765 1174 ipsorum

449 1190 503 1219 est
527 1196 691 1233 regnum
720 1184 905 1229 celorum,
940 1184 979 1218 id
1011 1191 1078 1231 est,
1113 1197 1184 1220 non
1219 1183 1353 1234 inflati,
1388 1195 1460 1218 uon
1492 1183 1660 1232 superbi,
1693 1194 1765 1218 uon
1786 1183 1822 1216 15

449 1241 531 1288 alti,
577 1254 648 1277 uon
688 1242 795 1291 apud
832 1254 873 1277 se
905 1242 1052 1292 magni,
1097 1242 1231 1291 quibus
1264 1241 1472 1291 Apostolus
1518 1241 1628 1277 dicit:
1675 1240 1768 1276 Noli

449 1300 570 1335 altum
604 1312 754 1349 sapere,
788 1300 857 1336 sed
889 1300 991 1346 time,
1025 1300 1064 1335 id
1096 1308 1163 1346 est,
1199 1300 1277 1336 noli
1308 1300 1457 1336 extolli.

508 1358 637 1394 Pietas
676 1358 859 1408 congruit
904 1358 1079 1403 mitibus;
1123 1359 1187 1407 qui
1217 1358 1315 1394 enim
1350 1358 1414 1407 pie
1457 1358 1581 1406 querit
1613 1370 1767 1393 sacram

449 1417 700 1466 scripturam,
716 1417 883 1452 honorat
906 1428 988 1451 eam
1013 1429 1129 1466 opere
1150 1424 1186 1453 et
1208 1424 1331 1453 mente
1353 1423 1388 1452 et
1410 1428 1483 1451 non
1507 1415 1768 1464 reprehendit,

450 1475 552 1523 quod
584 1476 752 1511 nondum
787 1475 970 1524 intelligit
1003 1483 1038 1510 et
1055 1483 1269 1525 propterea
1294 1487 1365 1510 non
1390 1474 1547 1521 resistit,
1581 1474 1683 1522 quod
1715 1480 1769 1509 est
1785 1485 1827 1506 20

450 1534 577 1569 mitem
613 1546 704 1569 esse.
764 1533 871 1568 Unde
903 1533 962 1568 hic
996 1533 1156 1569 dicitur:
1188 1533 1302 1569 Beati
1333 1533 1454 1579 mites,
1487 1532 1664 1581 quoniam
1698 1531 1772 1580 ipsi

447 1592 700 1640 possidebunt
732 1591 949 1627 hereditate
981 1598 1142 1634 terram.

510 1650 680 1686 Sciencia
726 1649 908 1700 congruit
942 1643 1160 1699 lugentibus
1204 1650 1269 1698 qui
1313 1650 1387 1685 iam
1429 1655 1695 1699 cognoverunt
1734 1647 1769 1682 in

452 1708 659 1757 scripturis
698 1708 832 1756 quibus
880 1707 994 1743 malis
1038 1708 1155 1744 vincti
1197 1715 1412 1755 teneantur,
1459 1718 1529 1755 que
1573 1713 1767 1754 tamquam

452 1767 547 1801 bona
594 1774 629 1802 et
673 1766 780 1801 utilia
825 1766 1053 1816 ignorantes
1102 1766 1383 1815 appetiverunt,
1439 1766 1485 1800 de
1534 1765 1667 1813 quibus
1710 1764 1770 1799 hic
1789 1765 1827 1797 25

453 1824 616 1859 dicitur:
647 1825 761 1860 Beati
791 1824 856 1872 qui
886 1825 1031 1874 lugent.

510 1883 717 1918 Fortitudo
750 1883 932 1932 congruit
965 1882 1219 1919 esurientibus
1251 1889 1285 1918 et
1317 1881 1534 1917 sicientibus
1566 1880 1767 1916 iusticiam.

453 1941 652 1976 Laborant
702 1941 798 1976 enim
852 1941 1041 1990 gaudium
1094 1941 1361 1976 desiderantes
1411 1940 1457 1975 de
1513 1939 1615 1974 veris
1664 1938 1771 1974 bonis

453 2006 487 2034 et
518 2011 690 2034 amorem
726 2012 746 2034 a
781 2000 947 2035 terrenis
979 2006 1013 2034 et
1052 1999 1322 2048 corporalibus
1353 2005 1532 2033 avertere
1564 1997 1769 2045 cupientes,

453 2059 499 2092 de
545 2057 678 2105 quibus
726 2057 786 2092 lzic
839 2057 1001 2092 dicitur:
1053 2057 1167 2093 Beati
1216 2058 1281 2106 qui
1323 2056 1496 2092 esuriunt
1548 2063 1583 2091 et
1632 2055 1769 2091 siciunt

452 2116 654 2154 iusticiam.
1785 2104 1828 2136 3⁰

516 2174 726 2210 Consilium
772 2174 954 2223 congruit
999 2173 1335 2217 misericordibus,·
1389 2173 1460 2208 hoc
1510 2173 1607 2208 enim
1654 2185 1767 2207 unum

454 2233 664 2268 remedium
705 2240 758 2268 est
799 2233 845 2267 de
888 2233 1003 2268 tantis
1047 2232 1160 2267 malis
1203 2231 1392 2268 evadendi
1436 2238 1474 2265 ut
1519 2231 1769 2275 dinzittamuS,

453 2291 549 2326 sicut
582 2291 687 2326 nobis
721 2290 863 2326 dimitti
894 2291 1072 2326 volumus
1103 2298 1137 2326 et
1163 2290 1390 2325 adiuvemus
1412 2289 1448 2324 in
1472 2301 1544 2336 quo
1563 2300 1771 2338 possumus

454 2349 563 2395 alios,
597 2349 694 2384 sicut
727 2356 762 2384 et
795 2361 861 2384 nos
894 2348 929 2383 in
953 2361 1025 2397 quo
1050 2361 1121 2384 non
1141 2360 1350 2397 possumus
1373 2347 1548 2395 cupimus
1570 2346 1770 2388 adiuvari,

1789 2394 1825 2407 ἢ,

455 2408 501 2442 de
533 2407 666 2454 quibus
700 2407 862 2442 dicitur:
896 2407 1010 2442 Beati
1040 2406 1324 2442 misericordes.
1789 2405 1827 2427 ³³

524 2644 550 2669 77
566 2636 592 2662 δ’.
604 2637 646 2663 A:
663 2636 712 2662 hic
726 2644 798 2662 vero
813 2651 841 2654 -—
854 2643 983 2670 namque
998 2634 1104 2669 incipit
1118 2635 1212 2660 deest.
1271 2642 1277 2660 ι
1291 2641 1310 2666 1,
1327 2632 1363 2660 15.
1379 2633 1405 2659 A
1419 2642 1424 2658 :
1440 2632 1625 2667 quoniam—
1636 2632 1770 2658 celorum

455 2670 549 2696 dec-st.
626 2670 665 2697 Is).
689 2672 732 2697 A:
755 2670 919 2705 Apostolus
940 2670 1033 2696 deest.
1109 2677 1149 2703 ις).
1173 2670 1214 2695 A:
1237 2669 1404 2702 scriptura.

527 2792 555 2823 3.
583 2791 632 2820 De
659 2800 821 2821 sermone
848 2789 988 2820 Domini
1017 2790 1049 2819 in
1078 2794 1206 2827 monte,
1237 2787 1256 2817 l.
1283 2797 1310 2817 c.
1337 2797 1369 2827 p.
1404 2785 1480 2828 169:
1516 2785 1559 2816 ib.
1588 2785 1628 2816 Is.
1654 2785 1712 2823 Χῖ,
1741 2794 1770 2814 2.

455 2836 486 2867 8.
514 2837 619 2867 Eccli.
648 2837 669 2875 1,
715 2836 763 2866 113.
914 2835 962 2867 16.
996 2836 1098 2866 Rom.
1131 2835 1185 2872 XI,
1220 2844 1273 2864 20.
1425 2843 1477 2863 21.
1512 2831 1630 2862 Matth.
1656 2832 1696 2870 V,
1735 2841 1768 2870 4.

458 2882 510 2913 26.
538 2882 656 2913 Matth.
684 2883 723 2922 V,
751 2882 782 2913 6.
