2003 3322
124 854 161 874 IO

119 1433 162 1455 20

120 1712 159 1744 25

122 2291 161 2325 35

178 212 266 240 CAP.
288 202 400 256 XLV]
698 212 838 244 PRIMA
865 212 991 243 PARS.
1702 204 1776 241 163

177 321 217 357 in
249 333 366 357 sensu
400 319 612 366 catholico,
648 332 737 355 cum
762 320 882 355 verba
905 317 1052 355 Christi
1080 317 1159 354 sint
1189 317 1252 354 hic
1276 317 1383 354 dicta
1406 326 1488 354 tarn

176 378 415 427 generaliter
447 379 518 414 sub
551 378 728 426 quodam
753 376 950 413 velamine
983 377 1091 425 quod
1123 384 1290 424 possunt
1323 375 1489 424 intelligi

178 436 453 484 multipliciter
485 435 579 472 satis
612 447 719 471 sane.

235 494 458 530 Difficultas
504 502 562 529 est
608 501 744 529 tamen
789 505 909 540 quern
958 505 1118 529 sensum
1159 500 1299 528 auctor
1346 499 1572 538 natureThe
1588 500 1669 527 main
1691 508 1781 527 sense

176 551 439 600 principalius
472 560 540 587 aut
567 550 677 598 prius
710 550 945 595 intenderit3
980 559 1017 586 et
1049 549 1206 586 videtur
1228 550 1335 598 quod
1368 549 1487 585 istum
1505 542 1529 561 ¹⁵
1550 535 1781 604 tlgzzixgtgnust

177 622 335 646 sensum
362 622 618 646 communem
643 608 675 645 si
695 608 847 657 aliquid
863 609 972 656 quod
996 620 1086 644 care
1111 607 1240 655 diligis
1263 607 1312 643 sit
1330 607 1490 643 occasio
1513 605 1783 667 ffvuffgfflsssszefgssgt

177 667 325 704 directe
350 669 441 704 data
460 675 503 703 ut
523 666 675 703 incidas
698 666 737 702 in
764 675 987 714 peccatum,
1018 678 1202 701 ammove
1227 664 1488 701 dileccionem
1560 674 1625 713 ifjt
1645 674 1671 701 is
1692 682 1745 714 an,

177 725 294 771 illius,
329 725 420 762 licet
453 725 519 761 illa
555 724 604 760 sit
637 726 741 760 bona
775 725 822 760 de
856 736 1011 771 genere.
1505 717 1649 736 ⁰⁰⁶³³¹⁰¹¹
1670 709 1705 736 of
1722 717 1780 736 sm.

234 785 311 820 Sed
346 782 593 819 difficultatis
616 782 820 830 perplexio
842 782 999 818 videtur
1032 794 1075 818 ex
1107 781 1192 817 istis
1224 780 1352 817 verbis
1377 779 1489 830 oriri,

177 853 267 877 cum
306 853 426 877 nemo
471 849 601 888 potest
649 839 864 888 quicquam
908 839 1072 887 diligere
1113 840 1173 876 vel
1212 839 1343 875 facere
1389 851 1490 886 opus

178 898 339 947 aliquod
385 898 481 947 quin
525 898 738 934 occasione
786 899 889 934 male
929 907 1094 945 accepta
1127 897 1182 933 sic
1223 896 1390 944 diligens
1423 905 1491 932 aut

176 969 347 1004 operans
380 957 441 993 vel
479 956 546 992 alii
586 955 767 992 incidant
805 956 845 992 in
884 964 1115 1003 peccatum,
1162 964 1200 991 et
1239 954 1294 991 sic
1335 954 1492 991 videtur

177 1016 283 1062 quod
328 1027 447 1051 nemo
501 1023 737 1062 operaretur
789 1014 954 1061 aliquod
1006 1015 1157 1050 bonum
1211 1014 1279 1048 sed
1327 1022 1493 1061 propter

176 1072 363 1109 timorem
417 1072 641 1109 occasionis
696 1073 799 1108 male
852 1080 1014 1119 accepte
1059 1083 1218 1119 semper
1271 1070 1493 1107 dimitteret

177 1132 327 1166 bonurn
361 1130 528 1178 aliquod
560 1129 738 1178 operari3
772 1130 828 1166 sic
862 1129 967 1166 enim
994 1138 1159 1177 propter
1183 1141 1284 1177 opus
1310 1125 1313 1182 l
1339 1130 1489 1165 bonum

177 1188 341 1224 Domini
373 1189 472 1224 bene
504 1188 653 1224 factum
696 1187 810 1223 multi
850 1187 1106 1235 superiorum
1138 1188 1358 1223 Judeorum
1400 1196 1491 1223 sunt

176 1246 437 1283 scandalizati
472 1255 510 1282 et
542 1254 679 1282 tamen
713 1245 896 1282 Christus
928 1258 1010 1281 non
1033 1254 1248 1293 propterea
1281 1257 1352 1281 sua
1386 1246 1491 1281 bona

176 1317 299 1352 opera
332 1304 587 1352 pretermisit.

235 1363 327 1399 Ideo
366 1364 516 1410 absque
556 1361 677 1398 dubio
717 1369 845 1398 textus
886 1360 1003 1397 huius
1049 1360 1242 1408 evangelii
1282 1369 1387 1397 recte
1432 1360 1490 1396 in·
1539 1369 1602 1397 Not
1621 1370 1687 1397 that
1706 1378 1751 1410 xye

177 1421 357 1456 tellectus
390 1433 471 1456 non
504 1428 619 1456 sonat
653 1420 760 1468 quod
793 1419 1008 1468 quisquam
1048 1429 1234 1466 peccaret
1272 1418 1490 1456 omissione
1532 1409 1617 1467 ἓξὲξ
1633 1405 1756 1467 51ῆέὲὲ

177 1479 237 1514 vel
260 1478 545 1514 commissione
569 1487 734 1526 propter
758 1477 906 1513 Christi
928 1476 1173 1513 sentenciam
1197 1477 1261 1513 hic
1284 1476 1488 1523 insertam,
1555 1475 1737 1536 ggggmngflg'n

176 1538 245 1572 sed
278 1536 448 1573 intendit
465 1537 574 1584 quod
604 1535 635 1572 si
664 1535 752 1583 quis
781 1535 919 1572 fecerit
938 1536 1206 1584 quodcunque
1234 1548 1335 1583 opus
1364 1548 1490 1583 quan·
1544 1545 1688 1583 occasion
1709 1545 1744 1572 of

177 1603 422 1642 tumcunque
455 1602 639 1642 patenter
673 1595 823 1629 bonurn
858 1594 906 1630 de
939 1605 1097 1641 genere,
1144 1595 1238 1629 dum
1271 1602 1408 1630 tamen
1440 1593 1490 1629 sit
1608 1587 1671 1613 ³¹⁰³

178 1652 328 1688 directe
367 1652 526 1689 occasio
566 1664 689 1700 quare
728 1661 881 1699 peccat,
927 1653 1043 1688 debet
1088 1663 1266 1687 amorem
1309 1651 1414 1687 illius
1453 1659 1490 1687 et

176 1722 276 1758 opus
324 1710 363 1746 in
406 1722 446 1746 se
492 1710 706 1746 dimittere.
760 1712 808 1746 Et
853 1718 962 1757 patet
1009 1721 1053 1745 ex
1096 1708 1171 1746 isto
1219 1711 1329 1757 quod
1373 1722 1492 1745 nemo

177 1776 361 1816 peccaret
393 1769 453 1804 vel
484 1767 692 1805 venialiter
723 1781 796 1815 pro
829 1767 964 1815 aliquo
998 1768 1104 1803 bono
1139 1767 1291 1805 mundi.

234 1827 349 1862 Unde
382 1825 484 1862 absit
516 1838 587 1862 nos
621 1827 783 1862 credere
817 1827 925 1874 quod
956 1835 1120 1873 propter
1154 1825 1343 1861 timorem
1377 1838 1491 1861 scan-
1521 1840 1545 1859 e.
1568 1840 1594 1867 g.
1616 1841 1661 1859 we
1684 1838 1766 1860 must

178 1884 257 1920 dali
289 1884 440 1920 factum
473 1897 554 1920 non
588 1892 644 1920 est
682 1883 827 1920 veritas
867 1883 1064 1919 catholica
1103 1883 1359 1931 divulganda,
1400 1895 1489 1919 cum
1506 1872 1780 1937 pi'essithoetiiseetiiith

177 1942 342 1978 Matthei
366 1944 446 1987 XV,
474 1952 535 1986 12,
560 1942 706 1989 legitur
730 1943 837 1990 quod
862 1941 1048 1989 discipuli
1074 1942 1254 1978 dixerant
1272 1941 1489 1977 Salvatori:
1555 1937 1740 2000 fsssssafffiglos

180 2000 262 2035 Scis
293 2000 379 2048 quia
402 2000 578 2049 pharisei
608 2000 739 2036 audito
772 2001 842 2036 hoc
875 2000 990 2035 verbo
1022 2000 1279 2050 scandalizati
1308 2006 1406 2035 sunt.
1442 2000 1491 2034 At
1706 1994 1711 2000 ’

178 2058 262 2093 ille:
286 2058 625 2107 Omnisplantacio
645 2070 757 2106 quam
782 2070 854 2093 non
865 2058 1060 2107 plantavit
1077 2065 1194 2107 pater·
1215 2069 1322 2093 meus
1344 2057 1492 2093 celestis

178 2115 450 2151 eradicabitur.
509 2116 627 2151 Sinite
674 2116 774 2161 illos,
820 2116 896 2152 ceci
933 2122 1020 2151 sunt
1061 2123 1095 2151 et
1143 2116 1258 2151 duces
1302 2127 1490 2161 cecorum,

179 2186 224 2209 ac
272 2173 303 2209 si
354 2173 578 2209 intenderet
625 2186 707 2209 non
753 2182 918 2221 propter
964 2172 1158 2221 prescitos
1202 2172 1405 2221 ypocritas
1452 2173 1492 2209 in

178 2231 345 2267 ecclesia
378 2240 435 2267 est
457 2231 600 2267 veritas
633 2231 869 2279 simpliciter
902 2230 1108 2267 reticenda
1131 2240 1492 2279 quantumcunque
1506 2236 1560 2264 Yet
1579 2245 1625 2264 we
1647 2243 1728 2266 must
1748 2239 1783 2267 be

180 2302 369 2337 magnum
403 2301 549 2325 nomen
583 2289 794 2325 habuerint
827 2290 961 2337 quoad
1001 2290 1211 2333 mundum,
1257 2289 1351 2337 quia
1396 2273 1784 2336 tuncoffffsffiffliffgstssffl

180 2355 537 2395 quantumcunque
561 2348 681 2383 duces
706 2347 786 2383 ceci
801 2347 1055 2395 peccaverint
1077 2359 1157 2382 non
1180 2347 1310 2383 forent
1326 2356 1492 2395 propter
1583 2343 1706 2370 rebuke.

180 2417 358 2441 amorem
385 2405 532 2441 Christi
556 2414 593 2441 et
617 2417 685 2441 sue
710 2404 874 2441 ecclesie
899 2405 1105 2452 arguendi.
1140 2406 1217 2441 Sed
1242 2418 1331 2441 cum
1355 2405 1491 2441 omnia

179 2471 336 2511 tempus
374 2464 534 2508 habent,
584 2464 761 2499 concedo
800 2464 909 2511 quod
947 2471 1080 2511 posset
1126 2462 1357 2510 contingere
1400 2463 1492 2499 licet

180 2533 272 2557 raro
305 2522 412 2569 quod
445 2522 568 2557 homo
602 2520 778 2557 dimittat
812 2520 941 2557 maius
975 2522 1123 2557 bonum
1148 2530 1185 2557 et
1208 2520 1389 2557 intendat
1412 2534 1493 2557 non

250 2744 279 2768 4.
301 2737 327 2762 Α
342 2735 370 2763 in
389 2743 502 2771 marg:
525 2733 712 2772 Difficullas.
787 2744 814 2770 9.
831 2736 859 2763 A
874 2735 905 2763 in
922 2743 1035 2770 marg:
1053 2733 1232 2772 Difficultas
1246 2736 1331 2766 alia:
1344 2736 1384 2763 ib.
1402 2735 1439 2762 B:
1457 2743 1494 2763 ex

182 2769 250 2797 lziis.
325 2778 363 2803 17.
385 2772 428 2797 A:
449 2770 662 2805 scande-lizath
738 2778 779 2806 ¹9-
804 2773 833 2798 A
852 2771 882 2797 in
905 2778 1019 2805 marg:
1041 2770 1219 2805 Responsio.
1293 2770 1334 2798 25.
1352 2772 1394 2798 A:
1417 2779 1494 2805 opus

182 2806 274 2840 iuge‚·
294 2804 331 2831 B:
353 2804 509 2832 dimittere
528 2805 655 2840 corrigit
674 2804 722 2832 in:
743 2805 896 2832 amittere.
1004 2813 1049 2840 27.
1070 2807 1098 2832 A
1119 2805 1148 2832 in
1170 2813 1283 2840 marg:
1318 2805 1492 2833 Conclusio.

183 2847 230 2874 29.
251 2839 355 2866 Codd:
379 2839 490 2867 Maltlz.
512 2840 563 2867 III.
671 2838 717 2876 39.
739 2842 783 2867 A:
806 2841 907 2875 magis
927 2840 1047 2867 bonum.

1294 2890 1355 2920 11÷÷
