2003 3322
190 218 279 247 CAP.
300 208 454 263 xxxvl]
763 218 903 250 PRIMA
930 219 1055 251 PARS.

250 328 349 363 Sane
380 327 415 362 in
449 326 520 362 hiis
552 326 675 362 tribus
705 326 903 362 sentenciis
934 325 1155 362 subaudicio
1190 325 1396 361 verborum
1441 331 1496 360 est

190 385 382 421 intuenda.
416 384 543 420 Habet
574 384 671 420 enim
707 383 839 433 prima
884 383 1074 420 sentencia
1114 383 1239 419 omnia
1280 382 1396 418 verba
1434 393 1496 418 ne-

191 442 372 489 cessaria,
406 449 445 477 ut
477 441 570 478 nihil
591 441 857 480 subaudiatur.
901 441 978 485 Qui
998 441 1193 486 irascitur,
1217 439 1349 489 inquit,
1363 438 1498 488 fratri

189 512 258 537 suo
288 500 368 536 sine
399 512 515 536 causa
548 511 636 535 reus
668 499 740 535 erit
779 498 929 535 iudicio.
975 499 1017 534 In
1055 498 1221 535 secunda
1262 509 1366 543 vero,
1412 509 1496 533 cum

157 558 262 594 Sait:
298 557 374 601 Qui
391 564 517 593 autem
545 556 690 593 dixerit
712 556 847 605 fratri
875 568 943 592 suo
974 556 1107 592 Racha
1141 552 1388 607 (subauditur
1418 554 1498 590 sine

189 612 338 667 causa),
369 622 404 651 et
435 615 486 651 ita
519 614 714 665 iungitur:
747 627 835 651 reus
867 614 939 651 erit
971 613 1144 651 concilio,
1180 614 1261 649 Iam
1295 612 1330 648 in
1363 612 1496 658 tercia,

190 673 254 709 ubi
293 673 366 709 ait:
415 673 491 716 Qui
531 679 656 708 autem
701 672 866 708 dixerit:
913 672 1046 718 Fatue,
1087 672 1162 707 duo
1201 670 1496 716 subaudiuntur,

187 731 330 767 scilicet
362 737 396 766 et
418 730 552 779 fratri
580 742 648 766 suo
680 737 716 766 et
745 730 826 766 sine
859 742 986 766 causa.
1026 728 1114 765 Hoc
1147 736 1202 765 est
1233 728 1333 764 unde
1365 727 1496 776 defen-

190 789 295 824 ditur
326 788 427 837 quod
457 787 664 837 Apostolus
700 788 863 824 Galatas
896 795 1006 824 vocat
1044 787 1195 834 stultos,
1240 798 1333 835 quos
1377 785 1495 822 eciam

137 846 336 895 10fratres
367 846 557 890 nominat5
594 857 666 881 non
706 846 803 882 enim
837 845 934 881 illud
966 845 1067 895 fecit
1109 845 1189 881 sine
1225 856 1353 881 causa.
1406 843 1496 879 Ideo

188 911 314 940 autem
347 904 406 940 hic
426 904 566 952 frater
595 903 880 939 subaudiendus
912 910 979 951 est,
1013 903 1098 952 quia
1123 903 1169 939 de
1191 901 1342 938 inimico
1359 907 1495 950 postea

190 961 343 1005 dicitur,
375 962 563 1010 quomodo
586 961 703 997 eciam
728 961 808 1010 ipse
828 961 1056 997 tractandus
1087 960 1134 997 sit
1165 959 1312 996 maiore
1333 958 1495 995 iusticia.

190 1020 272 1055 Hec
303 1018 559 1067 Augustinus

245 1075 412 1113 Videtur
446 1076 564 1113 istum
598 1084 780 1113 sanctum
821 1077 1027 1113 doctorem
1067 1076 1187 1124 plane
1232 1075 1363 1111 dicere
1407 1085 1494 1109 sen-

136 1141 173 1174 15
190 1147 277 1171 sum
345 1146 602 1171 communem
663 1134 953 1182 exponencium
1023 1134 1309 1170 modernorum
1386 1131 1494 1180 quod

191 1191 373 1229 Christus
405 1205 487 1229 non
520 1192 649 1228 solum
679 1191 863 1240 exprimit
892 1191 1229 1240 dampnacionem
1252 1202 1325 1238 pro
1348 1188 1495 1226 iniusto

190 1262 311 1299 opere
333 1250 401 1286 sed
420 1250 546 1286 eciam
569 1262 642 1298 pro
664 1249 811 1286 iniusto
834 1261 1029 1287 sermone.
1050 1250 1164 1286 Unde
1184 1248 1340 1285 videtur
1362 1248 1496 1294 Augu-

191 1307 338 1344 stinum
363 1316 400 1344 et
423 1307 716 1345 Crisostomum
749 1307 970 1357 intelligere
994 1308 1103 1356 quod
1127 1307 1203 1343 hoc
1226 1306 1275 1342 sit
1298 1306 1346 1342 de
1369 1313 1495 1341 textu:

192 1365 269 1411 Qui
301 1365 485 1402 irascitur
517 1365 630 1402 fratri
661 1378 733 1402 suo
765 1365 850 1403 sine
883 1378 1016 1403 causa.
1051 1364 1255 1412 Contingit
1288 1363 1394 1400 enim
1427 1363 1498 1399 ho-

134 1439 176 1462 20
192 1423 340 1462 minem
373 1423 493 1460 irasci
526 1423 646 1469 licite,
680 1432 722 1460 ut
744 1432 854 1472 patet
877 1425 925 1460 de
948 1425 1084 1471 Moyse
1108 1431 1145 1459 et
1168 1421 1317 1459 sanctis
1341 1419 1496 1466 ceteris,

191 1494 281 1518 cum
315 1480 355 1517 in
387 1481 466 1518 fide
497 1481 665 1529 legimus
698 1482 807 1530 quod
840 1483 945 1518 Deus
978 1480 1164 1518 irascitur
1206 1488 1327 1528 atque
1374 1479 1498 1523 furet;

190 1540 259 1576 sed
291 1539 366 1575 hoc
398 1538 657 1587 intelligimus
691 1540 798 1587 quod
830 1551 949 1576 nemo
982 1538 1100 1576 irasci
1134 1539 1251 1575 debet
1273 1536 1349 1574 nisi
1372 1536 1496 1573 iratus

189 1596 308 1633 fuerit
347 1609 419 1645 pro
457 1605 635 1645 peccato.
691 1599 793 1633 Nam
834 1595 1037 1634 iniusticia
1080 1599 1164 1633 Deo
1196 1596 1301 1633 facta
1333 1606 1409 1643 que
1443 1601 1501 1630 est

190 1654 231 1691 in
262 1667 504 1703 quocunque
535 1663 703 1703 peccato
736 1663 851 1691 sonat
884 1654 924 1691 in
948 1654 1020 1691 Dei
1053 1653 1364 1703 blasphemiam,
1399 1664 1444 1689 ac
1467 1650 1499 1688 si

134 1718 173 1751 25
192 1721 379 1761 peccator
408 1711 632 1750 intenderet
664 1713 772 1761 quod
804 1725 885 1749 non
923 1713 1009 1749 vult
1041 1711 1213 1761 amplius
1236 1714 1364 1748 Deum
1400 1721 1497 1755 esse,

191 1770 285 1819 quia
316 1769 479 1807 indubie
512 1772 616 1807 Deus
647 1783 729 1807 non
760 1770 861 1807 foret
894 1770 1068 1819 amplius
1091 1769 1169 1806 nisi
1192 1770 1241 1806 de
1263 1769 1331 1805 illa
1354 1766 1501 1804 iniuria

191 1827 310 1865 fuerit
340 1827 579 1865 vindicatus.
613 1830 662 1865 Et
683 1836 793 1876 patet
826 1830 1032 1877 quomodo
1057 1829 1175 1865 debet
1207 1826 1305 1863 illud
1329 1824 1497 1873 intelligi

193 1888 218 1924 Ι.
253 1886 340 1923 Joh.
374 1887 437 1933 111,
477 1886 544 1922 15:
585 1886 717 1923 Omnis
749 1886 813 1935 qui
843 1886 924 1922 odit
946 1886 1126 1935 fratrem
1164 1897 1275 1922 suum
1308 1883 1499 1921 homicida

192 1951 257 1980 est.
295 1945 396 1981 Cum
430 1943 536 1980 enim
569 1945 644 1980 hoc
677 1943 815 1980 odium
849 1943 898 1980 sit
931 1942 999 1980 illa
1032 1943 1090 1981 ira
1124 1944 1172 1980 de
1205 1955 1285 1991 qua
1317 1941 1499 1979 Christus

135 2008 177 2041 30
192 2000 257 2038 hic
288 2001 479 2049 loquitur,
514 2001 607 2050 quia
639 2011 697 2039 est
729 2001 867 2038 odium
900 2001 984 2039 sine
1017 2013 1138 2039 causa
1172 2009 1209 2038 et
1230 2013 1312 2037 non
1345 2000 1395 2036 ad
1428 1997 1501 2035 ini-

193 2059 387 2108 quitatem
420 2059 699 2108 principaliter
729 2059 982 2105 terminatur‚
1015 2067 1127 2108 patet
1159 2060 1269 2107 quod
1302 2057 1501 2106 equivalet

193 2116 413 2154 homicidio
447 2118 580 2165 quoad
613 2117 793 2154 animum
828 2116 1019 2164 odientis;
1069 2125 1107 2153 et
1139 2116 1229 2153 ideo
1262 2115 1326 2152 hic
1360 2115 1499 2152 eadem

194 2183 251 2211 est
283 2186 386 2223 pena
416 2174 589 2211 limitata
620 2174 689 2211 tali
730 2174 898 2212 occisori
943 2183 980 2211 et
1024 2173 1362 2211 irracionabiliter
1405 2172 1502 2209 iras-

194 2232 311 2269 centi.
345 2232 513 2269 Planum
549 2241 606 2269 est
638 2241 770 2269 autem
805 2234 1011 2281 quomodo
1045 2231 1178 2269 subire
1211 2230 1405 2268 iudicium
1453 2229 1502 2266 sit

136 2289 315 2328 35levius
348 2302 470 2338 quarn
502 2289 635 2326 subire
674 2290 901 2336 consilium,
948 2291 1154 2339 quomodo
1199 2288 1404 2326 iudicatus
1451 2286 1502 2323 sit

194 2347 493 2385 racionabiliter
530 2347 755 2396 puniendus
795 2356 832 2385 et
870 2348 994 2385 levius
1027 2356 1085 2384 est
1125 2347 1166 2384 in
1198 2346 1366 2384 consilio
1399 2344 1502 2382 diffi-

194 2405 280 2442 nire
312 2406 517 2453 quomodo
562 2417 651 2443 reus
685 2418 707 2442 a
738 2405 870 2443 iudice
905 2405 1095 2454 punietur
1140 2418 1261 2454 quam
1309 2404 1417 2453 quod
1462 2402 1503 2439 in

194 2462 349 2499 inferno
395 2462 469 2500 erit
501 2472 695 2511 perpetuo
729 2464 1070 2512 condempnatus;
1116 2472 1153 2500 et
1192 2462 1248 2499 sic
1296 2460 1503 2499 sentencia

194 2520 405 2568 Augustini
438 2521 485 2557 de
517 2520 801 2558 interieccione
834 2521 1052 2558 deridentis
1102 2533 1179 2569 que
1223 2519 1355 2568 signat
1400 2519 1501 2556 iram

264 2708 286 2729 1.
305 2701 349 2728 A:
371 2701 468 2728 trihus
488 2701 565 2728 istis.
661 2701 740 2728 2—6.
762 2701 791 2728 A
809 2700 840 2728 in
861 2708 976 2736 marg:
998 2707 1020 2727 t.
1042 2707 1071 2727 2.
1091 2708 1124 2734 3.
1224 2707 1266 2733 14.
1287 2700 1316 2726 A
1335 2699 1366 2726 in
1387 2707 1502 2733 marg:

193 2733 367 2769 Johannes;
382 2736 423 2762 ib.
438 2737 481 2763 A:
494 2735 590 2771 plano
603 2735 707 2763 dicere
720 2735 814 2762 deest.
888 2734 931 2762 23.
946 2735 990 2762 A:
1007 2733 1200 2770 dictofacla.
1273 2732 1321 2767 34.
1336 2734 1380 2761 A:
1397 2733 1503 2761 Plane.

264 2828 296 2861 9.
324 2818 398 2850 Gal.
426 2818 478 2858 ΙΙΙ,
513 2828 539 2849 1.

1708 220 1782 258 129

1599 1082 1705 1112 Christ

1559 1117 1730 1146 condemns

1569 1153 1722 1189 wrongful

1522 1187 1775 1257 ⁵Esee3v¹¹m²¹n⁵gfvssi¹¹

1620 1262 1676 1284 act.

1528 1545 1697 1579 Righteous
1717 1545 1776 1573 and

1547 1581 1750 1616 unrighteous

1601 1623 1703 1651 anger.
