2003 3322
179 238 260 273 402
884 232 1002 264 opus
1026 231 1362 264 EVANGELICUM
1538 219 1647 273 [CAP.
1668 227 1777 256 xmu.

465 345 593 386 potest
615 337 779 386 deficere
801 336 1022 372 volucribus
1051 348 1168 384 neque
1198 336 1288 371 liliis
1310 335 1346 370 in
1364 342 1480 384 pastu
1512 335 1573 371 vel
1603 335 1782 380 vestibus,

470 396 590 430 multo
646 395 776 445 magis
829 406 902 429 non
942 401 1069 442 potest
1121 395 1251 429 deesse
1302 393 1528 435 hominibus,
1585 392 1681 440 quia
1740 401 1783 427 ut

471 451 714 500 principium
748 451 839 487 fidei
879 463 949 499 per
981 463 1021 487 se
1054 459 1193 487 notum
1234 459 1289 486 est
1323 452 1431 498 quod
1463 458 1622 498 oportet
1654 452 1782 485 Deum

472 511 619 546 habere
664 510 856 546 maiorem
905 521 1042 545 curam
1089 510 1136 545 de
1181 508 1256 544 hiis
1296 507 1534 556 generaliter
1574 520 1650 556 que
1694 516 1785 543 sunt

472 567 708 604 naturaliter
742 567 920 603 meliora.
955 569 1004 602 Et
1036 566 1091 602 sic
1125 566 1255 613 arguit
1288 565 1470 602 Christus
1503 565 1543 601 in
1576 565 1819 613 proposit05

474 627 582 674 quod
615 625 646 661 si
681 626 801 661 homo
836 626 1070 661 commodat
1102 624 1269 672 pociora
1306 637 1378 660 suo
1419 623 1516 669 filio,
1550 636 1620 671 per
1652 624 1784 659 locum

474 696 495 719 a
530 683 673 720 maiori
708 683 783 719 hoc
818 691 874 718 est
908 695 1130 719 consonum
1166 684 1250 718 Deo
1283 690 1435 719 nostro,

961 829 1099 870 CAP.
1130 829 1308 870 XLIII.

211 937 432 973 Chrysostom:
534 926 806 962 Crisostomus
858 933 991 961 autem
1044 937 1163 972 super
1210 924 1286 960 isto
1332 933 1439 960 textu
1484 924 1539 960 sic
1591 923 1786 972 loquitur:

187 971 450 1039 C{ffi{t¹}ffip¹gsfigs
483 985 702 1020 Transitum
736 990 1023 1032 consequentem
1049 984 1095 1019 de
1124 983 1292 1031 capitulo
1316 984 1367 1018 ad
1388 983 1596 1031 capitulum
1620 982 1790 1018 invenire
1812 996 1848 1017 10

186 1040 449 1104 tffgtlsssseifzashurfblt
478 1042 637 1092 difficile
668 1049 734 1087 est,
775 1042 860 1077 ideo
894 1041 1048 1077 diversa
1077 1041 1333 1089 proponimus
1369 1041 1578 1076 secundum
1615 1040 1791 1076 diversas

186 1112 259 1138 fulfi]
278 1111 303 1149 ‘it
322 1110 450 1136 without
477 1100 739 1136 estimaciones
777 1100 1044 1148 interpretum.
1086 1099 1217 1135 Sciens
1250 1099 1440 1134 Dominus
1472 1098 1664 1146 quoniam,
1702 1110 1789 1146 que-

246 1146 301 1172 H¹³
322 1145 402 1179 he1p.
477 1170 622 1207 cunque
655 1158 912 1193 mandaverat
942 1169 1076 1206 supra,
1122 1156 1335 1192 hominibus
1379 1156 1628 1205 impossibilia
1668 1163 1792 1199 erant,

478 1224 512 1252 et
544 1223 723 1265 quantum
757 1216 809 1250 ad
840 1223 1018 1250 naturam
1052 1215 1275 1259 humanam,
1309 1226 1429 1263 supra
1463 1222 1667 1258 naturam;
1703 1226 1790 1249 nam

478 1274 543 1323 qui
569 1286 609 1309 se
638 1286 710 1309 non
740 1273 902 1309 abstinet
924 1286 945 1308 a
969 1273 1134 1318 cedibus,
1158 1273 1347 1321 quomodo
1379 1284 1419 1308 se
1444 1279 1572 1320 potest
1603 1271 1794 1307 abstinere
1814 1274 1849 1305 15

479 1333 525 1367 ab
558 1332 647 1366 ira?
685 1331 761 1375 Qui
790 1343 830 1367 se
862 1343 934 1366 non
972 1331 1133 1366 abstinet
1164 1343 1185 1365 a
1208 1330 1495 1378 fornicacione‚
1530 1329 1719 1378 quomodo
1752 1341 1792 1364 se

478 1390 666 1425 abstineat
697 1402 718 1424 a
752 1388 1094 1437 concupiscencia?
1132 1388 1209 1432 Qui
1232 1400 1304 1424 non
1333 1388 1519 1423 abstineat
1551 1400 1571 1422 a
1600 1387 1790 1436 periurio,

479 1448 667 1496 quomodo
699 1459 739 1483 se
770 1447 957 1482 abstineat
989 1459 1010 1481 a
1043 1446 1289 1482 iuramento?
1327 1446 1404 1489 Qui
1433 1445 1531 1481 alios
1554 1445 1687 1493 ferire
1718 1456 1790 1480 non

479 1512 615 1547 cessat,
654 1505 844 1554 quomodo
882 1517 922 1540 se
948 1505 1112 1553 prebeat
1132 1503 1386 1552 feriendum!
1423 1504 1499 1547 Qui
1529 1515 1596 1539 nec
1627 1502 1791 1538 amicum

478 1564 626 1600 sincere
664 1563 794 1613 diligit
832 1563 1021 1611 quomodo
1066 1562 1207 1612 diligat
1250 1561 1476 1597 inimicum?
1521 1561 1623 1604 Quid
1666 1568 1791 1595 autem
1810 1573 1851 1594 20

479 1622 533 1657 sic
565 1620 797 1670 impossibile
829 1628 885 1656 est
914 1621 1106 1669 quomodo
1139 1620 1389 1669 elemosynas
1411 1619 1555 1667 facere
1587 1619 1648 1654 vel
1677 1630 1795 1654 orare

481 1680 541 1715 vel
583 1679 753 1715 ieiunare
797 1685 831 1714 et
875 1679 976 1714 nolle
1019 1678 1232 1714 hominibus
1271 1677 1496 1726 apparere?
1533 1676 1637 1720 Quid
1668 1683 1793 1712 autem

482 1737 681 1786 difficilius
713 1748 825 1784 quam
860 1749 932 1771 non
965 1736 1138 1771 iudicare
1177 1743 1213 1771 et
1252 1735 1383 1771 videre
1418 1744 1641 1783 peccantem
1675 1734 1710 1769 in
1742 1746 1794 1779 se,

481 1802 546 1830 aut
574 1794 670 1830 nihil
691 1801 864 1829 sanctum
898 1794 958 1829 vel
987 1801 1176 1829 secretum
1211 1793 1338 1828 dicere
1369 1800 1435 1827 aut
1467 1793 1563 1828 dare
1595 1791 1797 1842 indignis?

483 1854 647 1888 Necesse
698 1859 753 1888 est
805 1852 916 1901 enim,
970 1858 1009 1886 ut
1060 1859 1095 1887 et
1138 1851 1280 1887 multos
1330 1850 1403 1886 sibi
1435 1850 1566 1898 faciat
1610 1850 1852 1886 inimicos.25

489 1910 678 1954 Quoniam
732 1910 855 1960 igitur
902 1909 1053 1945 maiora
1105 1916 1217 1944 erant
1268 1909 1451 1944 mandata
1508 1920 1620 1957 quam
1674 1908 1797 1943 virtus

484 1969 652 2004 humana
686 1975 753 2014 est,
788 1967 1015 2003 transmittit
1048 1979 1111 2003 eos
1143 1967 1195 2002 ad
1226 1966 1366 2012 Deum,
1400 1966 1505 2002 cuius
1535 1966 1672 2016 gracie
1704 1965 1799 2000 nihil

484 2033 539 2062 est
578 2026 821 2075 impossibile,
866 2025 1014 2061 dicens:
1058 2025 1179 2060 Petite
1210 2032 1245 2060 et
1278 2024 1433 2059 dabitur
1465 2024 1583 2067 vobis³
1626 2031 1666 2059 ut
1698 2023 1798 2072 quod

484 2096 535 2120 ex
574 2084 678 2119 vobis
719 2083 932 2119 hominibus
971 2082 1194 2119 consunzari
1230 2094 1302 2118 non
1336 2089 1476 2131 potest,
1511 2094 1586 2130 per
1616 2081 1796 2132 graciam

485 2142 560 2178 Dei
610 2141 884 2190 adimpleatur.
945 2141 1103 2176 Omnem
1159 2148 1379 2176 creaturam
1431 2140 1646 2176 sensibilem
1691 2140 1798 2175 Deus
1815 2143 1856 2174 30

484 2206 677 2235 armatam
718 2206 752 2235 et
789 2199 974 2235 munitam
1013 2198 1170 2235 creavit.
1212 2198 1320 2233 Alias
1358 2198 1454 2233 enim
1488 2198 1648 2233 munivit
1681 2196 1801 2232 veloci

481 2258 623 2306 pedum
668 2270 796 2300 cursu,
846 2257 945 2292 alias
997 2257 1166 2292 armavit
1209 2256 1414 2306 unguibus,
1459 2256 1556 2291 alias
1609 2254 1799 2291 velocibus

481 2315 630 2364 pennis,
675 2315 772 2350 alias
817 2315 1003 2360 dentibus,
1047 2314 1146 2350 alias
1190 2314 1379 2349 cornibus.
1428 2314 1632 2349 Hominem
1672 2320 1797 2348 autem

485 2374 608 2409 solum
632 2373 687 2409 sic
711 2373 898 2422 disposuit
927 2380 966 2407 ut
989 2372 1112 2408 virtus
1140 2372 1244 2408 illius
1264 2372 1313 2407 sit
1335 2372 1425 2420 ipse,
1449 2371 1592 2407 scilicet
1607 2371 1796 2406 Christus.

487 2431 538 2466 Et
571 2431 606 2466 in
645 2443 687 2466 eo
721 2431 823 2479 quod
861 2430 1114 2479 infirmiorem
1155 2442 1239 2465 eum
1269 2430 1370 2477 fecit
1410 2429 1596 2472 omnibus,
1636 2428 1671 2463 in
1717 2428 1798 2477 ipso
1817 2431 1855 2463 35

557 2629 582 2648 2.
606 2622 643 2649 B:
666 2624 696 2648 ul
717 2621 810 2648 deest.
919 2621 947 2648 6.
969 2621 1007 2648 13:
1030 2621 1120 2648 homo
1140 2621 1289 2648 concedit.
1389 2620 1416 2648 S.
1439 2620 1476 2647 13:
1498 2620 1654 2647 Numerus
1675 2619 1799 2654 capituli

490 2657 582 2684 deest.
733 2664 760 2690 9.
795 2657 823 2683 A
854 2656 883 2683 in
918 2664 1033 2691 marg:
1068 2655 1285 2682 Crisoslomus.
1436 2662 1473 2682 12.
1512 2656 1557 2681 A:
1590 2654 1799 2689 interpretati.

491 2700 530 2725 17,
552 2692 591 2718 18.
613 2693 656 2718 A:
679 2691 930 2726 concupiscent-ia
961 2706 993 2709 —
1022 2691 1177 2717 alu-smmi
1205 2690 1299 2717 deest.
1413 2700 1441 2723 4.
1464 2690 1502 2716 13:
1525 2692 1579 2716 aut
1599 2690 1629 2715 in
1650 2692 1800 2716 sanctum.

1397 2696 1410 2707 η

490 2726 531 2753 25.
553 2727 599 2753 A:
627 2727 704 2753 enim
726 2727 819 2752 deest.
928 2733 974 2759 25³.
1003 2726 1039 2751 13:
1068 2725 1151 2751 robis
1178 2725 1270 2751 deest.
1379 2711 1421 2751 ᾖ.
1450 2725 1493 2750 A:
1524 2724 1675 2750 hominem
1702 2724 1800 2749 twice.

491 2760 531 2787 355.
554 2761 591 2787 B:
613 2760 653 2787 Et
671 2769 706 2787 co
726 2760 816 2796 quod.

559 2857 589 2886 t).
619 2845 685 2885 Op.
713 2845 808 2885 Imp„
837 2845 857 2874 1.
885 2854 911 2874 c,
940 2855 970 2884 p.
998 2844 1074 2876 823.
