<?xml version="1.0" encoding="UTF-8"?>
<!DOCTYPE html PUBLIC "-//W3C//DTD XHTML 1.0 Transitional//EN"
    "http://www.w3.org/TR/xhtml1/DTD/xhtml1-transitional.dtd">
<html xmlns="http://www.w3.org/1999/xhtml" xml:lang="en" lang="en">
 <head>
  <title>
</title>
<meta http-equiv="Content-Type" content="text/html;charset=utf-8" />
  <meta name='ocr-system' content='tesseract 3.04.00' />
  <meta name='ocr-capabilities' content='ocr_page ocr_carea ocr_par ocr_line ocrx_word'/>
</head>
<body>
  <div class='ocr_page' id='page_1' title='image "./opusevangelicum12wycl_0238.png"; bbox 0 0 2003 3322; ppageno 0'>
   <div class='ocr_carea' id='block_1_1' title="bbox 214 240 262 271">
    <p class='ocr_par' dir='ltr' id='par_1_1' title="bbox 214 240 262 271">
     <span class='ocr_line' id='line_1_1' title="bbox 214 247 231 271; textangle 90"><span class='ocrx_word' id='word_1_1' title='bbox 214 247 231 271; x_wconf 60' lang='lat' dir='ltr'><em>to</em></span> 
     </span>
     <span class='ocr_line' id='line_1_2' title="bbox 242 240 262 271; textangle 90"><span class='ocrx_word' id='word_1_2' title='bbox 242 240 262 271; x_wconf 77' lang='lat' dir='ltr'><em>Oc</em></span> 
     </span>
    </p>
   </div>
   <div class='ocr_carea' id='block_1_2' title="bbox 213 2103 434 2305">
    <p class='ocr_par' dir='ltr' id='par_1_2' title="bbox 213 2103 434 2305">
     <span class='ocr_line' id='line_1_3' title="bbox 213 2103 434 2139; baseline 0 -8"><span class='ocrx_word' id='word_1_3' title='bbox 213 2103 434 2139; x_wconf 64' lang='lat' dir='ltr'><em>chrysostom:</em></span> 
     </span>
     <span class='ocr_line' id='line_1_4' title="bbox 231 2137 431 2166; baseline 0.005 -1"><span class='ocrx_word' id='word_1_4' title='bbox 231 2137 376 2166; x_wconf 76' lang='lat' dir='ltr'><em>Contrast</em></span> <span class='ocrx_word' id='word_1_5' title='bbox 397 2139 431 2166; x_wconf 86' lang='lat' dir='ltr'><em>of</em></span> 
     </span>
     <span class='ocr_line' id='line_1_5' title="bbox 282 2173 369 2201; baseline -0.011 0"><span class='ocrx_word' id='word_1_6' title='bbox 282 2173 369 2201; x_wconf 85' lang='lat' dir='ltr'><em>Gods</em></span> 
     </span>
     <span class='ocr_line' id='line_1_6' title="bbox 227 2209 420 2242; baseline 0 -7"><span class='ocrx_word' id='word_1_7' title='bbox 227 2209 420 2242; x_wconf 65' lang='lat' dir='ltr'>forgiveness</span> 
     </span>
     <span class='ocr_line' id='line_1_7' title="bbox 229 2243 422 2271; baseline 0.005 -2"><span class='ocrx_word' id='word_1_8' title='bbox 229 2244 300 2271; x_wconf 81' lang='lat' dir='ltr'><em>with</em></span> <span class='ocrx_word' id='word_1_9' title='bbox 323 2243 422 2270; x_wconf 72' lang='lat' dir='ltr'><em>man&#39;s</em></span> 
     </span>
     <span class='ocr_line' id='line_1_8' title="bbox 286 2279 364 2305; baseline 0 0"><span class='ocrx_word' id='word_1_10' title='bbox 286 2279 364 2305; x_wconf 80' lang='lat' dir='ltr'><em>hate.</em></span> 
     </span>
    </p>
   </div>
   <div class='ocr_carea' id='block_1_3' title="bbox 890 233 1784 286">
    <p class='ocr_par' dir='ltr' id='par_1_3' title="bbox 890 233 1784 286">
     <span class='ocr_line' id='line_1_9' title="bbox 890 233 1784 286; baseline -0.008 -11"><span class='ocrx_word' id='word_1_11' title='bbox 890 245 1008 276; x_wconf 62' lang='lat' dir='ltr'><em>opus</em></span> <span class='ocrx_word' id='word_1_12' title='bbox 1035 245 1370 276; x_wconf 63' lang='lat' dir='ltr'><em>EVANGELICtuxt</em></span> <span class='ocrx_word' id='word_1_13' title='bbox 1563 233 1671 286; x_wconf 59' lang='lat' dir='ltr'><em>[cm.</em></span> <span class='ocrx_word' id='word_1_14' title='bbox 1694 242 1784 270; x_wconf 71' lang='lat' dir='ltr'><em>mni.</em></span> 
     </span>
    </p>
   </div>
   <div class='ocr_carea' id='block_1_4' title="bbox 472 351 1855 1904">
    <p class='ocr_par' dir='ltr' id='par_1_4' title="bbox 472 351 1855 1904">
     <span class='ocr_line' id='line_1_10' title="bbox 474 351 1792 399; baseline 0 -13"><span class='ocrx_word' id='word_1_15' title='bbox 474 351 659 386; x_wconf 70' lang='lat' dir='ltr'><em>volumus.</em></span> <span class='ocrx_word' id='word_1_16' title='bbox 714 352 908 394; x_wconf 84' lang='lat' dir='ltr'><em>Quantum</em></span> <span class='ocrx_word' id='word_1_17' title='bbox 944 351 1041 386; x_wconf 79' lang='lat' dir='ltr'><em>enim</em></span> <span class='ocrx_word' id='word_1_18' title='bbox 1076 351 1186 386; x_wconf 68' lang='lat' dir='ltr'><em>unfus</em></span> <span class='ocrx_word' id='word_1_19' title='bbox 1226 351 1300 387; x_wconf 71' lang='lat' dir='ltr'><em>vite</em></span> <span class='ocrx_word' id='word_1_20' title='bbox 1332 351 1517 386; x_wconf 85' lang='lat' dir='ltr'><em>solacium</em></span> <span class='ocrx_word' id='word_1_21' title='bbox 1551 351 1689 399; x_wconf 86' lang='lat' dir='ltr'><em>afferat</em></span> <span class='ocrx_word' id='word_1_22' title='bbox 1722 352 1792 386; x_wconf 75' lang='lat' dir='ltr'><em>lux</em></span> 
     </span>
     <span class='ocr_line' id='line_1_11' title="bbox 472 408 1791 458; baseline -0.001 -14"><span class='ocrx_word' id='word_1_23' title='bbox 472 409 545 444; x_wconf 88' lang='lat' dir='ltr'><em>ista</em></span> <span class='ocrx_word' id='word_1_24' title='bbox 578 408 741 445; x_wconf 78' lang='lat' dir='ltr'><em>visibilis</em></span> <span class='ocrx_word' id='word_1_25' title='bbox 773 416 808 444; x_wconf 86' lang='lat' dir='ltr'><em>et</em></span> <span class='ocrx_word' id='word_1_26' title='bbox 838 409 972 457; x_wconf 72' lang='lat' dir='ltr'><em>pluvia</em></span> <span class='ocrx_word' id='word_1_27' title='bbox 1006 409 1237 457; x_wconf 83' lang='lat' dir='ltr'><em>corporalis,</em></span> <span class='ocrx_word' id='word_1_28' title='bbox 1285 409 1368 456; x_wconf 77' lang='lat' dir='ltr'><em>quis</em></span> <span class='ocrx_word' id='word_1_29' title='bbox 1407 415 1484 444; x_wconf 85' lang='lat' dir='ltr'><em>tam</em></span> <span class='ocrx_word' id='word_1_30' title='bbox 1527 409 1706 458; x_wconf 79' lang='lat' dir='ltr'><em>ingratus</em></span> <span class='ocrx_word' id='word_1_31' title='bbox 1738 415 1791 444; x_wconf 84' lang='lat' dir='ltr'><em>est</em></span> 
     </span>
     <span class='ocr_line' id='line_1_12' title="bbox 472 466 1793 509; baseline 0 -7"><span class='ocrx_word' id='word_1_32' title='bbox 472 474 512 502; x_wconf 90' lang='lat' dir='ltr'><em>ut</em></span> <span class='ocrx_word' id='word_1_33' title='bbox 544 478 615 502; x_wconf 85' lang='lat' dir='ltr'><em>non</em></span> <span class='ocrx_word' id='word_1_34' title='bbox 648 466 826 502; x_wconf 70' lang='lat' dir='ltr'><em>senciat?</em></span> <span class='ocrx_word' id='word_1_35' title='bbox 871 467 985 509; x_wconf 80' lang='lat' dir='ltr'><em>Quod</em></span> <span class='ocrx_word' id='word_1_36' title='bbox 1016 466 1202 502; x_wconf 87' lang='lat' dir='ltr'><em>solacium</em></span> <span class='ocrx_word' id='word_1_37' title='bbox 1239 466 1412 502; x_wconf 82' lang='lat' dir='ltr'><em>videmus</em></span> <span class='ocrx_word' id='word_1_38' title='bbox 1445 473 1479 502; x_wconf 90' lang='lat' dir='ltr'><em>et</em></span> <span class='ocrx_word' id='word_1_39' title='bbox 1513 466 1622 502; x_wconf 86' lang='lat' dir='ltr'><em>iustis</em></span> <span class='ocrx_word' id='word_1_40' title='bbox 1654 466 1688 501; x_wconf 88' lang='lat' dir='ltr'><em>in</em></span> <span class='ocrx_word' id='word_1_41' title='bbox 1723 467 1793 502; x_wconf 85' lang='lat' dir='ltr'><em>liac</em></span> 
     </span>
     <span class='ocr_line' id='line_1_13' title="bbox 472 524 1794 573; baseline -0.001 -13"><span class='ocrx_word' id='word_1_42' title='bbox 472 525 550 560; x_wconf 73' lang='lat' dir='ltr'><em>uita</em></span> <span class='ocrx_word' id='word_1_43' title='bbox 584 531 619 560; x_wconf 87' lang='lat' dir='ltr'><em>et</em></span> <span class='ocrx_word' id='word_1_44' title='bbox 646 524 918 573; x_wconf 82' lang='lat' dir='ltr'><em>peccatoribus</em></span> <span class='ocrx_word' id='word_1_45' title='bbox 952 524 1207 560; x_wconf 87' lang='lat' dir='ltr'><em>communiter</em></span> <span class='ocrx_word' id='word_1_46' title='bbox 1237 524 1425 560; x_wconf 71' lang='lat' dir='ltr'><em>exhiberi.</em></span> <span class='ocrx_word' id='word_1_47' title='bbox 1462 524 1547 559; x_wconf 88' lang='lat' dir='ltr'><em>Non</em></span> <span class='ocrx_word' id='word_1_48' title='bbox 1571 531 1696 560; x_wconf 86' lang='lat' dir='ltr'><em>autem</em></span> <span class='ocrx_word' id='word_1_49' title='bbox 1722 524 1794 559; x_wconf 83' lang='lat' dir='ltr'><em>ait.-</em></span> 
     </span>
     <span class='ocr_line' id='line_1_14' title="bbox 478 582 1826 631; baseline -0.001 -13"><span class='ocrx_word' id='word_1_50' title='bbox 478 582 556 626; x_wconf 82' lang='lat' dir='ltr'><em>Qui</em></span> <span class='ocrx_word' id='word_1_51' title='bbox 578 582 683 631; x_wconf 84' lang='lat' dir='ltr'><em>facit</em></span> <span class='ocrx_word' id='word_1_52' title='bbox 715 582 833 618; x_wconf 88' lang='lat' dir='ltr'><em>solem</em></span> <span class='ocrx_word' id='word_1_53' title='bbox 868 582 968 617; x_wconf 91' lang='lat' dir='ltr'><em>oriri</em></span> <span class='ocrx_word' id='word_1_54' title='bbox 1007 594 1126 630; x_wconf 90' lang='lat' dir='ltr'><em>super</em></span> <span class='ocrx_word' id='word_1_55' title='bbox 1164 582 1280 617; x_wconf 84' lang='lat' dir='ltr'><em>bonos</em></span> <span class='ocrx_word' id='word_1_56' title='bbox 1320 589 1354 617; x_wconf 89' lang='lat' dir='ltr'><em>et</em></span> <span class='ocrx_word' id='word_1_57' title='bbox 1393 582 1527 627; x_wconf 88' lang='lat' dir='ltr'><em>malos,</em></span> <span class='ocrx_word' id='word_1_58' title='bbox 1573 582 1641 617; x_wconf 84' lang='lat' dir='ltr'><em>sed</em></span> <span class='ocrx_word' id='word_1_59' title='bbox 1683 582 1826 617; x_wconf 81' lang='lat' dir='ltr'><em>addit5</em></span> 
     </span>
     <span class='ocr_line' id='line_1_15' title="bbox 473 639 1792 689; baseline -0.002 -13"><span class='ocrx_word' id='word_1_60' title='bbox 473 642 631 686; x_wconf 72' lang='lat' dir='ltr'><em>csuum’,</em></span> <span class='ocrx_word' id='word_1_61' title='bbox 666 640 706 675; x_wconf 86' lang='lat' dir='ltr'><em>id</em></span> <span class='ocrx_word' id='word_1_62' title='bbox 738 647 805 686; x_wconf 90' lang='lat' dir='ltr'><em>est,</em></span> <span class='ocrx_word' id='word_1_63' title='bbox 839 651 947 688; x_wconf 81' lang='lat' dir='ltr'><em>quem</em></span> <span class='ocrx_word' id='word_1_64' title='bbox 983 639 1062 689; x_wconf 88' lang='lat' dir='ltr'><em>ipse</em></span> <span class='ocrx_word' id='word_1_65' title='bbox 1087 640 1188 688; x_wconf 84' lang='lat' dir='ltr'><em>fecit</em></span> <span class='ocrx_word' id='word_1_66' title='bbox 1220 647 1333 688; x_wconf 83' lang='lat' dir='ltr'><em>atque</em></span> <span class='ocrx_word' id='word_1_67' title='bbox 1366 639 1560 675; x_wconf 87' lang='lat' dir='ltr'><em>constituit</em></span> <span class='ocrx_word' id='word_1_68' title='bbox 1587 646 1621 675; x_wconf 88' lang='lat' dir='ltr'><em>et</em></span> <span class='ocrx_word' id='word_1_69' title='bbox 1644 652 1664 674; x_wconf 91' lang='lat' dir='ltr'><em>a</em></span> <span class='ocrx_word' id='word_1_70' title='bbox 1688 640 1792 675; x_wconf 91' lang='lat' dir='ltr'><em>nullo</em></span> 
     </span>
     <span class='ocr_line' id='line_1_16' title="bbox 472 697 1793 747; baseline 0 -13"><span class='ocrx_word' id='word_1_71' title='bbox 472 698 621 746; x_wconf 83' lang='lat' dir='ltr'><em>aliquid</em></span> <span class='ocrx_word' id='word_1_72' title='bbox 652 698 818 747; x_wconf 80' lang='lat' dir='ltr'><em>sumpsit</em></span> <span class='ocrx_word' id='word_1_73' title='bbox 858 705 897 733; x_wconf 92' lang='lat' dir='ltr'><em>ut</em></span> <span class='ocrx_word' id='word_1_74' title='bbox 921 697 1092 746; x_wconf 85' lang='lat' dir='ltr'><em>faceret,</em></span> <span class='ocrx_word' id='word_1_75' title='bbox 1135 697 1232 733; x_wconf 88' lang='lat' dir='ltr'><em>sicut</em></span> <span class='ocrx_word' id='word_1_76' title='bbox 1281 697 1316 732; x_wconf 88' lang='lat' dir='ltr'><em>in</em></span> <span class='ocrx_word' id='word_1_77' title='bbox 1355 697 1495 733; x_wconf 88' lang='lat' dir='ltr'><em>Genesi</em></span> <span class='ocrx_word' id='word_1_78' title='bbox 1534 698 1580 733; x_wconf 89' lang='lat' dir='ltr'><em>de</em></span> <span class='ocrx_word' id='word_1_79' title='bbox 1620 697 1793 734; x_wconf 86' lang='lat' dir='ltr'><em>omnibus</em></span> 
     </span>
     <span class='ocr_line' id='line_1_17' title="bbox 472 755 1794 804; baseline -0.001 -13"><span class='ocrx_word' id='word_1_80' title='bbox 472 756 728 792; x_wconf 86' lang='lat' dir='ltr'><em>luminaribus</em></span> <span class='ocrx_word' id='word_1_81' title='bbox 760 755 966 800; x_wconf 83' lang='lat' dir='ltr'><em>scribitur;</em></span> <span class='ocrx_word' id='word_1_82' title='bbox 1005 756 1069 803; x_wconf 81' lang='lat' dir='ltr'><em>qui</em></span> <span class='ocrx_word' id='word_1_83' title='bbox 1104 756 1267 804; x_wconf 76' lang='lat' dir='ltr'><em>proprie</em></span> <span class='ocrx_word' id='word_1_84' title='bbox 1294 762 1421 804; x_wconf 89' lang='lat' dir='ltr'><em>potest</em></span> <span class='ocrx_word' id='word_1_85' title='bbox 1455 755 1583 791; x_wconf 80' lang='lat' dir='ltr'><em>dicere</em></span> <span class='ocrx_word' id='word_1_86' title='bbox 1614 767 1681 791; x_wconf 85' lang='lat' dir='ltr'><em>sua</em></span> <span class='ocrx_word' id='word_1_87' title='bbox 1714 768 1794 791; x_wconf 83' lang='lat' dir='ltr'><em>esse</em></span> 
     </span>
     <span class='ocr_line' id='line_1_18' title="bbox 473 813 1793 862; baseline -0.002 -12"><span class='ocrx_word' id='word_1_88' title='bbox 473 814 599 850; x_wconf 88' lang='lat' dir='ltr'><em>omnia</em></span> <span class='ocrx_word' id='word_1_89' title='bbox 633 826 702 862; x_wconf 83' lang='lat' dir='ltr'><em>que</em></span> <span class='ocrx_word' id='word_1_90' title='bbox 735 814 781 849; x_wconf 92' lang='lat' dir='ltr'><em>de</em></span> <span class='ocrx_word' id='word_1_91' title='bbox 813 813 931 849; x_wconf 84' lang='lat' dir='ltr'><em>nihilo</em></span> <span class='ocrx_word' id='word_1_92' title='bbox 964 813 1124 856; x_wconf 75' lang='lat' dir='ltr'><em>creauit,</em></span> <span class='ocrx_word' id='word_1_93' title='bbox 1157 820 1197 848; x_wconf 92' lang='lat' dir='ltr'><em>ut</em></span> <span class='ocrx_word' id='word_1_94' title='bbox 1230 813 1290 849; x_wconf 77' lang='lat' dir='ltr'><em>hic</em></span> <span class='ocrx_word' id='word_1_95' title='bbox 1322 814 1622 848; x_wconf 77' lang='lat' dir='ltr'><em>admoneremur</em></span> <span class='ocrx_word' id='word_1_96' title='bbox 1654 820 1793 861; x_wconf 83' lang='lat' dir='ltr'><em>quanta</em></span> 
     </span>
     <span class='ocr_line' id='line_1_19' title="bbox 473 871 1852 920; baseline -0.001 -13"><span class='ocrx_word' id='word_1_97' title='bbox 473 872 704 908; x_wconf 63' lang='lat' dir='ltr'><em>liberalitate</em></span> <span class='ocrx_word' id='word_1_98' title='bbox 727 871 890 908; x_wconf 87' lang='lat' dir='ltr'><em>inimicis</em></span> <span class='ocrx_word' id='word_1_99' title='bbox 914 871 1057 907; x_wconf 86' lang='lat' dir='ltr'><em>nostris</em></span> <span class='ocrx_word' id='word_1_100' title='bbox 1079 883 1129 907; x_wconf 73' lang='lat' dir='ltr'><em>ex</em></span> <span class='ocrx_word' id='word_1_101' title='bbox 1146 878 1331 920; x_wconf 85' lang='lat' dir='ltr'><em>precepto</em></span> <span class='ocrx_word' id='word_1_102' title='bbox 1359 871 1440 906; x_wconf 87' lang='lat' dir='ltr'><em>eius</em></span> <span class='ocrx_word' id='word_1_103' title='bbox 1458 878 1638 920; x_wconf 81' lang='lat' dir='ltr'><em>prestare</em></span> <span class='ocrx_word' id='word_1_104' title='bbox 1661 871 1794 907; x_wconf 81' lang='lat' dir='ltr'><em>debea-</em></span> <span class='ocrx_word' id='word_1_105' title='bbox 1816 885 1852 905; x_wconf 87' lang='lat'><em>10</em></span> 
     </span>
     <span class='ocr_line' id='line_1_20' title="bbox 473 929 1792 978; baseline -0.001 -13"><span class='ocrx_word' id='word_1_106' title='bbox 473 942 569 975; x_wconf 86' lang='lat' dir='ltr'><em>mus,</em></span> <span class='ocrx_word' id='word_1_107' title='bbox 603 942 672 978; x_wconf 86' lang='lat' dir='ltr'><em>que</em></span> <span class='ocrx_word' id='word_1_108' title='bbox 704 941 772 965; x_wconf 85' lang='lat' dir='ltr'><em>nos</em></span> <span class='ocrx_word' id='word_1_109' title='bbox 798 941 869 965; x_wconf 92' lang='lat' dir='ltr'><em>non</em></span> <span class='ocrx_word' id='word_1_110' title='bbox 893 929 1110 965; x_wconf 82' lang='lat' dir='ltr'><em>creavimus</em></span> <span class='ocrx_word' id='word_1_111' title='bbox 1132 929 1200 964; x_wconf 90' lang='lat' dir='ltr'><em>sed</em></span> <span class='ocrx_word' id='word_1_112' title='bbox 1222 929 1442 964; x_wconf 79' lang='lat' dir='ltr'><em>muneribus</em></span> <span class='ocrx_word' id='word_1_113' title='bbox 1462 929 1542 964; x_wconf 88' lang='lat' dir='ltr'><em>eius</em></span> <span class='ocrx_word' id='word_1_114' title='bbox 1563 929 1792 978; x_wconf 88' lang='lat' dir='ltr'><em>accepimus.</em></span> 
     </span>
     <span class='ocr_line' id='line_1_21' title="bbox 536 986 1793 1037; baseline -0.001 -14"><span class='ocrx_word' id='word_1_115' title='bbox 536 988 633 1031; x_wconf 82' lang='lat' dir='ltr'><em>Quis</em></span> <span class='ocrx_word' id='word_1_116' title='bbox 655 994 783 1023; x_wconf 91' lang='lat' dir='ltr'><em>autem</em></span> <span class='ocrx_word' id='word_1_117' title='bbox 804 994 932 1036; x_wconf 88' lang='lat' dir='ltr'><em>potest</em></span> <span class='ocrx_word' id='word_1_118' title='bbox 955 988 1015 1022; x_wconf 79' lang='lat' dir='ltr'><em>vel</em></span> <span class='ocrx_word' id='word_1_119' title='bbox 1031 994 1200 1036; x_wconf 85' lang='lat' dir='ltr'><em>paratus</em></span> <span class='ocrx_word' id='word_1_120' title='bbox 1222 999 1302 1023; x_wconf 86' lang='lat' dir='ltr'><em>esse</em></span> <span class='ocrx_word' id='word_1_121' title='bbox 1335 987 1380 1022; x_wconf 85' lang='lat' dir='ltr'><em>ab</em></span> <span class='ocrx_word' id='word_1_122' title='bbox 1414 986 1581 1037; x_wconf 87' lang='lat' dir='ltr'><em>infirmis</em></span> <span class='ocrx_word' id='word_1_123' title='bbox 1613 986 1793 1023; x_wconf 89' lang='lat' dir='ltr'><em>iniuriam</em></span> 
     </span>
     <span class='ocr_line' id='line_1_22' title="bbox 472 1045 1796 1094; baseline -0.002 -12"><span class='ocrx_word' id='word_1_124' title='bbox 472 1046 663 1082; x_wconf 84' lang='lat' dir='ltr'><em>sustinere</em></span> <span class='ocrx_word' id='word_1_125' title='bbox 698 1052 881 1094; x_wconf 85' lang='lat' dir='ltr'><em>quantum</em></span> <span class='ocrx_word' id='word_1_126' title='bbox 916 1045 1035 1081; x_wconf 83' lang='lat' dir='ltr'><em>saluti</em></span> <span class='ocrx_word' id='word_1_127' title='bbox 1066 1057 1198 1081; x_wconf 91' lang='lat' dir='ltr'><em>eorum</em></span> <span class='ocrx_word' id='word_1_128' title='bbox 1219 1045 1382 1094; x_wconf 87' lang='lat' dir='ltr'><em>prodest</em></span> <span class='ocrx_word' id='word_1_129' title='bbox 1415 1052 1449 1080; x_wconf 90' lang='lat' dir='ltr'><em>et</em></span> <span class='ocrx_word' id='word_1_130' title='bbox 1481 1045 1597 1080; x_wconf 89' lang='lat' dir='ltr'><em>malle</em></span> <span class='ocrx_word' id='word_1_131' title='bbox 1628 1045 1796 1094; x_wconf 90' lang='lat' dir='ltr'><em>amplius</em></span> 
     </span>
     <span class='ocr_line' id='line_1_23' title="bbox 474 1103 1796 1152; baseline -0.001 -13"><span class='ocrx_word' id='word_1_132' title='bbox 474 1104 688 1152; x_wconf 82' lang='lat' dir='ltr'><em>iniquitatis</em></span> <span class='ocrx_word' id='word_1_133' title='bbox 735 1103 858 1139; x_wconf 81' lang='lat' dir='ltr'><em>aliene</em></span> <span class='ocrx_word' id='word_1_134' title='bbox 900 1103 1055 1152; x_wconf 77' lang='lat' dir='ltr'><em>perpeti</em></span> <span class='ocrx_word' id='word_1_135' title='bbox 1102 1115 1214 1151; x_wconf 82' lang='lat' dir='ltr'><em>quam</em></span> <span class='ocrx_word' id='word_1_136' title='bbox 1264 1103 1303 1138; x_wconf 91' lang='lat' dir='ltr'><em>id</em></span> <span class='ocrx_word' id='word_1_137' title='bbox 1347 1103 1450 1151; x_wconf 83' lang='lat' dir='ltr'><em>quod</em></span> <span class='ocrx_word' id='word_1_138' title='bbox 1488 1114 1698 1152; x_wconf 90' lang='lat' dir='ltr'><em>perpessus</em></span> <span class='ocrx_word' id='word_1_139' title='bbox 1742 1110 1796 1139; x_wconf 84' lang='lat' dir='ltr'><em>est</em></span> 
     </span>
     <span class='ocr_line' id='line_1_24' title="bbox 474 1160 1851 1210; baseline -0.001 -13"><span class='ocrx_word' id='word_1_140' title='bbox 474 1162 652 1207; x_wconf 84' lang='lat' dir='ltr'><em>reddere,</em></span> <span class='ocrx_word' id='word_1_141' title='bbox 696 1161 800 1197; x_wconf 90' lang='lat' dir='ltr'><em>omni</em></span> <span class='ocrx_word' id='word_1_142' title='bbox 828 1161 974 1210; x_wconf 85' lang='lat' dir='ltr'><em>petenti</em></span> <span class='ocrx_word' id='word_1_143' title='bbox 1005 1174 1025 1196; x_wconf 94' lang='lat' dir='ltr'><em>a</em></span> <span class='ocrx_word' id='word_1_144' title='bbox 1059 1173 1099 1197; x_wconf 78' lang='lat' dir='ltr'><em>se</em></span> <span class='ocrx_word' id='word_1_145' title='bbox 1131 1160 1280 1209; x_wconf 84' lang='lat' dir='ltr'><em>aliquid</em></span> <span class='ocrx_word' id='word_1_146' title='bbox 1312 1161 1372 1197; x_wconf 77' lang='lat' dir='ltr'><em>vel</em></span> <span class='ocrx_word' id='word_1_147' title='bbox 1404 1161 1443 1196; x_wconf 88' lang='lat' dir='ltr'><em>id</em></span> <span class='ocrx_word' id='word_1_148' title='bbox 1475 1162 1577 1209; x_wconf 80' lang='lat' dir='ltr'><em>quod</em></span> <span class='ocrx_word' id='word_1_149' title='bbox 1611 1161 1719 1209; x_wconf 86' lang='lat' dir='ltr'><em>petit,</em></span> <span class='ocrx_word' id='word_1_150' title='bbox 1764 1161 1851 1197; x_wconf 77' lang='lat' dir='ltr'><em>si15</em></span> 
     </span>
     <span class='ocr_line' id='line_1_25' title="bbox 475 1219 1797 1268; baseline -0.001 -13"><span class='ocrx_word' id='word_1_151' title='bbox 475 1221 640 1256; x_wconf 77' lang='lat' dir='ltr'><em>liabetur</em></span> <span class='ocrx_word' id='word_1_152' title='bbox 678 1227 713 1255; x_wconf 90' lang='lat' dir='ltr'><em>et</em></span> <span class='ocrx_word' id='word_1_153' title='bbox 745 1219 779 1255; x_wconf 91' lang='lat' dir='ltr'><em>si</em></span> <span class='ocrx_word' id='word_1_154' title='bbox 811 1226 913 1255; x_wconf 81' lang='lat' dir='ltr'><em>recte</em></span> <span class='ocrx_word' id='word_1_155' title='bbox 946 1219 1036 1254; x_wconf 92' lang='lat' dir='ltr'><em>dari</em></span> <span class='ocrx_word' id='word_1_156' title='bbox 1063 1226 1203 1268; x_wconf 90' lang='lat' dir='ltr'><em>potest,</em></span> <span class='ocrx_word' id='word_1_157' title='bbox 1238 1219 1298 1254; x_wconf 78' lang='lat' dir='ltr'><em>vel</em></span> <span class='ocrx_word' id='word_1_158' title='bbox 1330 1219 1529 1255; x_wconf 86' lang='lat' dir='ltr'><em>consilium</em></span> <span class='ocrx_word' id='word_1_159' title='bbox 1565 1219 1702 1254; x_wconf 82' lang='lat' dir='ltr'><em>bonum</em></span> <span class='ocrx_word' id='word_1_160' title='bbox 1738 1220 1797 1255; x_wconf 75' lang='lat' dir='ltr'><em>vel</em></span> 
     </span>
     <span class='ocr_line' id='line_1_26' title="bbox 473 1277 1798 1325; baseline -0.001 -12"><span class='ocrx_word' id='word_1_161' title='bbox 473 1279 643 1313; x_wconf 65' lang='lat' dir='ltr'><em>animum</em></span> <span class='ocrx_word' id='word_1_162' title='bbox 671 1278 766 1313; x_wconf 86' lang='lat' dir='ltr'><em>dare</em></span> <span class='ocrx_word' id='word_1_163' title='bbox 788 1277 1025 1321; x_wconf 78' lang='lat' dir='ltr'><em>benevolum,</em></span> <span class='ocrx_word' id='word_1_164' title='bbox 1059 1289 1124 1313; x_wconf 88' lang='lat' dir='ltr'><em>nec</em></span> <span class='ocrx_word' id='word_1_165' title='bbox 1147 1289 1185 1312; x_wconf 88' lang='lat' dir='ltr'><em>se</em></span> <span class='ocrx_word' id='word_1_166' title='bbox 1208 1284 1385 1312; x_wconf 77' lang='lat' dir='ltr'><em>avertere</em></span> <span class='ocrx_word' id='word_1_167' title='bbox 1407 1277 1452 1313; x_wconf 87' lang='lat' dir='ltr'><em>ab</em></span> <span class='ocrx_word' id='word_1_168' title='bbox 1476 1289 1518 1312; x_wconf 86' lang='lat' dir='ltr'><em>eo</em></span> <span class='ocrx_word' id='word_1_169' title='bbox 1541 1277 1605 1325; x_wconf 81' lang='lat' dir='ltr'><em>qui</em></span> <span class='ocrx_word' id='word_1_170' title='bbox 1626 1278 1798 1312; x_wconf 85' lang='lat' dir='ltr'><em>mutuari</em></span> 
     </span>
     <span class='ocr_line' id='line_1_27' title="bbox 475 1335 1795 1386; baseline -0.001 -15"><span class='ocrx_word' id='word_1_171' title='bbox 475 1336 600 1385; x_wconf 87' lang='lat' dir='ltr'><em>cupit,·</em></span> <span class='ocrx_word' id='word_1_172' title='bbox 651 1335 819 1386; x_wconf 78' lang='lat' dir='ltr'><em>diligere</em></span> <span class='ocrx_word' id='word_1_173' title='bbox 859 1335 1044 1381; x_wconf 89' lang='lat' dir='ltr'><em>inimicos,</em></span> <span class='ocrx_word' id='word_1_174' title='bbox 1095 1335 1323 1383; x_wconf 83' lang='lat' dir='ltr'><em>benefacere</em></span> <span class='ocrx_word' id='word_1_175' title='bbox 1363 1335 1422 1371; x_wconf 78' lang='lat' dir='ltr'><em>liis</em></span> <span class='ocrx_word' id='word_1_176' title='bbox 1454 1335 1517 1383; x_wconf 82' lang='lat' dir='ltr'><em>qui</em></span> <span class='ocrx_word' id='word_1_177' title='bbox 1549 1335 1713 1371; x_wconf 90' lang='lat' dir='ltr'><em>oderunt</em></span> <span class='ocrx_word' id='word_1_178' title='bbox 1744 1347 1795 1379; x_wconf 85' lang='lat' dir='ltr'><em>se,</em></span> 
     </span>
     <span class='ocr_line' id='line_1_28' title="bbox 475 1393 1795 1443; baseline -0.001 -14"><span class='ocrx_word' id='word_1_179' title='bbox 475 1406 592 1430; x_wconf 87' lang='lat' dir='ltr'><em>orare</em></span> <span class='ocrx_word' id='word_1_180' title='bbox 620 1405 697 1443; x_wconf 91' lang='lat' dir='ltr'><em>pro</em></span> <span class='ocrx_word' id='word_1_181' title='bbox 730 1393 784 1429; x_wconf 87' lang='lat' dir='ltr'><em>eis</em></span> <span class='ocrx_word' id='word_1_182' title='bbox 817 1393 881 1441; x_wconf 82' lang='lat' dir='ltr'><em>qui</em></span> <span class='ocrx_word' id='word_1_183' title='bbox 911 1404 950 1429; x_wconf 88' lang='lat' dir='ltr'><em>se</em></span> <span class='ocrx_word' id='word_1_184' title='bbox 985 1400 1263 1442; x_wconf 78' lang='lat' dir='ltr'><em>persecuntur:</em></span> <span class='ocrx_word' id='word_1_185' title='bbox 1322 1393 1418 1436; x_wconf 82' lang='lat' dir='ltr'><em>Quis</em></span> <span class='ocrx_word' id='word_1_186' title='bbox 1454 1405 1551 1443; x_wconf 78' lang='lat' dir='ltr'><em>ergo</em></span> <span class='ocrx_word' id='word_1_187' title='bbox 1586 1393 1654 1429; x_wconf 81' lang='lat' dir='ltr'><em>liec</em></span> <span class='ocrx_word' id='word_1_188' title='bbox 1678 1393 1795 1441; x_wconf 83' lang='lat' dir='ltr'><em>facit,</em></span> 
     </span>
     <span class='ocr_line' id='line_1_29' title="bbox 476 1450 1855 1500; baseline -0.001 -13"><span class='ocrx_word' id='word_1_189' title='bbox 476 1452 549 1487; x_wconf 90' lang='lat' dir='ltr'><em>nisi</em></span> <span class='ocrx_word' id='word_1_190' title='bbox 600 1451 714 1500; x_wconf 89' lang='lat' dir='ltr'><em>plene</em></span> <span class='ocrx_word' id='word_1_191' title='bbox 768 1451 1019 1500; x_wconf 81' lang='lat' dir='ltr'><em>perfecteque</em></span> <span class='ocrx_word' id='word_1_192' title='bbox 1079 1451 1333 1487; x_wconf 73' lang='lat' dir='ltr'><em>misericors?</em></span> <span class='ocrx_word' id='word_1_193' title='bbox 1391 1451 1475 1494; x_wconf 81' lang='lat' dir='ltr'><em>Quo</em></span> <span class='ocrx_word' id='word_1_194' title='bbox 1520 1462 1593 1486; x_wconf 88' lang='lat' dir='ltr'><em>uno</em></span> <span class='ocrx_word' id='word_1_195' title='bbox 1639 1450 1796 1487; x_wconf 86' lang='lat' dir='ltr'><em>consilio</em></span> <span class='ocrx_word' id='word_1_196' title='bbox 1814 1464 1855 1485; x_wconf 87' lang='lat'><em>20</em></span> 
     </span>
     <span class='ocr_line' id='line_1_30' title="bbox 475 1508 1794 1558; baseline -0.001 -13"><span class='ocrx_word' id='word_1_197' title='bbox 475 1510 632 1546; x_wconf 87' lang='lat' dir='ltr'><em>miseria</em></span> <span class='ocrx_word' id='word_1_198' title='bbox 675 1509 882 1555; x_wconf 79' lang='lat' dir='ltr'><em>devitatur,</em></span> <span class='ocrx_word' id='word_1_199' title='bbox 928 1508 1140 1558; x_wconf 87' lang='lat' dir='ltr'><em>opitulante</em></span> <span class='ocrx_word' id='word_1_200' title='bbox 1179 1521 1220 1544; x_wconf 92' lang='lat' dir='ltr'><em>eo</em></span> <span class='ocrx_word' id='word_1_201' title='bbox 1260 1509 1323 1557; x_wconf 83' lang='lat' dir='ltr'><em>qui</em></span> <span class='ocrx_word' id='word_1_202' title='bbox 1361 1509 1433 1544; x_wconf 90' lang='lat' dir='ltr'><em>ait:</em></span> <span class='ocrx_word' id='word_1_203' title='bbox 1478 1508 1794 1545; x_wconf 78' lang='lat' dir='ltr'><em>Misericordiam</em></span> 
     </span>
     <span class='ocr_line' id='line_1_31' title="bbox 475 1566 1796 1618; baseline -0.001 -15"><span class='ocrx_word' id='word_1_204' title='bbox 475 1567 560 1603; x_wconf 78' lang='lat' dir='ltr'><em>volo</em></span> <span class='ocrx_word' id='word_1_205' title='bbox 600 1567 728 1618; x_wconf 74' lang='lat' dir='ltr'><em>magis</em></span> <span class='ocrx_word' id='word_1_206' title='bbox 766 1579 879 1615; x_wconf 83' lang='lat' dir='ltr'><em>quam</em></span> <span class='ocrx_word' id='word_1_207' title='bbox 919 1567 1176 1617; x_wconf 83' lang='lat' dir='ltr'><em>sacrificium:</em></span> <span class='ocrx_word' id='word_1_208' title='bbox 1220 1567 1333 1603; x_wconf 84' lang='lat' dir='ltr'><em>Beati</em></span> <span class='ocrx_word' id='word_1_209' title='bbox 1374 1579 1471 1616; x_wconf 69' lang='lat' dir='ltr'><em>ergo</em></span> <span class='ocrx_word' id='word_1_210' title='bbox 1509 1566 1796 1613; x_wconf 79' lang='lat' dir='ltr'><em>misericordes,</em></span> 
     </span>
     <span class='ocr_line' id='line_1_32' title="bbox 474 1623 1794 1675; baseline -0.001 -14"><span class='ocrx_word' id='word_1_211' title='bbox 474 1625 561 1674; x_wconf 80' lang='lat' dir='ltr'><em>quia</em></span> <span class='ocrx_word' id='word_1_212' title='bbox 596 1626 768 1675; x_wconf 86' lang='lat' dir='ltr'><em>ipsorum</em></span> <span class='ocrx_word' id='word_1_213' title='bbox 804 1625 1051 1661; x_wconf 80' lang='lat' dir='ltr'><em>miserebitur</em></span> <span class='ocrx_word' id='word_1_214' title='bbox 1076 1624 1251 1660; x_wconf 80' lang='lat' dir='ltr'><em>dominus</em></span> <span class='ocrx_word' id='word_1_215' title='bbox 1277 1626 1391 1660; x_wconf 82' lang='lat' dir='ltr'><em>Deus.</em></span> <span class='ocrx_word' id='word_1_216' title='bbox 1430 1626 1512 1660; x_wconf 84' lang='lat' dir='ltr'><em>Hee</em></span> <span class='ocrx_word' id='word_1_217' title='bbox 1535 1623 1794 1672; x_wconf 81' lang='lat' dir='ltr'><em>Augustinus.</em></span> 
     </span>
     <span class='ocr_line' id='line_1_33' title="bbox 534 1682 1796 1731; baseline -0.001 -12"><span class='ocrx_word' id='word_1_218' title='bbox 534 1685 616 1719; x_wconf 86' lang='lat' dir='ltr'><em>Hec</em></span> <span class='ocrx_word' id='word_1_219' title='bbox 640 1682 852 1731; x_wconf 78' lang='lat' dir='ltr'><em>Augustini</em></span> <span class='ocrx_word' id='word_1_220' title='bbox 887 1682 1093 1719; x_wconf 79' lang='lat' dir='ltr'><em>sentencia</em></span> <span class='ocrx_word' id='word_1_221' title='bbox 1128 1682 1219 1719; x_wconf 78' lang='lat' dir='ltr'><em>licet</em></span> <span class='ocrx_word' id='word_1_222' title='bbox 1238 1683 1421 1719; x_wconf 81' lang='lat' dir='ltr'><em>videatur</em></span> <span class='ocrx_word' id='word_1_223' title='bbox 1445 1682 1686 1730; x_wconf 78' lang='lat' dir='ltr'><em>quibusdam</em></span> <span class='ocrx_word' id='word_1_224' title='bbox 1712 1694 1796 1718; x_wconf 84' lang='lat' dir='ltr'><em>esse</em></span> 
     </span>
     <span class='ocr_line' id='line_1_34' title="bbox 476 1739 1852 1789; baseline -0.002 -12"><span class='ocrx_word' id='word_1_225' title='bbox 476 1740 748 1789; x_wconf 80' lang='lat' dir='ltr'><em>dispendiosa,</em></span> <span class='ocrx_word' id='word_1_226' title='bbox 765 1750 900 1777; x_wconf 83' lang='lat' dir='ltr'><em>tamen</em></span> <span class='ocrx_word' id='word_1_227' title='bbox 918 1739 1059 1777; x_wconf 87' lang='lat' dir='ltr'><em>incutit</em></span> <span class='ocrx_word' id='word_1_228' title='bbox 1080 1741 1319 1788; x_wconf 79' lang='lat' dir='ltr'><em>quibusdam</em></span> <span class='ocrx_word' id='word_1_229' title='bbox 1345 1752 1524 1776; x_wconf 80' lang='lat' dir='ltr'><em>amorem</em></span> <span class='ocrx_word' id='word_1_230' title='bbox 1551 1749 1588 1777; x_wconf 85' lang='lat' dir='ltr'><em>et</em></span> <span class='ocrx_word' id='word_1_231' title='bbox 1606 1740 1794 1777; x_wconf 83' lang='lat' dir='ltr'><em>timorem</em></span> <span class='ocrx_word' id='word_1_232' title='bbox 1813 1744 1852 1775; x_wconf 82' lang='lat'><em>25</em></span> 
     </span>
     <span class='ocr_line' id='line_1_35' title="bbox 476 1798 1795 1847; baseline -0.001 -12"><span class='ocrx_word' id='word_1_233' title='bbox 476 1798 572 1847; x_wconf 85' lang='lat' dir='ltr'><em>legis</em></span> <span class='ocrx_word' id='word_1_234' title='bbox 606 1798 783 1845; x_wconf 78' lang='lat' dir='ltr'><em>Domini,</em></span> <span class='ocrx_word' id='word_1_235' title='bbox 827 1811 915 1834; x_wconf 87' lang='lat' dir='ltr'><em>cum</em></span> <span class='ocrx_word' id='word_1_236' title='bbox 952 1808 1032 1834; x_wconf 78' lang='lat' dir='ltr'><em>tam</em></span> <span class='ocrx_word' id='word_1_237' title='bbox 1070 1811 1238 1846; x_wconf 80' lang='lat' dir='ltr'><em>magnus</em></span> <span class='ocrx_word' id='word_1_238' title='bbox 1273 1800 1393 1834; x_wconf 86' lang='lat' dir='ltr'><em>homo</em></span> <span class='ocrx_word' id='word_1_239' title='bbox 1426 1798 1560 1835; x_wconf 82' lang='lat' dir='ltr'><em>timuit</em></span> <span class='ocrx_word' id='word_1_240' title='bbox 1592 1807 1673 1834; x_wconf 81' lang='lat' dir='ltr'><em>tam</em></span> <span class='ocrx_word' id='word_1_241' title='bbox 1708 1811 1795 1846; x_wconf 84' lang='lat' dir='ltr'><em>per-</em></span> 
     </span>
     <span class='ocr_line' id='line_1_36' title="bbox 476 1856 1793 1904; baseline -0.001 -11"><span class='ocrx_word' id='word_1_242' title='bbox 476 1857 660 1893; x_wconf 78' lang='lat' dir='ltr'><em>tinaciter</em></span> <span class='ocrx_word' id='word_1_243' title='bbox 700 1869 876 1893; x_wconf 80' lang='lat' dir='ltr'><em>asserere</em></span> <span class='ocrx_word' id='word_1_244' title='bbox 916 1858 1024 1904; x_wconf 84' lang='lat' dir='ltr'><em>quod</em></span> <span class='ocrx_word' id='word_1_245' title='bbox 1065 1856 1264 1904; x_wconf 76' lang='lat' dir='ltr'><em>ignoravit</em></span> <span class='ocrx_word' id='word_1_246' title='bbox 1304 1856 1499 1892; x_wconf 83' lang='lat' dir='ltr'><em>Dominus</em></span> <span class='ocrx_word' id='word_1_247' title='bbox 1540 1856 1793 1893; x_wconf 80' lang='lat' dir='ltr'><em>confirmare.</em></span> 
     </span>
    </p>
   </div>
   <div class='ocr_carea' id='block_1_5' title="bbox 982 1993 1307 2034">
    <p class='ocr_par' dir='ltr' id='par_1_5' title="bbox 982 1993 1307 2034">
     <span class='ocr_line' id='line_1_37' title="bbox 982 1993 1307 2034; baseline -0.003 -1"><span class='ocrx_word' id='word_1_248' title='bbox 982 1994 1121 2034; x_wconf 82' lang='lat' dir='ltr'><em>CAP.</em></span> <span class='ocrx_word' id='word_1_249' title='bbox 1154 1993 1307 2033; x_wconf 67' lang='lat' dir='ltr'><em>LXH.</em></span> 
     </span>
    </p>
   </div>
   <div class='ocr_carea' id='block_1_6' title="bbox 476 2088 1854 2544">
    <p class='ocr_par' dir='ltr' id='par_1_6' title="bbox 476 2088 1854 2544">
     <span class='ocr_line' id='line_1_38' title="bbox 536 2088 1796 2137; baseline -0.001 -12"><span class='ocrx_word' id='word_1_250' title='bbox 536 2089 806 2126; x_wconf 81' lang='lat' dir='ltr'><em>Crisostomus</em></span> <span class='ocrx_word' id='word_1_251' title='bbox 837 2098 969 2125; x_wconf 76' lang='lat' dir='ltr'><em>autem</em></span> <span class='ocrx_word' id='word_1_252' title='bbox 1002 2102 1121 2137; x_wconf 81' lang='lat' dir='ltr'><em>super</em></span> <span class='ocrx_word' id='word_1_253' title='bbox 1145 2089 1220 2125; x_wconf 85' lang='lat' dir='ltr'><em>isto</em></span> <span class='ocrx_word' id='word_1_254' title='bbox 1244 2098 1351 2125; x_wconf 77' lang='lat' dir='ltr'><em>textu</em></span> <span class='ocrx_word' id='word_1_255' title='bbox 1376 2089 1430 2125; x_wconf 67' lang='lat' dir='ltr'><em>sic</em></span> <span class='ocrx_word' id='word_1_256' title='bbox 1464 2088 1660 2137; x_wconf 81' lang='lat' dir='ltr'><em>loquitur:</em></span> <span class='ocrx_word' id='word_1_257' title='bbox 1696 2089 1796 2124; x_wconf 79' lang='lat' dir='ltr'><em>Ecce</em></span> 
     </span>
     <span class='ocr_line' id='line_1_39' title="bbox 476 2147 1854 2197; baseline -0.001 -14"><span class='ocrx_word' id='word_1_258' title='bbox 476 2155 628 2184; x_wconf 70' lang='lat' dir='ltr'><em>sextum</em></span> <span class='ocrx_word' id='word_1_259' title='bbox 654 2155 688 2182; x_wconf 89' lang='lat' dir='ltr'><em>et</em></span> <span class='ocrx_word' id='word_1_260' title='bbox 710 2147 915 2196; x_wconf 88' lang='lat' dir='ltr'><em>septimum</em></span> <span class='ocrx_word' id='word_1_261' title='bbox 940 2148 1167 2183; x_wconf 88' lang='lat' dir='ltr'><em>mandatum</em></span> <span class='ocrx_word' id='word_1_262' title='bbox 1192 2147 1318 2197; x_wconf 63' lang='lat' dir='ltr'><em>legem</em></span> <span class='ocrx_word' id='word_1_263' title='bbox 1342 2147 1573 2196; x_wconf 78' lang='lat' dir='ltr'><em>adimplens,</em></span> <span class='ocrx_word' id='word_1_264' title='bbox 1597 2147 1793 2182; x_wconf 85' lang='lat' dir='ltr'><em>minimum</em></span> <span class='ocrx_word' id='word_1_265' title='bbox 1813 2150 1854 2182; x_wconf 72' lang='lat'><em>30</em></span> 
     </span>
     <span class='ocr_line' id='line_1_40' title="bbox 476 2204 1793 2254; baseline -0.002 -13"><span class='ocrx_word' id='word_1_266' title='bbox 476 2206 581 2254; x_wconf 87' lang='lat' dir='ltr'><em>apud</em></span> <span class='ocrx_word' id='word_1_267' title='bbox 615 2205 786 2241; x_wconf 79' lang='lat' dir='ltr'><em>homiues</em></span> <span class='ocrx_word' id='word_1_268' title='bbox 819 2205 980 2241; x_wconf 82' lang='lat' dir='ltr'><em>odibiles</em></span> <span class='ocrx_word' id='word_1_269' title='bbox 1013 2213 1046 2240; x_wconf 88' lang='lat' dir='ltr'><em>et</em></span> <span class='ocrx_word' id='word_1_270' title='bbox 1089 2205 1249 2241; x_wconf 80' lang='lat' dir='ltr'><em>invicem</em></span> <span class='ocrx_word' id='word_1_271' title='bbox 1291 2205 1460 2241; x_wconf 87' lang='lat' dir='ltr'><em>odientes</em></span> <span class='ocrx_word' id='word_1_272' title='bbox 1498 2204 1562 2253; x_wconf 85' lang='lat' dir='ltr'><em>qui</em></span> <span class='ocrx_word' id='word_1_273' title='bbox 1598 2204 1793 2240; x_wconf 87' lang='lat' dir='ltr'><em>inimicum</em></span> 
     </span>
     <span class='ocr_line' id='line_1_41' title="bbox 477 2263 1790 2312; baseline -0.001 -14"><span class='ocrx_word' id='word_1_274' title='bbox 477 2264 587 2299; x_wconf 88' lang='lat' dir='ltr'><em>odire</em></span> <span class='ocrx_word' id='word_1_275' title='bbox 626 2264 763 2299; x_wconf 88' lang='lat' dir='ltr'><em>debere</em></span> <span class='ocrx_word' id='word_1_276' title='bbox 802 2263 979 2312; x_wconf 82' lang='lat' dir='ltr'><em>improba</em></span> <span class='ocrx_word' id='word_1_277' title='bbox 1020 2275 1109 2299; x_wconf 74' lang='lat' dir='ltr'><em>voce</em></span> <span class='ocrx_word' id='word_1_278' title='bbox 1144 2263 1406 2312; x_wconf 86' lang='lat' dir='ltr'><em>pronunciare</em></span> <span class='ocrx_word' id='word_1_279' title='bbox 1444 2275 1516 2298; x_wconf 90' lang='lat' dir='ltr'><em>non</em></span> <span class='ocrx_word' id='word_1_280' title='bbox 1555 2263 1790 2299; x_wconf 81' lang='lat' dir='ltr'><em>erubescunt.</em></span> 
     </span>
     <span class='ocr_line' id='line_1_42' title="bbox 483 2320 1792 2369; baseline -0.001 -13"><span class='ocrx_word' id='word_1_281' title='bbox 483 2321 597 2365; x_wconf 79' lang='lat' dir='ltr'><em>Quod</em></span> <span class='ocrx_word' id='word_1_282' title='bbox 627 2321 661 2357; x_wconf 93' lang='lat' dir='ltr'><em>si</em></span> <span class='ocrx_word' id='word_1_283' title='bbox 692 2321 831 2357; x_wconf 83' lang='lat' dir='ltr'><em>iustum</em></span> <span class='ocrx_word' id='word_1_284' title='bbox 857 2321 1004 2369; x_wconf 88' lang='lat' dir='ltr'><em>fuisset</em></span> <span class='ocrx_word' id='word_1_285' title='bbox 1037 2321 1209 2357; x_wconf 81' lang='lat' dir='ltr'><em>inimicos</em></span> <span class='ocrx_word' id='word_1_286' title='bbox 1241 2321 1363 2365; x_wconf 85' lang='lat' dir='ltr'><em>odire,</em></span> <span class='ocrx_word' id='word_1_287' title='bbox 1396 2321 1501 2356; x_wconf 87' lang='lat' dir='ltr'><em>Deus</em></span> <span class='ocrx_word' id='word_1_288' title='bbox 1533 2327 1568 2356; x_wconf 90' lang='lat' dir='ltr'><em>te</em></span> <span class='ocrx_word' id='word_1_289' title='bbox 1599 2320 1792 2356; x_wconf 83' lang='lat' dir='ltr'><em>inimicum</em></span> 
     </span>
     <span class='ocr_line' id='line_1_43' title="bbox 477 2379 1791 2429; baseline -0.001 -15"><span class='ocrx_word' id='word_1_290' title='bbox 477 2391 526 2415; x_wconf 73' lang='lat' dir='ltr'><em>ex</em></span> <span class='ocrx_word' id='word_1_291' title='bbox 569 2379 748 2429; x_wconf 78' lang='lat' dir='ltr'><em>gentibus</em></span> <span class='ocrx_word' id='word_1_292' title='bbox 792 2391 982 2427; x_wconf 79' lang='lat' dir='ltr'><em>nunquam</em></span> <span class='ocrx_word' id='word_1_293' title='bbox 1027 2379 1254 2427; x_wconf 82' lang='lat' dir='ltr'><em>suscepisset</em></span> <span class='ocrx_word' id='word_1_294' title='bbox 1299 2379 1335 2413; x_wconf 85' lang='lat' dir='ltr'><em>in</em></span> <span class='ocrx_word' id='word_1_295' title='bbox 1379 2391 1487 2414; x_wconf 83' lang='lat' dir='ltr'><em>suam</em></span> <span class='ocrx_word' id='word_1_296' title='bbox 1535 2379 1791 2414; x_wconf 85' lang='lat' dir='ltr'><em>dileccionem.</em></span> 
     </span>
     <span class='ocr_line' id='line_1_44' title="bbox 477 2436 1849 2486; baseline -0.001 -14"><span class='ocrx_word' id='word_1_297' title='bbox 477 2437 546 2473; x_wconf 89' lang='lat' dir='ltr'><em>Ille</em></span> <span class='ocrx_word' id='word_1_298' title='bbox 573 2449 648 2486; x_wconf 92' lang='lat' dir='ltr'><em>pro</em></span> <span class='ocrx_word' id='word_1_299' title='bbox 682 2444 716 2472; x_wconf 90' lang='lat' dir='ltr'><em>te</em></span> <span class='ocrx_word' id='word_1_300' title='bbox 749 2444 783 2472; x_wconf 87' lang='lat' dir='ltr'><em>et</em></span> <span class='ocrx_word' id='word_1_301' title='bbox 803 2436 934 2486; x_wconf 87' lang='lat' dir='ltr'><em>filium</em></span> <span class='ocrx_word' id='word_1_302' title='bbox 969 2449 1078 2472; x_wconf 88' lang='lat' dir='ltr'><em>suum</em></span> <span class='ocrx_word' id='word_1_303' title='bbox 1109 2448 1183 2485; x_wconf 85' lang='lat' dir='ltr'><em>per</em></span> <span class='ocrx_word' id='word_1_304' title='bbox 1229 2437 1354 2472; x_wconf 89' lang='lat' dir='ltr'><em>omnia</em></span> <span class='ocrx_word' id='word_1_305' title='bbox 1396 2437 1563 2471; x_wconf 83' lang='lat' dir='ltr'><em>humana</em></span> <span class='ocrx_word' id='word_1_306' title='bbox 1598 2436 1793 2484; x_wconf 84' lang='lat' dir='ltr'><em>passionis</em></span> <span class='ocrx_word' id='word_1_307' title='bbox 1810 2439 1849 2471; x_wconf 79' lang='lat'><em>35</em></span> 
     </span>
     <span class='ocr_line' id='line_1_45' title="bbox 476 2494 1791 2544; baseline -0.002 -14"><span class='ocrx_word' id='word_1_308' title='bbox 476 2495 695 2544; x_wconf 80' lang='lat' dir='ltr'><em>opprobriis</em></span> <span class='ocrx_word' id='word_1_309' title='bbox 739 2494 903 2529; x_wconf 84' lang='lat' dir='ltr'><em>tradidit</em></span> <span class='ocrx_word' id='word_1_310' title='bbox 943 2506 1059 2542; x_wconf 84' lang='lat' dir='ltr'><em>usque</em></span> <span class='ocrx_word' id='word_1_311' title='bbox 1097 2495 1149 2529; x_wconf 92' lang='lat' dir='ltr'><em>ad</em></span> <span class='ocrx_word' id='word_1_312' title='bbox 1190 2501 1366 2541; x_wconf 86' lang='lat' dir='ltr'><em>mortem,</em></span> <span class='ocrx_word' id='word_1_313' title='bbox 1412 2494 1475 2530; x_wconf 88' lang='lat' dir='ltr'><em>ille</em></span> <span class='ocrx_word' id='word_1_314' title='bbox 1518 2501 1553 2529; x_wconf 89' lang='lat' dir='ltr'><em>te</em></span> <span class='ocrx_word' id='word_1_315' title='bbox 1597 2494 1791 2529; x_wconf 85' lang='lat' dir='ltr'><em>inimicum</em></span> 
     </span>
    </p>
   </div>
   <div class='ocr_carea' id='block_1_7' title="bbox 477 2639 1792 2702">
    <p class='ocr_par' dir='ltr' id='par_1_7' title="bbox 477 2639 1792 2702">
     <span class='ocr_line' id='line_1_46' title="bbox 547 2639 1791 2674; baseline -0.001 -7"><span class='ocrx_word' id='word_1_316' title='bbox 547 2649 566 2667; x_wconf 92' lang='lat'><em>1.</em></span> <span class='ocrx_word' id='word_1_317' title='bbox 579 2641 615 2667; x_wconf 78' lang='lat' dir='ltr'><em>B:</em></span> <span class='ocrx_word' id='word_1_318' title='bbox 630 2640 768 2667; x_wconf 82' lang='lat' dir='ltr'><em>volimus.</em></span> <span class='ocrx_word' id='word_1_319' title='bbox 826 2640 852 2673; x_wconf 69' lang='grc' dir='ltr'><em>δ’,</em></span> <span class='ocrx_word' id='word_1_320' title='bbox 864 2648 891 2673; x_wconf 67' lang='grc' dir='ltr'><em>ς).</em></span> <span class='ocrx_word' id='word_1_321' title='bbox 903 2641 927 2666; x_wconf 75' lang='grc' dir='ltr'>Α</span> <span class='ocrx_word' id='word_1_322' title='bbox 942 2650 946 2666; x_wconf 87' lang='grc'>;</span> <span class='ocrx_word' id='word_1_323' title='bbox 959 2640 1143 2666; x_wconf 73' lang='lat' dir='ltr'><em>scribitur—</em></span> <span class='ocrx_word' id='word_1_324' title='bbox 1156 2640 1259 2666; x_wconf 86' lang='lat' dir='ltr'><em>omnia</em></span> <span class='ocrx_word' id='word_1_325' title='bbox 1273 2640 1365 2667; x_wconf 76' lang='lat' dir='ltr'><em>deest.</em></span> <span class='ocrx_word' id='word_1_326' title='bbox 1424 2648 1451 2674; x_wconf 86' lang='lat'><em>9.</em></span> <span class='ocrx_word' id='word_1_327' title='bbox 1463 2640 1483 2667; x_wconf 79' lang='grc' dir='ltr'>Β</span> <span class='ocrx_word' id='word_1_328' title='bbox 1495 2649 1499 2666; x_wconf 93' lang='lat'>:</span> <span class='ocrx_word' id='word_1_329' title='bbox 1513 2639 1675 2666; x_wconf 75' lang='lat' dir='ltr'><em>mirabitur</em></span> <span class='ocrx_word' id='word_1_330' title='bbox 1686 2642 1719 2666; x_wconf 82' lang='lat' dir='ltr'><em>ut</em></span> <span class='ocrx_word' id='word_1_331' title='bbox 1728 2639 1791 2673; x_wconf 79' lang='lat' dir='ltr'><em>ltic;</em></span> 
     </span>
     <span class='ocr_line' id='line_1_47' title="bbox 477 2674 1792 2702; baseline 0 -1"><span class='ocrx_word' id='word_1_332' title='bbox 477 2675 513 2701; x_wconf 81' lang='lat' dir='ltr'><em>ib.</em></span> <span class='ocrx_word' id='word_1_333' title='bbox 545 2676 589 2702; x_wconf 84' lang='lat' dir='ltr'><em>A:</em></span> <span class='ocrx_word' id='word_1_334' title='bbox 623 2674 876 2701; x_wconf 82' lang='lat' dir='ltr'><em>admonerentur.</em></span> <span class='ocrx_word' id='word_1_335' title='bbox 912 2674 1028 2701; x_wconf 82' lang='lat' dir='ltr'><em>Codd.:</em></span> <span class='ocrx_word' id='word_1_336' title='bbox 1084 2677 1178 2701; x_wconf 79' lang='lat' dir='ltr'><em>nanta</em></span> <span class='ocrx_word' id='word_1_337' title='bbox 1207 2674 1389 2701; x_wconf 78' lang='lat' dir='ltr'><em>libertatem.</em></span> <span class='ocrx_word' id='word_1_338' title='bbox 1500 2682 1537 2702; x_wconf 85' lang='lat'><em>12.</em></span> <span class='ocrx_word' id='word_1_339' title='bbox 1567 2675 1611 2701; x_wconf 92' lang='lat' dir='ltr'><em>A:</em></span> <span class='ocrx_word' id='word_1_340' title='bbox 1648 2674 1792 2701; x_wconf 68' lang='lat' dir='ltr'><em>iniurias.</em></span> 
     </span>
    </p>
   </div>
   <div class='ocr_carea' id='block_1_8' title="bbox 451 2708 1794 2778">
    <p class='ocr_par' dir='ltr' id='par_1_8' title="bbox 451 2708 1794 2778">
     <span class='ocr_line' id='line_1_48' title="bbox 451 2708 1794 2744; baseline -0.001 -8"><span class='ocrx_word' id='word_1_341' title='bbox 451 2736 453 2739; x_wconf 84' lang='grc'><em>,</em></span> <span class='ocrx_word' id='word_1_342' title='bbox 478 2709 521 2736; x_wconf 71' lang='lat'><em>2‘3.</em></span> <span class='ocrx_word' id='word_1_343' title='bbox 550 2711 576 2736; x_wconf 89' lang='lat' dir='ltr'><strong>A</strong></span> <span class='ocrx_word' id='word_1_344' title='bbox 599 2710 626 2736; x_wconf 80' lang='lat' dir='ltr'><em>iu</em></span> <span class='ocrx_word' id='word_1_345' title='bbox 650 2717 736 2743; x_wconf 75' lang='lat' dir='ltr'><em>marg</em></span> <span class='ocrx_word' id='word_1_346' title='bbox 758 2719 763 2736; x_wconf 77' lang='lat' dir='ltr'>z</span> <span class='ocrx_word' id='word_1_347' title='bbox 790 2708 957 2736; x_wconf 79' lang='lat' dir='ltr'><em>Jolzanues.</em></span> <span class='ocrx_word' id='word_1_348' title='bbox 1049 2716 1062 2735; x_wconf 82' lang='lat'><strong>2</strong></span> <span class='ocrx_word' id='word_1_349' title='bbox 1086 2730 1090 2734; x_wconf 95' lang='lat'><em>.</em></span> <span class='ocrx_word' id='word_1_350' title='bbox 1114 2709 1151 2735; x_wconf 67' lang='lat'><em>13:</em></span> <span class='ocrx_word' id='word_1_351' title='bbox 1173 2712 1283 2736; x_wconf 77' lang='lat' dir='ltr'><em>tamen.</em></span> <span class='ocrx_word' id='word_1_352' title='bbox 1370 2708 1411 2743; x_wconf 82' lang='lat'><em>35,</em></span> <span class='ocrx_word' id='word_1_353' title='bbox 1434 2708 1479 2736; x_wconf 72' lang='lat'><em>36.</em></span> <span class='ocrx_word' id='word_1_354' title='bbox 1502 2709 1619 2736; x_wconf 77' lang='lat' dir='ltr'><em>Codd.:</em></span> <span class='ocrx_word' id='word_1_355' title='bbox 1636 2716 1697 2744; x_wconf 82' lang='lat' dir='ltr'><em>pro</em></span> <span class='ocrx_word' id='word_1_356' title='bbox 1718 2712 1746 2736; x_wconf 86' lang='lat' dir='ltr'><em>te</em></span> <span class='ocrx_word' id='word_1_357' title='bbox 1765 2711 1794 2735; x_wconf 82' lang='lat' dir='ltr'><em>et</em></span> 
     </span>
     <span class='ocr_line' id='line_1_49' title="bbox 467 2743 1034 2778; baseline 0 -8"><span class='ocrx_word' id='word_1_358' title='bbox 467 2744 571 2778; x_wconf 78' lang='lat' dir='ltr'><em>silium</em></span> <span class='ocrx_word' id='word_1_359' title='bbox 592 2760 619 2763; x_wconf 86' lang='lat'>-</span> <span class='ocrx_word' id='word_1_360' title='bbox 646 2746 775 2770; x_wconf 81' lang='lat' dir='ltr'><em>morlem</em></span> <span class='ocrx_word' id='word_1_361' title='bbox 792 2744 875 2770; x_wconf 51' lang='lat' dir='ltr'><em>deest</em></span> <span class='ocrx_word' id='word_1_362' title='bbox 907 2743 1034 2770; x_wconf 81' lang='lat' dir='ltr'><em>Addidi.</em></span> 
     </span>
    </p>
   </div>
   <div class='ocr_carea' id='block_1_9' title="bbox 480 2814 1791 2905">
    <p class='ocr_par' dir='ltr' id='par_1_9' title="bbox 480 2814 1791 2905">
     <span class='ocr_line' id='line_1_50' title="bbox 547 2814 1791 2857; baseline 0.001 -12"><span class='ocrx_word' id='word_1_363' title='bbox 547 2826 577 2857; x_wconf 87' lang='lat'><em>7.</em></span> <span class='ocrx_word' id='word_1_364' title='bbox 606 2816 690 2846; x_wconf 65' lang='lat' dir='ltr'><em>Gen.</em></span> <span class='ocrx_word' id='word_1_365' title='bbox 720 2816 740 2855; x_wconf 75' lang='grc' dir='ltr'><em>Ι,</em></span> <span class='ocrx_word' id='word_1_366' title='bbox 782 2814 828 2845; x_wconf 62' lang='lat'><em>1⁴3.</em></span> <span class='ocrx_word' id='word_1_367' title='bbox 976 2826 1029 2846; x_wconf 81' lang='lat'><em>21.</em></span> <span class='ocrx_word' id='word_1_368' title='bbox 1063 2817 1176 2847; x_wconf 74' lang='lat' dir='ltr'><em>Oscae</em></span> <span class='ocrx_word' id='word_1_369' title='bbox 1207 2816 1259 2855; x_wconf 74' lang='lat' dir='ltr'><em>Vt,</em></span> <span class='ocrx_word' id='word_1_370' title='bbox 1287 2820 1316 2847; x_wconf 75' lang='grc' dir='ltr'><em>ο.</em></span> <span class='ocrx_word' id='word_1_371' title='bbox 1462 2825 1514 2847; x_wconf 75' lang='lat'><em>22.</em></span> <span class='ocrx_word' id='word_1_372' title='bbox 1543 2814 1659 2847; x_wconf 82' lang='lat' dir='ltr'><em>Matth.</em></span> <span class='ocrx_word' id='word_1_373' title='bbox 1688 2816 1727 2855; x_wconf 86' lang='lat' dir='ltr'><em>V,</em></span> <span class='ocrx_word' id='word_1_374' title='bbox 1761 2826 1791 2856; x_wconf 82' lang='lat'><em>7.</em></span> 
     </span>
     <span class='ocr_line' id='line_1_51' title="bbox 480 2862 1015 2905; baseline 0.004 -13"><span class='ocrx_word' id='word_1_375' title='bbox 480 2872 529 2905; x_wconf 31' lang='lat'><em>21...</em></span> <span class='ocrx_word' id='word_1_376' title='bbox 559 2863 623 2905; x_wconf 65' lang='lat' dir='ltr'><em>Op.</em></span> <span class='ocrx_word' id='word_1_377' title='bbox 654 2862 749 2905; x_wconf 45' lang='lat' dir='ltr'><em>Imp„</em></span> <span class='ocrx_word' id='word_1_378' title='bbox 779 2863 796 2892; x_wconf 96' lang='grc' dir='ltr'><em>Ι.</em></span> <span class='ocrx_word' id='word_1_379' title='bbox 824 2873 850 2892; x_wconf 84' lang='lat' dir='ltr'><em>c.</em></span> <span class='ocrx_word' id='word_1_380' title='bbox 881 2872 911 2904; x_wconf 71' lang='lat' dir='ltr'><em>p.</em></span> <span class='ocrx_word' id='word_1_381' title='bbox 938 2863 1015 2894; x_wconf 60' lang='lat'><em>803.</em></span> 
     </span>
    </p>
   </div>
  </div>
 </body>
</html>
