2003 3322
191 240 279 268 cAr’.
299 231 425 284 xvni]
702 243 841 273 PRlMA
868 242 993 273 PARs.
1739 237 1786 281 57

191 350 344 395 habens,
377 356 411 384 et
443 356 498 384 est
525 361 677 397 pauper
709 348 743 383 in
777 349 906 384 multis
940 349 1107 393 diviciis‚·
1148 361 1301 397 pauper
1333 362 1430 399 ergo
1463 350 1498 385 in

191 407 321 442 multis
354 406 501 442 diviciis
533 413 587 442 est
620 406 724 441 dives
763 406 917 441 humilis
954 406 1093 455 spiritu
1132 413 1166 442 et
1204 406 1321 441 nichil
1359 407 1500 443 habens

191 465 300 513 quasi
337 464 442 500 dives
480 471 534 500 est
561 476 714 513 pauper
750 464 939 512 superbus
975 465 1112 513 affectu
1156 464 1303 499 mentis.
1352 465 1501 500 Nobilis

191 534 287 572 ergo
321 522 446 571 inopia
480 529 535 557 est
568 522 702 557 mentis
735 522 949 568 humilitas,
990 529 1024 557 et
1069 522 1191 571 inepte
1236 522 1372 557 divicie
1414 530 1501 558 sunt

72 581 153 623 359d
191 593 343 616 morum
372 575 376 632 Ι
406 580 626 616 enormitas.
681 580 968 615 Providendum
1015 592 1111 630 ergo
1150 580 1388 628 pauperihus
1433 588 1499 626 est,

191 645 231 673 ut
266 638 489 686 semetipsos
528 638 659 686 quales
696 638 771 673 sint
815 638 1033 687 intelligant
1066 645 1100 673 et
1132 637 1234 686 quod
1266 638 1379 673 rebus
1412 650 1499 673 con-

189 696 296 743 sequi
326 707 397 731 non
431 695 570 739 valent,
604 696 739 731 meritis
771 702 922 731 tumore
953 695 1154 744 superbire
1187 695 1371 731 desinant.

248 755 296 789 Et
327 762 436 800 patet
469 754 673 801 quomodo
707 753 900 789 excessive
939 753 1080 790 divicie
1120 762 1211 789 sunt
1250 752 1410 789 inutiles
1450 755 1499 790 ad

191 810 478 847 beatitudinem
531 811 836 859 adquirendam,
891 811 1057 847 materia
1110 811 1418 847 contencionum
1465 819 1502 847 et

138 882 175 902 10
191 868 364 905 aliorum
406 868 618 905 criminum
659 877 696 905 et
734 869 944 905 inhoneste
989 877 1158 905 onerant
1201 868 1388 905 viatores.
1442 871 1500 905 ln-

191 927 356 963 honeste
390 926 492 973 dico,
526 926 620 974 quia
653 928 872 963 secundum
898 927 1017 963 fidem
1050 926 1247 974 scripture
1279 936 1371 963 sunt
1404 936 1500 963 ster-

192 997 284 1021 cora
318 996 393 1033 que
426 997 518 1021 suos
552 993 752 1021 amatores
786 985 1017 1033 deprimunt
1051 986 1100 1022 ad
1133 984 1345 1021 infernum.

670 1108 808 1150 CAP.
839 1108 1026 1149 XVIII.

249 1218 299 1253 Ut
337 1216 412 1253 ista
453 1216 621 1253 materia
661 1225 824 1264 propter
869 1216 951 1253 eius
996 1217 1168 1253 fructum
1217 1216 1284 1252 fiat
1329 1216 1499 1264 planior,
1515 1223 1569 1251 Sin
1590 1222 1790 1261 isthecause

138 1277 171 1309 15
191 1283 248 1310 est
279 1287 421 1322 parum
456 1274 627 1322 amplius
660 1274 876 1311 dilatanda.
931 1276 979 1310 Et
1017 1274 1149 1322 primo
1181 1273 1397 1310 videndum
1443 1283 1501 1310 est
1589 1259 1714 1285 oswar.

190 1334 298 1380 quod
322 1339 532 1380 peccatum
556 1344 645 1369 vere
668 1333 757 1380 paci
791 1332 1038 1369 contrarium
1070 1332 1244 1380 originat
1276 1332 1351 1368 ista
1383 1333 1500 1369 bella.

191 1391 268 1427 Sed
312 1392 488 1426 secundo
532 1390 747 1426 videndum
794 1399 850 1426 est
895 1390 982 1439 quis
1033 1399 1158 1426 status
1204 1389 1403 1426 viancium
1453 1389 1502 1426 sit

191 1461 311 1484 causa
352 1449 492 1484 horum
533 1449 728 1484 bellorum
769 1457 805 1484 et
842 1448 1010 1496 impedit
1042 1460 1177 1485 veram
1217 1460 1369 1496 pacem.
1426 1449 1501 1484 Pro

189 1506 320 1554 primo
352 1507 576 1542 notandum
607 1508 728 1554 quod,
762 1506 862 1542 sicut
886 1507 1028 1554 duplex
1062 1515 1118 1542 est
1150 1515 1293 1542 natura
1326 1505 1500 1542 hominis

134 1577 174 1597 20
190 1563 340 1600 scilicet
373 1564 552 1612 corporis
585 1573 621 1600 et
654 1563 829 1612 spiritus,
864 1564 919 1600 sic
952 1563 1359 1612 proposcionabiliter
1393 1576 1500 1600 com-

190 1621 288 1670 petit
321 1621 393 1658 sibi
428 1622 570 1670 duplex
604 1635 691 1669 pax,
743 1622 894 1658 scilicet
927 1622 1150 1670 corporalis
1183 1630 1220 1658 et
1260 1634 1335 1669 pax
1368 1621 1608 1668 animel‘eace
1630 1638 1655 1656 ιε,
1676 1631 1707 1656 01
1727 1633 1789 1668 two

192 1679 420 1727 spiritualis.
457 1681 535 1716 Pax
568 1688 700 1715 autem
736 1679 954 1728 corporalis
977 1689 1143 1716 vocatur
1166 1679 1394 1716 inturbacio
1423 1692 1500 1728 que
1538 1664 1773 1733 {huddss'pjbs‘j'ffiffls

192 1750 334 1785 corpus
367 1737 540 1773 hominis
574 1737 812 1774 intrinsecus
845 1738 1043 1774 molestat.
1097 1740 1145 1773 Et
1184 1738 1260 1774 ista
1299 1750 1373 1785 pax
1406 1737 1500 1786 quia

191 1795 386 1831 sensibilis
425 1804 481 1831 est
521 1808 543 1831 a
584 1795 719 1831 multis
751 1795 969 1832 viatoribus
1003 1795 1194 1844 appetita.
1241 1797 1318 1832 Pax
1364 1804 1498 1832 autem

135 1854 174 1887 25
192 1852 315 1889 animi
365 1861 421 1889 est
461 1853 605 1889 mentis
645 1853 915 1901 tranquillitas
960 1855 1092 1902 quoad
1133 1855 1272 1899 Deum,
1320 1862 1355 1890 et
1399 1853 1500 1889 sicut

193 1911 325 1947 anima
365 1919 421 1947 est
461 1911 602 1947 melior
640 1924 819 1959 corpore,
866 1911 922 1948 sic
966 1913 1038 1948 hec
1084 1924 1157 1959 pax
1196 1920 1253 1948 est
1297 1911 1499 1947 infinitum

194 1969 333 2005 melior
367 1982 486 2017 quam
520 1970 591 2005 hec
623 1969 765 2017 prima.
820 1971 867 2005 Et
906 1971 953 2006 de
991 1969 1058 2005 illa
1098 1982 1195 2017 pace
1232 1970 1389 2005 locutus
1428 1969 1502 2005 fuit

193 2026 386 2073 Christus,
420 2027 506 2063 Joh.
541 2028 638 2072 XIV,
679 2028 840 2075 quando
874 2040 1013 2075 pacem
1053 2027 1133 2063 suis
1173 2027 1378 2075 discipulis
1418 2036 1498 2063 tam
1525 2044 1672 2079 Spiritum
1696 2052 1785 2078 peace

194 2084 469 2132 multipliciter
501 2085 629 2121 fuerat
661 2085 919 2132 imprecatus.
969 2088 1046 2121 Ista
1085 2093 1217 2121 autem
1252 2098 1326 2133 pax
1361 2084 1501 2121 melior
1581 2079 1630 2105 1¹¹0
1652 2079 1729 2106 bess·

136 2145 177 2177 30
193 2151 269 2178 stat
303 2142 569 2179 communiter
603 2155 691 2179 curn
727 2143 1010 2190 persecucione
1050 2142 1230 2191 corporis
1263 2143 1326 2179 hic
1359 2143 1399 2178 in
1427 2142 1500 2179 via.

193 2200 257 2236 Sic
292 2200 395 2236 enim
432 2200 578 2237 Christi
618 2200 802 2248 discipuli
842 2202 1067 2237 habuerunt
1106 2201 1208 2237 hanc
1247 2213 1385 2248 pacem
1427 2213 1502 2248 que

193 2258 247 2294 eis
281 2258 366 2294 dari
399 2271 420 2293 a
452 2267 563 2295 tanto
597 2258 761 2294 domino
795 2260 1054 2305 consonabat,
1089 2268 1125 2294 et
1156 2267 1291 2294 tamen
1324 2271 1503 2294 commu-

192 2315 295 2351 niter
328 2328 453 2363 usque
487 2317 536 2352 ad
571 2324 739 2352 mortem
775 2317 931 2353 fuerant
965 2316 1178 2352 crudeliter
1212 2316 1423 2364 persecuti.
1457 2318 1504 2352 Et

193 2373 248 2409 sic
288 2382 417 2421 potest
461 2373 628 2421 intelligi
672 2374 869 2421 scriptura
909 2386 984 2422 que
1030 2373 1124 2410 dicit
1170 2375 1278 2422 quod
1323 2373 1503 2410 Christus

137 2432 323 2480 35pacem
358 2432 510 2480 reliquit
541 2432 620 2467 suis
654 2432 851 2480 discipulis
885 2435 941 2477 (ut
975 2440 1082 2479 patet
1103 2433 1190 2468 Joh.
1214 2433 1312 2478 XIV,
1348 2434 1432 2479 27),
1467 2440 1503 2468 et

194 2501 283 2524 cum
318 2489 411 2525 alibi
445 2488 541 2525 dicit
574 2491 681 2537 quod
714 2502 785 2525 non
820 2490 918 2525 venit
948 2502 1081 2538 pacem
1115 2490 1267 2525 mittere
1295 2490 1501 2525 interram

192 2547 261 2582 sed
273 2547 462 2597 gladium.
487 2547 604 2583 Tales
621 2555 753 2583 autem
780 2547 1111 2595 equivocaciones
1126 2556 1292 2595 propter
1307 2547 1503 2595 scripture

263 2726 300 2754 15.
321 2727 349 2753 A
369 2727 398 2753 iu
422 2734 534 2761 marg:
558 2734 579 2753 1,
653 2735 691 2760 17.
714 2729 739 2754 A
761 2728 789 2754 in
813 2735 926 2762 marg:
950 2735 977 2754 2.
1054 2728 1093 2755 18.
1113 2728 1184 2755 Ain
1202 2736 1315 2763 marg:
1331 2727 1500 2755 Joliannes.

194 2769 231 2788 21.
254 2763 295 2788 A:
318 2762 492 2796 corporalis
506 2770 574 2796 pax
593 2765 621 2788 el
638 2770 711 2797 pax.
785 2761 827 2789 23.
850 2763 887 2789 13:
909 2763 1096 2790 molestaret.

265 2855 317 2886 28.
342 2855 420 2887 Joh.
446 2856 533 2896 xlv,
562 2866 614 2897 27.
712 2855 764 2888 ¹³²6.
792 2856 910 2887 Matth.
936 2857 974 2896 X,
1005 2858 1057 2896 34.
