2003 3322
228 204 318 232 CAP.
341 192 422 245 XL]
741 205 881 236 PRIMA
909 205 1036 236 PARS,

227 324 355 348 aerem
404 324 593 358 numeres,
646 323 784 360 aquam
836 311 872 346 in
916 311 1090 356 terciam,
1144 317 1321 359 quartam
1373 317 1534 346 terram.

228 370 358 405 Potest
402 382 498 420 ergo
537 370 805 405 convenienter
849 369 975 405 videri
1017 368 1178 404 dictum:
1231 369 1365 404 Donec
1407 369 1537 405 solvas

228 427 472 463 novissimum
491 427 759 475 quadrantem,
784 427 823 462 id
845 433 913 472 est,
938 427 1056 462 donec
1074 433 1234 475 peccata
1258 426 1343 462 luas
1364 433 1533 462 terrena.

227 484 314 521 Hoc
354 485 450 521 enim
484 492 519 520 et
545 492 730 534 peccator
762 484 929 520 audivit:
979 485 1101 520 Terra
1145 496 1184 520 es
1227 491 1262 519 et
1309 484 1344 519 in
1387 491 1534 520 terram

195 542 309 591 5ibis.
345 543 477 578 Donec
498 543 628 578 solvas
650 550 776 578 autem
810 542 911 590 quod
943 542 1109 577 debitum
1143 549 1210 588 est,
1244 542 1369 577 miror
1399 542 1433 578 si
1463 554 1535 578 non

229 611 311 635 eam
334 600 466 650 signat
484 612 639 649 penam,
663 612 733 647 que
756 607 919 635 vocatur
941 607 1083 635 eterna.
1123 600 1229 635 Unde
1251 599 1347 635 enim
1370 600 1537 635 solvitur

226 657 324 693 illud
356 658 534 701 debitum,
568 658 629 693 ubi
660 658 734 693 iam
768 670 839 693 non
874 658 991 692 datur
1017 657 1215 706 penitendi
1248 665 1282 693 et
1317 658 1536 694 correccius

227 714 378 751 vivendi
409 715 545 751 locus?
577 716 633 751 Ita
667 715 764 751 enim
788 715 968 763 fortasse
1000 715 1060 751 hic
1092 715 1260 764 positum
1294 722 1371 751 est:
1403 716 1537 751 Donec

225 773 367 819 solvas,
401 774 576 821 quoniam
618 774 653 808 in
692 774 759 809 illo
798 773 880 809 loco
920 773 1061 809 dictum
1101 780 1175 809 est:
1222 773 1320 809 Sede
1364 773 1536 809 dexteris

174 831 331 876 10meis,
382 832 501 867 donec
545 843 687 880 ponam
733 843 863 867 omnes
913 831 1084 866 inimicos
1135 838 1219 866 tuos
1262 831 1329 866 sub
1374 831 1536 880 pedibus

226 888 320 924 tuis:
372 889 458 924 Non
491 890 587 925 enim
627 901 711 925 cum
734 889 891 937 fuerint
922 888 1065 924 inimici
1100 889 1167 924 sub
1203 889 1366 937 pedibus
1405 889 1534 937 positi,

227 946 371 982 desinet
408 959 490 982 esse
527 947 580 982 ad
619 948 836 984 dexteram.
882 947 957 981 Aut
995 946 1093 981 illud
1129 946 1325 995 Apostoli:
1375 946 1536 995 Oportet

226 1004 322 1039 enim
367 1004 474 1039 illum
520 1016 703 1054 regnare,
749 1005 867 1040 donec
910 1011 1031 1053 ponat
1067 1016 1197 1040 omnes
1240 1004 1411 1040 inimicos
1447 1016 1537 1040 suos

225 1062 293 1097 sub
321 1062 484 1110 pedihus
516 1062 615 1098 eius:
658 1063 745 1098 Non
778 1062 875 1098 enim
918 1074 1001 1097 cum
1030 1062 1150 1110 positi
1176 1062 1346 1109 fuerint,
1391 1062 1535 1098 desinet

173 1125 409 1169 15regnare.
468 1120 803 1162 Quemadmodum
849 1120 973 1170 igitur
1015 1120 1066 1155 ibi
1108 1120 1342 1170 intelligitur
1380 1121 1426 1156 de
1463 1132 1534 1168 quo

227 1177 369 1213 dictum
414 1185 488 1214 est:
538 1178 699 1227 Oportet
742 1190 825 1214 eum
872 1189 1056 1228 regnare,
1095 1177 1134 1213 id
1172 1184 1239 1224 est,
1271 1190 1424 1227 semper
1456 1190 1536 1214 esse

227 1243 496 1285 regnaturum,
530 1237 617 1284 quia
649 1248 802 1285 semper
833 1235 892 1271 illi
921 1242 1033 1271 erunt
1064 1236 1131 1271 sub
1156 1235 1319 1284 pedibus
1351 1236 1451 1272 eius:
1483 1236 1534 1271 ita

226 1293 285 1328 hic
323 1293 446 1342 accipi
477 1301 604 1342 potest
637 1295 683 1330 de
721 1306 792 1342 quo
832 1294 973 1329 dictum
1013 1301 1088 1329 est:
1131 1294 1217 1329 Non
1259 1294 1376 1340 exies,
1416 1294 1535 1330 donec

224 1351 356 1387 solvas
393 1352 640 1387 novissimum
674 1352 943 1400 quadrantem,
983 1351 1022 1386 id
1053 1358 1120 1397 est,
1158 1363 1313 1400 semper
1344 1364 1416 1388 non
1454 1364 1534 1388 esse

169 1424 210 1446 20
225 1409 437 1454 exiturum,
483 1410 568 1458 quia
615 1422 768 1459 semper
814 1409 929 1445 solvit
977 1409 1224 1445 novissimum
1264 1410 1532 1458 quadrantem,

226 1467 315 1502 dum
361 1479 483 1516 penas
532 1468 787 1517 sempiternas
831 1474 1081 1516 peccatorum
1140 1468 1217 1504 luet
1272 1474 1532 1504 terrenorum.

225 1525 357 1573 Neque
400 1525 470 1561 hoc
514 1525 565 1561 ita
610 1525 793 1573 dixerim,
837 1533 877 1561 ut
922 1525 1214 1575 diligenciorem
1258 1526 1532 1562 tractacionem

226 1582 362 1618 videar
377 1583 564 1619 dimisisse
586 1584 632 1619 de
646 1583 755 1632 penis
772 1590 1035 1632 peccatorum,
1059 1584 1248 1632 quomodo
1271 1583 1306 1618 in
1328 1583 1535 1633 scripturis

225 1641 403 1676 dicantur
446 1649 575 1677 eterne
618 1653 847 1690 quamquam
892 1641 1057 1690 quolibet
1093 1642 1207 1678 modo
1252 1641 1406 1677 vitande
1448 1648 1535 1678 sunt

168 1703 207 1736 25
219 1698 355 1747 pocius
388 1711 500 1747 quam
533 1699 696 1735 sciende.

282 1757 360 1792 Sed
403 1757 601 1793 videamus
638 1757 714 1792 iam
753 1757 836 1806 quis
865 1757 914 1793 sit
951 1757 1218 1803 adversarius,
1263 1756 1325 1793 cui
1361 1756 1536 1793 iubemur

222 1826 302 1850 esse
333 1815 516 1861 benevoli,
550 1815 623 1851 cito
657 1828 740 1851 cum
773 1827 905 1851 sumus
937 1815 972 1850 in
1007 1815 1067 1850 via
1100 1827 1184 1851 cum
1218 1815 1295 1851 illo.
1330 1816 1405 1850 Aut
1436 1815 1533 1851 enim

223 1872 398 1908 diabolus
429 1880 485 1909 est
517 1880 582 1908 aut
613 1873 725 1909 homo
757 1880 823 1908 aut
855 1885 948 1909 caro
980 1880 1046 1908 aut
1072 1873 1181 1909 Deus
1212 1881 1278 1909 aut
1306 1881 1532 1922 preceptum

223 1931 312 1966 eius.
347 1931 424 1966 Sed
455 1931 608 1967 diabolo
640 1943 712 1967 non
746 1931 855 1967 video
878 1931 1067 1980 quomodo
1100 1931 1301 1967 iubeamur
1323 1943 1403 1967 esse
1424 1932 1533 1968 bene-

167 1994 209 2026 30
225 1988 313 2034 voli,
359 1988 399 2023 id
430 1996 497 2035 est,
542 1989 754 2025 concordes
785 1996 820 2025 et
852 1989 1144 2025 consencientes.
1193 1989 1294 2024 Nam
1335 1989 1405 2024 alii
1433 1990 1535 2037 quod

230 2046 353 2082 Grece
380 2046 548 2095 positum
583 2054 638 2082 est
670 2059 821 2097 eynoon
860 2047 1107 2096 interpretati
1143 2054 1232 2082 sunt
1269 2059 1430 2083 concors
1469 2047 1536 2083 alii

224 2104 485 2140 consenciens:
528 2105 597 2140 sed
640 2116 758 2153 neque
799 2105 1104 2141 benevolenciam
1154 2104 1306 2141 diabolo
1360 2105 1535 2140 iubemur

225 2162 430 2206 exlzibere;
461 2162 524 2198 ubi
544 2162 641 2198 enim
666 2162 945 2209 benevolencia,
978 2163 1029 2198 ibi
1059 2162 1246 2198 amicicia.
1280 2163 1412 2211 Neque
1434 2163 1533 2211 quis-

224 2231 335 2267 quam
381 2220 527 2256 dixerit
571 2232 656 2256 cum
709 2220 862 2257 diabolo
914 2220 1128 2256 amiciciam
1182 2233 1263 2256 esse
1303 2220 1532 2269 faciendam

167 2282 207 2315 35
224 2289 341 2325 neque
373 2278 615 2314 concordare
647 2290 730 2314 cum
755 2278 822 2313 illo
845 2278 1016 2327 expedit,
1050 2278 1110 2314 cui
1131 2278 1249 2314 semel
1271 2278 1533 2314 renunciando

224 2335 363 2370 bellum
396 2335 608 2371 indiximus
640 2343 675 2371 et
706 2348 777 2384 quo
817 2336 915 2372 victo
954 2336 1241 2383 coronabimur,
1287 2348 1405 2384 neque
1443 2348 1532 2372 con-

222 2393 360 2428 sentiri
388 2393 447 2429 illi
476 2394 551 2429 iam
584 2401 748 2442 oportet,
794 2394 855 2430 cui
890 2393 924 2430 si
961 2406 1151 2442 nunquam
1193 2394 1532 2440 consensissemus,

223 2463 414 2499 nunquam
448 2451 483 2487 in
511 2451 603 2487 istas
628 2451 900 2488 decidissemus
923 2452 1112 2492 miserias,
1146 2452 1208 2488 De
1230 2452 1380 2488 homine
1405 2459 1531 2489 autem

293 2639 312 2658 1.
334 2632 381 2659 A:
402 2640 493 2667 aqua.
566 2640 592 2665 7.
608 2632 646 2659 B:
667 2632 882 2661 correccz'onz'S.
957 2641 990 2660 Π.
1006 2634 1050 2660 A:
1065 2633 1191 2660 sedere.-
1208 2633 1286 2661 Non.
1360 2641 1399 2661 12.
1415 2634 1453 2661 B:
1468 2642 1534 2660 esse

223 2665 318 2692 deest.
402 2665 440 2694 13.
460 2669 501 2694 A:
523 2667 663 2694 inimicos
683 2667 778 2707 deest.
869 2675 911 2729 13).
932 2668 977 2694 A:
1000 2668 1032 2694 id
1051 2670 1098 2694 est
1115 2668 1212 2708 deest..
1300 2676 1339 2696 21.
1360 2670 1406 2708 A:
1422 2676 1533 2703 pecca-

223 2703 323 2727 torum
343 2701 437 2728 deest.
510 2701 553 2729 23.
575 2703 619 2729 A:
640 2701 804 2729 ademisse.
894 2710 921 2728 0.
937 2703 1050 2730 A:aut
1062 2705 1305 2730 convene-tentes.
1379 2701 1418 2730 31.
1433 2705 1478 2730 A:
1496 2711 1534 2730 ex

223 2749 322 2778 nomm·
341 2741 446 2769 Recte:
468 2736 616 2770 εὐνοῶν.
688 2741 730 2769 32.
752 2743 796 2769 A:
818 2750 915 2777 neque
935 2743 1037 2776 deest;
1060 2743 1101 2770 ib.
1123 2744 1166 2770 A:
1187 2743 1356 2771 iubeamur.

290 2830 323 2860 4.
351 2820 436 2851 Gen.
462 2820 515 2861 ΙΙΙ,
547 2830 596 2863 19.
691 2819 723 2851 8.
750 2820 804 2852 Ps.
832 2820 916 2859 CIX,
949 2831 974 2851 1.
1075 2830 1124 2852 12.
1151 2821 1174 2852 Ι.
1202 2821 1282 2852 Cor.
1309 2822 1380 2861 XV,
1410 2820 1462 2853 25.

1750 197 1821 243 143

1558 1764 1624 1792 The
1645 1765 1811 1800 adversary

1549 1800 1623 1826 with
1644 1799 1747 1827 whom
1769 1808 1814 1826 we

1567 1839 1757 1896 mUStGaggee
1776 1835 1802 1862 is

1679 1877 1696 1895 0
1724 1891 1730 1896 .
