2062 3327
208 243 298 271 CAP.
321 233 420 287 xm]
726 245 863 276 PRIMA
893 246 1017 276 PARS.

207 353 383 389 dicentis:
420 352 534 396 Quod
565 352 629 387 uni
659 364 709 387 ex
731 352 895 387 minimis
918 352 1009 387 meis
1023 351 1188 399 fecistis,
1223 351 1517 399 michisecistis.

206 411 258 446 Et
301 423 344 446 ne
389 410 456 446 hec
495 410 698 459 persuasio
744 410 1056 458 superficietenus
1095 409 1351 459 intelligatur,
1398 410 1519 445 consi-

83 469 163 505 358b
208 469 386 505 deremus
424 464 430 521 Ι
470 479 521 503 ex
569 468 818 504 similitudine
875 468 1041 516 quadam
1099 467 1210 502 huius
1258 467 1523 515 persuasionis

208 526 428 562 interiorem
462 525 773 576 intelligencianz,
806 525 840 561 si
870 526 952 574 quis
985 525 1162 561 vulnerat
1190 525 1328 574 pedem
1363 525 1524 560 alterius

175 587 297 620 {avere
330 584 419 620 dicit
451 583 586 634 lingua
619 583 857 619 vulneranti:
895 584 948 619 Tu
984 583 1197 619 vulnerasti
1228 595 1297 618 nze.
1337 583 1525 618 Similiter

209 642 299 678 dicit
329 641 481 677 sananti
514 642 650 690 pedem
698 642 962 677 vulneratum:
1015 642 1068 676 Tu
1100 641 1247 677 sanasti
1280 653 1349 676 me.
1410 641 1525 684 Quod

209 700 330 750 igitur
352 700 440 735 boni
461 700 521 736 vel
542 700 636 735 mali
654 700 745 748 pedi
767 699 950 748 infertur,
983 699 1054 735 sibi
1086 711 1175 735 vere
1207 699 1366 734 ascribit
1390 698 1525 748 lingua

210 765 244 793 et
276 764 390 807 caput
422 758 457 792 in
491 769 561 806 quo
595 764 649 793 est
682 758 828 808 lingua.
863 757 951 793 Hoc
984 764 1108 793 autem
1124 757 1267 805 facere
1289 769 1361 792 non
1381 763 1524 805 posset⁷

210 816 280 851 nisi
316 816 568 851 mediantibus
601 815 728 851 nervis
761 828 832 864 pes
869 815 986 864 capiti
1023 815 1296 865 coifigeretur.
1345 815 1388 849 Si
1425 814 1522 850 enim

157 874 342 923 1opedem
366 873 552 909 abscisum
572 873 653 922 quis
671 880 905 922 percuteret»,
929 873 1074 908 nullum
1108 880 1235 921 caput,
1261 872 1366 907 nulla
1390 872 1524 922 lingua

212 944 301 967 vere
324 932 446 980 possit
479 932 595 967 alicui
625 931 774 966 dicere:
806 931 1036 967 Percussisti
1057 943 1127 966 me.
1163 931 1205 966 Si
1235 943 1333 980 ergo
1361 937 1528 979 propter

211 989 501 1039 colligacionem
531 989 642 1038 pedis
675 989 726 1024 ad
758 989 931 1039 linguam
964 996 999 1025 et
1031 996 1145 1037 caput
1177 1000 1246 1037 que
1273 1000 1348 1038 per
1387 1000 1526 1023 nervos

200 1048 252 1097 fit
285 1055 319 1082 et
357 1048 478 1083 multa
516 1047 642 1083 media
673 1047 799 1095 facile
838 1047 1076 1083 dissolubilia
1117 1059 1206 1082 vere
1242 1046 1315 1082 sibi
1353 1046 1526 1081 attribuit

212 1113 347 1155 caput:
369 1112 508 1153 quanto
532 1105 659 1156 magis
683 1112 797 1154 caput
820 1112 992 1141 nostrum
1022 1104 1199 1140 Christus
1222 1105 1324 1153 quod
1346 1103 1528 1140 membris

159 1164 289 1199 15suis
333 1163 538 1208 inseritur;
588 1175 658 1212 que
702 1163 875 1199 membra
924 1162 1073 1198 Christi
1123 1162 1240 1212 capiti
1289 1162 1529 1211 colligantur

212 1221 340 1257 nervis
383 1221 557 1257 caritatis
600 1233 692 1270 quos
736 1233 853 1269 neque
897 1233 1002 1256 mors
1047 1233 1167 1269 neque
1209 1220 1368 1270 gladius
1412 1231 1530 1268 neque

213 1279 398 1315 instancia
430 1291 547 1327 neque
568 1280 713 1327 futura
746 1291 863 1327 neque
896 1278 1024 1327 aliqua
1056 1278 1133 1314 alia
1163 1285 1345 1314 creatura
1368 1278 1528 1326 quelibet

209 1344 336 1386 potest
359 1337 613 1386 disrumpere.
654 1337 874 1385 Quibusque
897 1336 1025 1372 nervis
1048 1336 1334 1387 coniunguntur
1356 1335 1529 1371 membra

219 1395 365 1431 Christi
408 1395 480 1444 ipsi
521 1395 638 1443 capiti
678 1395 758 1430 sine
802 1395 968 1430 omnium
1010 1395 1196 1430 distancia
1234 1402 1269 1430 et
1313 1394 1527 1430 mediorum

157 1453 517 1502 2oz'nterposici0ne.
552 1453 672 1488 Plane
704 1453 826 1503 igitur
859 1465 991 1488 verum
1033 1453 1135 1501 quod
1174 1453 1239 1488 uni
1277 1464 1327 1488 ex
1365 1451 1531 1487 minimis

215 1511 467 1559 meisfecistis
481 1518 549 1547 etc.
575 1512 651 1547 Sed
674 1523 725 1547 ex
747 1511 817 1546 hoc
839 1510 990 1546 videtur
1013 1523 1084 1545 non
1108 1511 1194 1546 aliis
1216 1510 1529 1558 benefaciendum

215 1581 295 1605 esse
339 1581 450 1618 quam
491 1569 562 1605 hiis
601 1569 665 1617 qui
700 1576 787 1604 sunt
834 1569 1006 1604 membra
1052 1568 1199 1604 Christi
1241 1568 1419 1617 colligati
1460 1567 1534 1616 ipsi

216 1628 343 1663 nervis
374 1627 561 1663 caritatis.
609 1627 686 1662 Sed
729 1627 781 1662 ad
818 1627 888 1662 hoc
922 1627 1081 1662 dicimus
1118 1627 1220 1675 quod
1257 1627 1375 1662 eciam
1420 1626 1532 1661 malis

216 1685 529 1733 benefaciendum
564 1692 618 1720 est
646 1698 721 1734 pro
751 1685 918 1727 Christo,
953 1685 1024 1720 hac
1057 1685 1266 1720 intencione
1289 1685 1391 1733 quod
1422 1684 1531 1719 bene-

160 1743 340 1792 25ficium
385 1743 589 1791 prestitum
644 1743 770 1791 prosit
823 1742 1089 1790 recipientibus
1142 1743 1193 1778 ad
1243 1743 1313 1778 hoc
1358 1749 1396 1777 ut
1428 1742 1533 1790 fiant

216 1801 389 1836 membra
449 1801 596 1836 Christi
646 1801 823 1850 colligati
873 1801 946 1849 ipsi
997 1800 1146 1836 vinculo
1201 1800 1386 1836 caritatis.
1458 1799 1534 1843 Qui

217 1859 313 1894 enim
362 1859 550 1907 benefacit
597 1859 655 1894 illi
701 1859 765 1907 qui
809 1859 934 1893 malus
980 1865 1034 1894 est
1073 1859 1145 1894 hac
1188 1858 1397 1894 intencione
1427 1857 1533 1905 facit

218 1924 251 1952 et
289 1917 356 1952 sub
396 1917 467 1952 hac
504 1929 571 1966 spe
609 1917 741 1952 tribuit
785 1923 823 1951 ut
863 1917 1074 1952 membrum
1126 1916 1273 1951 Christi
1303 1917 1392 1965 fiat.
1446 1915 1532 1950 Alia

217 1987 363 2023 quoque
401 1975 604 2024 persuasio
672 1975 820 2010 Christi
882 1975 988 2010 debet
1053 1987 1119 2010 nos
1171 1976 1331 2009 multum
1378 1985 1534 2009 movere

161 2038 203 2070 30
218 2033 270 2068 ad
300 2045 419 2082 opera
450 2033 715 2068 misericordie
736 2033 925 2080 facienda
953 2045 1028 2081 per
1056 2045 1166 2080 quam
1196 2032 1389 2081 promittit
1430 2031 1534 2066 nobis

218 2103 286 2127 nos
318 2092 534 2139 centuplum
568 2098 805 2139 accepturos,
837 2091 905 2126 sed
922 2098 1049 2139 potest
1082 2091 1256 2140 infirmus
1288 2089 1425 2137 aliquis
1449 2089 1534 2124 huic

220 2149 336 2184 verbo
369 2149 441 2184 cito
475 2161 546 2184 non
579 2150 753 2192 credere,
786 2148 872 2197 quia
906 2149 1026 2183 multa
1058 2149 1198 2183 multos
1222 2148 1315 2183 vidit
1345 2148 1440 2182 dare
1458 2159 1533 2195 pro

226 2206 380 2242 Christo
421 2207 484 2254 qni
515 2219 702 2255 nunquam
744 2207 779 2241 in
819 2206 890 2241 hac
930 2207 1007 2241 vita
1046 2207 1180 2241 eadem
1222 2207 1313 2241 data
1353 2205 1534 2253 recipient

221 2264 397 2313 centupla
431 2277 496 2300 nec
529 2265 564 2300 in
588 2265 734 2312 futura
768 2264 845 2299 vita
878 2264 945 2299 illa
986 2264 1180 2313 recipient.
1236 2264 1321 2298 Non
1361 2263 1456 2298 enim
1499 2262 1533 2297 in

164 2322 358 2370 35sutura
403 2323 480 2357 vita
521 2323 676 2371 recipiet
720 2322 802 2370 quis
841 2322 1022 2358 denarios
1060 2329 1124 2357 aut
1161 2334 1281 2370 panes
1321 2328 1385 2356 aut
1425 2320 1532 2355 iudu-

222 2387 360 2424 menta,
393 2380 520 2428 qualia
553 2380 612 2416 hic
637 2393 711 2428 pro
741 2380 895 2416 Christo
930 2378 1134 2416 distribuit.
1172 2380 1257 2414 Non
1287 2379 1383 2414 enim
1410 2378 1535 2428 egebit

222 2438 304 2485 quis
335 2438 474 2474 talibus
507 2438 542 2473 in
566 2438 633 2473 illa
656 2438 785 2473 celesti
807 2439 894 2473 vita.
931 2438 1008 2473 Sed
1034 2438 1068 2473 si
1089 2438 1248 2473 interius
1270 2437 1536 2472 consideretur

223 2496 286 2531 ille
317 2508 465 2531 sermo:
510 2496 699 2544 Quicquid
742 2496 801 2531 hic
841 2496 905 2531 dat
944 2496 1081 2544 aliquis
1109 2508 1184 2544 pro
1223 2495 1392 2541 Christo,
1438 2494 1537 2528 illud

293 2665 317 2693 5.
340 2666 383 2692 A:
409 2664 470 2692 Cur
488 2665 669 2692 vulnerasti.
755 2673 780 2698 7.
804 2665 842 2691 13:
864 2665 925 2691 sibi
940 2672 1022 2692 vero*
1114 2672 1154 2691 10.
1177 2667 1286 2699 caput;
1306 2663 1423 2691 Codd.:
1445 2662 1535 2697 capit.

224 2708 332 2727 10—12.
355 2701 398 2727 A:
420 2701 634 2735 nulla—caput
655 2700 748 2726 deest.
835 2699 871 2726 13.
893 2701 936 2726 A:
960 2703 990 2726 et
1008 2699 1174 2727 intellecta.
1261 2707 1301 2731 ¹4-
1322 2700 1350 2725 A
1371 2699 1400 2724 in
1423 2705 1536 2731 marg:

224 2735 305 2762 Nota
326 2736 363 2761 de
380 2735 663 2769 predestinacione.
772 2734 811 2761 18.
833 2735 877 2761 A:
898 2735 1125 2769 quibuscunque
1144 2733 1272 2760 meritis,
1363 2733 1409 2759 20.
1432 2733 1469 2758 ὃς
1492 2732 1541 2757 illi

223 2770 356 2796 vinculo.
432 2768 477 2801 34.
498 2771 542 2796 A:
565 2770 753 2804 centuplata.

299 2876 325 2896 1.
351 2864 469 2896 Matth.
495 2865 598 2904 XXV,
624 2875 682 2905 40.
