2003 3322
200 261 216 283 Q
200 248 214 258 ὃ

227 257 247 282 Ν

214 892 263 918 ΑΗ
284 891 364 926 good
386 892 445 917 and

209 927 247 952 all
269 926 324 953 evil
347 926 448 961 things

268 969 337 995 may
361 961 395 987 bc

232 995 373 1030 spiritual
394 1003 429 1022 οι·

273 1031 387 1057 carnal.

889 257 1006 288 OPUS
1032 257 1367 289 EVANGELICUM
1586 246 1692 300 [cAv.
1713 255 1793 283 xm.

483 365 582 398 unde
618 371 747 412 speret
785 371 817 398 et
855 366 1048 413 gaudeat>-
1090 365 1157 398 scd
1195 373 1249 399 est
1288 364 1438 399 animus
1476 365 1553 399 eius
1587 365 1797 413 desperans

483 431 517 457 et
555 421 687 457 tristis.
734 421 815 456 Iam
857 428 981 456 autem
1023 423 1211 469 quomodo
1252 430 1452 470 peccatum
1500 429 1533 457 et
1574 423 1796 470 desperacio

479 488 728 528 peccatorum
760 479 1017 514 exterminent
1030 479 1178 527 faciem
1210 479 1441 515 consciencie
1470 480 1599 515 nullus
1627 479 1796 530 ignorat.

484 538 584 572 Nam
629 548 782 585 semper
826 537 1007 571 inclinata
1052 544 1107 572 est
1145 537 1380 572 consciencia
1422 537 1501 573 eius
1548 537 1612 585 qui
1648 546 1793 586 peccat.

484 595 546 630 Sic
590 607 686 645 ergo
733 606 862 630 omnes
897 595 1084 645 ypocrite
1136 595 1324 639 ieiunant7·
1375 608 1447 630 non
1500 595 1606 630 bonis
1651 595 1828 631 actibus5

483 652 749 688 exhilarantes
817 652 1090 688 conscienciam
1152 664 1261 688 suam
1324 652 1359 688 in
1427 664 1494 701 spe
1554 653 1623 688 sed
1684 653 1797 690 malis

485 710 664 759 operibus
696 709 965 745 contristantes
997 710 1032 745 in
1058 710 1340 758 desperacione.
1386 710 1561 759 §pocrita
1592 718 1716 746 autem
1741 719 1797 747 est

484 768 605 804 omnis
644 768 708 815 qui
739 779 907 816 peccans
944 767 1095 803 ieiunat.
1134 764 1137 819 Ι
1173 767 1276 811 Quid
1315 775 1370 803 est
1402 780 1499 818 ergo
1532 781 1616 804 cum
1649 769 1795 818 gaudio
1842 770 1924 814 389³

484 826 683 861 ieiunare?
736 826 814 860 Iam
860 832 914 861 est
960 825 1073 874 prius
1117 825 1375 874 spiritualiter
1426 826 1607 872 ieiunare,
1661 815 1797 862 deinde

485 883 707 919 carnaliter.
755 883 855 918 Nam
894 883 992 918 sicut
1030 895 1139 919 omne
1171 883 1308 918 bonum
1349 891 1403 919 est
1440 883 1642 932 spirituale
1674 891 1709 919 et
1740 892 1852 920 est10

485 942 642 977 carnale
686 948 721 977 et
764 952 874 976 omne
919 942 1062 976 malum
1108 948 1163 976 est
1204 941 1407 989 spirituale
1448 948 1483 977 et
1526 949 1581 977 est
1624 943 1794 988 carnale,

485 1006 524 1034 ut
564 1007 673 1047 puta,
714 998 938 1047 fornicacio
985 999 1113 1034 carnis
1156 1006 1210 1034 est
1254 999 1541 1044 meretricacio7·
1572 999 1794 1047 sornicacio

483 1065 609 1092 autem
654 1056 869 1106 spiritualis
913 1064 969 1092 est
1007 1057 1279 1105 prevaricacio
1328 1057 1468 1093 carnis.
1521 1057 1689 1093 (lastitas
1740 1066 1795 1093 est

483 1115 629 1151 nescire
667 1115 880 1159 mulierem,
919 1115 1075 1150 castitas
1113 1122 1238 1150 autem
1277 1115 1492 1163 spiritualis
1513 1114 1674 1164 fidelem
1714 1128 1795 1151 esse

481 1176 516 1208 in
541 1174 636 1209 Deo.
668 1173 881 1207 Humilitas
903 1172 1121 1221 corporalis
1145 1180 1199 1208 est
1221 1185 1434 1222 assurgere
1457 1173 1611 1219 homini,
1636 1174 1791 1208 verbum
1813 1176 1849 1207 15

483 1232 609 1266 dicere
648 1231 785 1274 malle;
829 1231 1025 1266 humilitas
1056 1230 1271 1278 spiritualis
1309 1238 1364 1266 est
1402 1231 1466 1278 qui
1501 1231 1536 1266 in.
1577 1232 1694 1266 corde
1725 1243 1793 1267 suo

480 1288 646 1324 alterum
670 1288 867 1324 existimat
890 1288 1086 1324 meliorem
1111 1301 1222 1336 quam
1252 1300 1302 1324 se.
1338 1288 1525 1337 Superbia
1559 1289 1792 1337 corporalis,

479 1359 595 1395 asper
632 1359 772 1392 sermo,
811 1346 990 1394 superbia
1028 1346 1244 1395 spiritualis
1282 1346 1346 1394 qui
1381 1359 1421 1382 se
1453 1346 1649 1382 meliorem
1679 1354 1793 1395 putat

480 1417 560 1440 esse
592 1417 703 1452 quam
738 1405 917 1441 alterum.
960 1404 1022 1439 Sic
1055 1411 1090 1439 et
1122 1404 1300 1439 ieiunium
1340 1411 1394 1440 est
1434 1405 1639 1453 corporale
1671 1411 1706 1439 et
1737 1412 1792 1440 est

479 1463 690 1512 spirituale.
763 1462 981 1510 Corporale
1032 1461 1209 1497 ieiunium
1269 1469 1324 1497 est
1381 1462 1572 1497 abstinere
1622 1474 1643 1496 a
1696 1463 1790 1505 cibo,
1808 1473 1848 1494 20

479 1521 683 1569 spirituale
720 1520 897 1555 ieiunium
939 1527 994 1555 est
1032 1520 1224 1555 abstinere
1261 1533 1281 1554 a
1316 1520 1500 1568 peccatis.
1551 1520 1649 1555 Nam
1695 1519 1792 1555 sicut

479 1591 570 1614 caro
605 1578 820 1613 delectatur
852 1578 1133 1620 manducando,
1177 1577 1231 1613 sic
1268 1577 1429 1626 spiritus
1467 1578 1608 1626 carnis,
1647 1578 1686 1612 id
1723 1586 1790 1621 est,

478 1649 610 1672 sensus
633 1636 848 1671 delectatur
866 1636 1073 1684 peccando.
1115 1635 1222 1671 Unde
1243 1635 1432 1684 sapientes
1461 1647 1570 1671 omne
1587 1642 1788 1684 peccatum

479 1694 672 1730 libidinem
713 1700 861 1739 vocant,
906 1693 991 1741 quia
1032 1706 1141 1729 omne
1173 1700 1375 1742 peccatum
1415 1705 1498 1728 cum
1534 1693 1791 1729 delectacione

479 1752 763 1788 committimus.
798 1752 888 1787 Ideo
921 1758 955 1786 et
988 1751 1338 1787 circumcidebatur
1371 1751 1537 1786 libidinis
1576 1752 1845 1787 membrum25

479 1817 517 1845 ut
561 1810 596 1845 in
637 1809 826 1860 mysterio
864 1809 1106 1858 generaliter
1144 1809 1309 1845 omnium
1351 1809 1542 1844 malorum
1583 1809 1789 1844 delectacio

478 1868 705 1911 tolleretur;
747 1879 816 1915 que
861 1867 961 1902 mala
994 1867 1152 1915 faciunt
1197 1867 1384 1902 lzominem
1433 1867 1596 1912 tristem,
1640 1867 1680 1901 ia'
1723 1874 1790 1909 est.

479 1926 758 1974 desperantem.
800 1925 876 1968 Qui
912 1925 1009 1960 enim
1043 1938 1063 1959 a
1098 1925 1178 1960 cibo
1220 1924 1373 1970 ieiunat,
1414 1936 1485 1959 non
1524 1925 1570 1959 ab
1610 1924 1790 1973 operibus

478 1983 603 2027 malis,
657 1983 721 2018 ille
765 1990 928 2031 apparet
972 1983 1154 2028 ieiunare,
1207 1995 1279 2017 non
1325 1990 1450 2018 autem
1497 1982 1650 2028 ieiunat,
1704 1982 1788 2030 quia

477 2048 657 2090 quantum
697 2041 748 2075 ad
787 2041 958 2077 homines
995 2040 1147 2083 ieiunat.
1186 2047 1367 2088 quantum
1407 2047 1532 2075 autem
1573 2040 1625 2075 ad
1663 2041 1788 2075 Deum
1806 2042 1847 2074 30

472 2099 639 2147 pessime
671 2099 852 2147 epulatur
884 2098 1007 2133 malis.

535 2156 655 2191 Amen
698 2156 781 2191 dico
823 2156 928 2191 vobis
965 2163 1192 2204 receperunt
1226 2156 1440 2191 mercedem
1483 2167 1614 2191 suam:
1653 2155 1789 2191 Delec-

476 2214 574 2250 tacio
607 2214 673 2248 illa
708 2214 833 2249 laudis
865 2221 942 2249 tam
977 2214 1039 2248 diu
1072 2214 1234 2249 sentitur
1256 2226 1366 2261 quam
1402 2213 1464 2248 diu
1488 2212 1656 2250 auditur.
1690 2213 1791 2248 Mox

476 2279 601 2308 autem
648 2279 687 2306 ut
724 2284 840 2307 aures
878 2271 1089 2317 transierit,
1142 2271 1281 2306 transit
1320 2278 1354 2306 et
1399 2270 1605 2306 delectacio
1651 2270 1786 2305 laudis.

483 2330 536 2364 Tu
565 2336 691 2365 autem
725 2342 808 2364 cum
843 2329 999 2373 ieiunas,
1034 2341 1135 2379 unge
1167 2336 1280 2377 caput
1313 2337 1416 2364 tuum
1451 2335 1485 2364 et
1501 2328 1650 2376 faciem
1684 2335 1787 2363 tuam
1806 2331 1845 2364 35

477 2388 577 2422 lava.
626 2388 679 2422 Tu
719 2388 783 2435 qui
820 2399 925 2422 meus
963 2399 1014 2432 es,
1060 2387 1123 2435 qui
1165 2387 1292 2436 magis
1334 2387 1478 2422 ieiunas
1515 2387 1633 2421 corde
1676 2397 1787 2434 quam

476 2457 641 2494 corpore
680 2445 743 2493 qui
779 2445 906 2494 magis
943 2444 1109 2480 abstines
1147 2452 1181 2480 te
1218 2457 1238 2479 a
1272 2451 1432 2493 peccato
1466 2456 1578 2492 quam
1613 2443 1715 2487 cib0;
1754 2450 1789 2479 et

476 2504 559 2538 ideo
604 2514 676 2538 non
710 2503 924 2538 lzonfzinibus
955 2503 1023 2538 sed
1045 2503 1128 2537 Deo
1162 2502 1317 2537 ieiunas.
1354 2502 1431 2544 Qui
1460 2502 1556 2537 enim
1586 2508 1789 2549 peccantes

475 2561 654 2605 ieiunant,
705 2560 920 2595 hominibus
958 2560 1138 2596 ieiunant.
1183 2572 1254 2595 non
1294 2560 1377 2595 Deo
1416 2567 1451 2594 et
1488 2559 1571 2594 ideo
1602 2559 1790 2609 ypocrite

474 2625 572 2654 sunt.
612 2618 690 2660 Qui
719 2625 844 2653 autem
880 2630 969 2653 vere
1007 2618 1090 2653 Deo
1129 2617 1308 2663 ieiunant,
1348 2629 1420 2652 uon
1458 2624 1605 2652 tantum
1647 2630 1668 2651 a
1707 2616 1846 2659 cibo4o

545 2783 569 2808 2,
601 2773 625 2801 3.
662 2775 698 2801 }'›:
733 2775 916 2809 des-peracta
945 2777 1069 2809 peccata
1099 2777 1306 2809 peccalorum
1423 2784 1451 2808 «J.
1483 2773 1521 2800 ss:
1554 2773 1587 2800 id
1617 2776 1660 2801 cst
1687 2774 1786 2808 prius.

477 2819 518 2837 10.
540 2811 583 2837 A:
607 2817 678 2836 nam
697 2809 751 2836 sic.
844 2817 883 2844 17.
904 2810 947 2836 A:
969 2818 1001 2836 se
1021 2810 1114 2836 deest.
1201 2809 1243 2835 28.
1267 2809 1293 2835 Α
1312 2809 1338 2835 in
1363 2816 1475 2843 marg:
1499 2808 1579 2836 Nota
1600 2808 1638 2834 de
1658 2808 1785 2835 ieiunio.

476 2844 522 2871 30.
546 2846 587 2871 A:
609 2844 663 2877 qui
680 2852 761 2870 meus
781 2859 811 2862 —-
833 2852 965 2878 corpore
985 2844 1078 2871 deest.
1155 2842 1199 2871 30.
1215 2843 1332 2870 (lodda
1357 2843 1494 2870 ieiunant
1506 2843 1678 2870 hominibus
1693 2843 1786 2869 deest.

476 2887 524 2914 40.
546 2881 587 2906 A:
612 2879 675 2905 Deo
695 2895 726 2897 —
747 2879 885 2906 ieiunant
907 2878 998 2905 dec-st.
