2003 3322
186 233 203 268 3
215 233 232 268 5
243 232 264 268 8
880 240 999 272 opos
1024 240 1363 272 EVANGELlCUM
1553 228 1660 282 [CAP.
1680 237 1789 266 xxxi

473 348 586 384 rebus
609 359 679 395 que
696 354 858 396 possunt
881 348 977 382 bono
1006 355 1041 383 et
1072 347 1241 396 simplici
1271 348 1389 383 corde
1416 354 1451 383 et
1483 359 1627 397 magno
1660 347 1789 383 animo

459 406 569 456 fieri,
620 405 797 454 quamvis
843 405 995 454 possint
1045 406 1164 441 eciam
1218 417 1290 440 non
1343 406 1453 451 bono,
1506 405 1682 441 volebant
1733 406 1792 441 illi

472 463 645 500 homines
676 476 761 499 cum
794 470 930 510 essent,
968 464 1004 499 in
1044 464 1192 499 occulto
1232 463 1360 499 cordis
1396 463 1627 499 sentenciam
1657 464 1790 512 serre,

474 523 520 558 de
551 521 685 570 quibus
716 521 821 557 solus
853 522 960 557 Deus
992 521 1148 557 iudicat.

530 580 593 614 Ad
636 580 707 615 lzoc
750 579 871 615 eciam
918 579 1089 628 pertinet
1136 579 1235 614 illud
1278 579 1380 626 quod
1423 578 1501 615 alio
1547 579 1629 614 loco
1678 579 1823 618 dicit:5

473 638 604 674 Nolite
634 644 722 673 ante
754 644 904 686 tempus
927 637 1134 686 quidquam
1168 636 1342 672 iudicare
1372 637 1502 685 quoad
1524 648 1642 685 usque
1664 637 1790 672 veniat

473 695 677 741 Dominus,
721 695 780 731 sol
823 695 982 742 iusticie,
1028 692 1150 732 celum
1195 701 1231 731 et
1275 701 1424 730 terram
1459 701 1671 744 penetrans
1709 695 1792 730 luce

474 753 666 789 claritatis
704 760 739 788 et
781 753 937 789 virtutis
974 765 1042 789 sue
1079 760 1114 788 et
1151 752 1340 788 illuminet
1376 753 1507 788 abdita
1542 753 1790 789 tenebrarum

474 819 509 847 et
541 823 611 860 que
629 811 735 861 fiunt
757 811 793 846 in
816 811 999 847 cubiculis
1030 819 1065 846 et
1096 810 1318 859 manifestet
1350 810 1610 860 cogitaciones
1642 811 1794 856 cordis,-

475 876 509 905 et
547 876 636 905 tunc
674 869 760 905 laus
797 869 871 905 erit
911 869 1110 917 unicuique
1146 882 1168 904 a
1209 868 1363 904 domino
1395 868 1491 905 Deo.
1541 869 1636 904 Sunt
1669 869 1851 919 igiturm

474 928 636 976 quedam
667 927 784 975 facta
829 927 968 974 media,
1014 939 1083 976 que
1120 927 1352 977 ignoramus
1396 939 1469 976 quo
1509 926 1635 962 animo
1673 927 1791 976 fiant,

473 985 560 1035 quia
584 993 619 1021 et
647 985 752 1021 malo
781 992 816 1021 et
846 985 942 1021 bono
962 985 1062 1035 fieri
1086 991 1262 1034 possunt,
1296 985 1342 1020 de
1374 985 1507 1033 quibus
1539 985 1791 1020 temerarium

473 1050 529 1080 est
567 1043 752 1089 iudicare,
800 1043 972 1079 maxime
1012 1050 1052 1078 ut
1090 1043 1425 1092 condempnemus.
1469 1043 1626 1079 Horum
1664 1050 1791 1079 autem

475 1101 598 1138 veniet
634 1108 785 1150 tempus
817 1109 858 1137 ut
889 1101 1117 1147 iudicentur,
1160 1108 1200 1136 ut
1237 1113 1259 1136 a
1298 1100 1439 1137 lumine
1478 1101 1600 1137 eterni
1636 1109 1671 1137 et
1711 1101 1795 1137 veri

474 1160 568 1196 solis
613 1159 911 1208 manifestentur
945 1155 950 1212 Ι
987 1166 1021 1195 et
1065 1159 1257 1195 Dominus
1302 1159 1443 1195 virtute
1493 1159 1685 1195 claritatis
1727 1171 1794 1196 sue
1833 1165 1914 1210 393³

474 1218 705 1253 illuminabit
737 1218 960 1254 abscondita
993 1218 1240 1253 tenebrarum
1274 1229 1344 1265 que
1360 1217 1467 1267 fiunt
1499 1218 1534 1253 in
1568 1217 1727 1253 occultis
1758 1225 1793 1253 et

473 1276 631 1312 secretis
683 1283 718 1311 et
770 1275 981 1314 denudabit
1032 1275 1292 1326 cogitaciones
1344 1276 1486 1321 cordis,
1547 1282 1585 1311 ut
1634 1282 1794 1325 pateant

475 1334 661 1370 omnibus.

204 1394 286 1436 ‚We
307 1395 422 1435 should⁴
533 1393 642 1438 Item,
696 1391 773 1427 alio
826 1391 909 1427 loco
963 1391 1053 1427 dicit
1105 1391 1205 1427 idem
1258 1391 1487 1440 Apostolus:
1535 1391 1792 1434 Quorundam

192 1431 455 1494 gissgffeaffahigalvse
476 1450 671 1485 hominum
691 1457 854 1499 peccata
878 1449 1086 1498 manifesta
1109 1456 1197 1485 sunt
1224 1450 1481 1498 precedentia
1513 1451 1565 1485 ad
1597 1450 1793 1494 iudicium,
1810 1467 1852 1488 20

230 1502 361 1564 theGrggt
380 1506 410 1529 to
476 1508 636 1557 quedam
685 1515 811 1543 autem
857 1515 892 1543 et
937 1508 1231 1556 subsequuntur.
1282 1507 1497 1555 Manifesta
1537 1520 1579 1543 ea
1620 1508 1711 1544 dicit
1749 1509 1795 1544 de

358 1559 364 1564 ’
476 1566 611 1615 quibus
655 1566 804 1601 clarum
862 1573 919 1601 est
949 1578 1022 1615 quo
1061 1566 1189 1601 animo
1211 1565 1328 1615 fiant.
1377 1565 1459 1601 Hec
1485 1566 1701 1615 precedunt
1743 1566 1796 1601 ad

479 1624 674 1670 iudicium,
707 1624 747 1659 id
778 1631 846 1670 est,
885 1623 920 1659 si
941 1624 1071 1672 fuerit
1103 1623 1176 1659 ista
1208 1624 1450 1659 subsecutum
1485 1624 1682 1671 iudicium,
1722 1636 1793 1660 non

476 1689 532 1718 est
569 1682 834 1718 temerarium.
868 1682 1133 1718 Subsecuntur
1164 1689 1290 1717 autent
1324 1694 1366 1717 ea
1398 1693 1470 1730 que
1508 1682 1657 1717 occulta
1693 1689 1793 1729 sunt,

477 1740 564 1788 quia
598 1752 664 1775 nec
696 1740 780 1788 ipsa
814 1740 984 1776 latebunt
1016 1747 1191 1788 tempore
1221 1751 1303 1785 suo,
1337 1740 1422 1787 quia
1457 1752 1479 1775 a
1512 1740 1654 1776 lumine
1686 1752 1793 1776 reve-
1811 1747 1850 1778 25

477 1798 638 1834 lacionis
670 1798 1035 1846 manifestabuntur.
1072 1797 1136 1833 Sic
1169 1798 1287 1834 eciam
1322 1798 1369 1832 de
1390 1797 1633 1846 bonis-factis
1656 1798 1795 1834 intelli-

476 1856 647 1906 gendum
682 1863 750 1893 est.
784 1856 886 1891 Nam
921 1856 973 1891 ita
1005 1855 1224 1906 subiungit:
1263 1855 1455 1892 Similiter
1486 1863 1521 1891 et
1542 1856 1659 1904 facta
1698 1857 1793 1892 bona

477 1914 684 1962 manifesta
728 1920 815 1949 sunt
860 1921 894 1949 et
938 1926 1008 1962 que
1051 1913 1167 1949 aliter
1210 1926 1250 1949 se
1293 1914 1444 1959 habent,
1490 1914 1676 1950 abscondi
1721 1926 1793 1949 non

472 1979 646 2021 possunt.
680 1972 741 2007 De
773 1972 991 2020 manifestis
1023 1972 1147 2021 igitur
1179 1971 1401 2016 iudicemus,
1436 1972 1483 2007 de
1514 1972 1674 2008 occultis
1702 1984 1793 2008 vero

479 2029 661 2065 iudicium
686 2030 771 2065 Deo
805 2030 1081 2077 relinquamus,
1114 2030 1199 2066 Deo
1232 2029 1352 2065 iudici
1382 2042 1473 2065 vero
1497 2037 1531 2066 et
1560 2030 1674 2074 iusto,
1707 2030 1793 2078 quia
1811 2038 1852 2070 30

478 2095 514 2123 et
546 2088 630 2136 ipsa
667 2088 853 2124 abscondi
883 2100 954 2123 non
982 2095 1160 2137 possunt,
1198 2087 1278 2123 sive
1317 2088 1414 2123 bona
1446 2088 1527 2124 sive
1559 2089 1674 2134 mala,
1709 2100 1793 2124 cum

477 2153 627 2194 tempus
659 2146 861 2181 advenerit
894 2153 933 2181 ut
966 2146 1276 2195 manifestentur.

537 2204 626 2240 Duo
659 2211 746 2239 sunt
778 2211 904 2239 autem
938 2204 974 2239 in
1009 2204 1143 2252 quibus
1170 2203 1421 2240 temerarium
1450 2203 1633 2240 iudicium
1657 2216 1796 2240 cauere

480 2262 673 2308 debemus,
718 2274 803 2297 cum
843 2262 1030 2298 incertum
1069 2262 1119 2298 sit
1157 2274 1228 2310 quo
1267 2261 1396 2297 animo
1433 2263 1609 2311 quodque
1634 2263 1792 2310 factum

477 2319 539 2362 sit,
573 2320 633 2355 uel
664 2332 748 2355 cum
783 2320 969 2356 incertum
1001 2327 1056 2356 est
1079 2320 1202 2369 qualis
1224 2320 1394 2368 futurus
1425 2320 1486 2366 sit,
1516 2320 1583 2369 qui
1612 2332 1711 2356 nunc
1735 2321 1796 2356 vel
1810 2326 1849 2359 35

478 2377 606 2413 malus
638 2378 699 2413 uel
729 2378 849 2414 bonus
881 2385 1058 2427 apparet.
1092 2379 1135 2413 Si
1165 2390 1262 2428 ergo
1295 2378 1482 2427 quispiam
1518 2378 1626 2414 uerbi
1653 2378 1792 2429 gracia

480 2443 708 2484 conquestus
754 2436 799 2471 de
841 2436 1040 2472 stomacho
1094 2436 1264 2472 ieiunare
1308 2436 1487 2482 noluerit,
1540 2444 1575 2472 et
1625 2443 1664 2471 tu
1719 2448 1792 2472 non

480 2494 641 2530 credens
673 2494 873 2530 edacitatis
906 2494 1002 2529 vicio
1036 2494 1232 2541 tribueris,
1266 2502 1409 2530 temere
1441 2494 1640 2530 iudicabis.

550 2693 570 2711 1.
591 2685 635 2712 A:
658 2685 754 2712 corde
773 2685 866 2712 deest.
975 2686 1003 2712 Α.
1025 2685 1063 2712 B:
1091 2686 1259 2720 quidquam
1278 2686 1372 2713 deest.
1482 2686 1508 2713 8.
1530 2687 1573 2714 A:
1601 2686 1792 2714 abscondita.

482 2718 523 2746 13.
540 2720 578 2746 B:
594 2723 852 2754 contempnemus.
917 2728 956 2747 21.
974 2720 1012 2746 B:
1029 2720 1107 2747 enim
1121 2721 1204 2747 dicit.
1268 2720 1311 2748 23.
1324 2723 1368 2748 A:
1383 2721 1508 2755 sistunt.
1582 2722 1625 2749 28.
1641 2722 1684 2748 A:
1697 2722 1793 2749 mani-

481 2754 602 2784 festata.
687 2753 733 2788 34.
755 2755 793 2782 B:
815 2755 965 2782 incertum
985 2758 1038 2782 est.
1122 2755 1164 2783 35.
1186 2757 1230 2783 A:
1252 2757 1325 2790 quia
1346 2764 1434 2783 nunc.
1516 2755 1559 2790 37.
1583 2757 1626 2783 A:
1648 2756 1791 2784 voluerit.

553 2849 581 2880 5.
609 2850 632 2880 Ι.
660 2850 739 2880 Cor.
767 2850 821 2890 IV,
851 2849 879 2881 5.
981 2861 1030 2893 19.
1058 2851 1079 2881 Ι.
1108 2850 1198 2882 Tim.
1220 2852 1259 2891 V,
1287 2861 1339 2892 24.
