<?xml version="1.0" encoding="UTF-8"?>
<!DOCTYPE html PUBLIC "-//W3C//DTD XHTML 1.0 Transitional//EN"
    "http://www.w3.org/TR/xhtml1/DTD/xhtml1-transitional.dtd">
<html xmlns="http://www.w3.org/1999/xhtml" xml:lang="en" lang="en">
 <head>
  <title>
</title>
<meta http-equiv="Content-Type" content="text/html;charset=utf-8" />
  <meta name='ocr-system' content='tesseract 3.04.00' />
  <meta name='ocr-capabilities' content='ocr_page ocr_carea ocr_par ocr_line ocrx_word'/>
</head>
<body>
  <div class='ocr_page' id='page_1' title='image "./opusevangelicum12wycl/opusevangelicum12wycl_0022.png"; bbox 0 0 2062 3327; ppageno 0'>
   <div class='ocr_carea' id='block_1_1' title="bbox 202 248 244 276">
    <p class='ocr_par' dir='ltr' id='par_1_1' title="bbox 202 248 244 276">
     <span class='ocr_line' id='line_1_1' title="bbox 202 248 244 276; baseline -0.048 0"><span class='ocrx_word' id='word_1_1' title='bbox 202 248 244 276; x_wconf 77' lang='grc' dir='ltr'>[Ζ</span> 
     </span>
    </p>
   </div>
   <div class='ocr_carea' id='block_1_2' title="bbox 203 364 451 460">
    <p class='ocr_par' dir='ltr' id='par_1_2' title="bbox 203 364 451 460">
     <span class='ocr_line' id='line_1_2' title="bbox 203 364 451 391; baseline -0.008 0"><span class='ocrx_word' id='word_1_2' title='bbox 203 364 251 391; x_wconf 84' lang='lat' dir='ltr'>All</span> <span class='ocrx_word' id='word_1_3' title='bbox 274 364 349 390; x_wconf 82' lang='lat' dir='ltr'>Iaws</span> <span class='ocrx_word' id='word_1_4' title='bbox 370 367 451 389; x_wconf 85' lang='lat' dir='ltr'>must</span> 
     </span>
     <span class='ocr_line' id='line_1_3' title="bbox 210 398 449 426; baseline -0.004 0"><span class='ocrx_word' id='word_1_5' title='bbox 210 403 269 426; x_wconf 86' lang='lat' dir='ltr'>rest</span> <span class='ocrx_word' id='word_1_6' title='bbox 289 407 328 425; x_wconf 88' lang='lat' dir='ltr'>on</span> <span class='ocrx_word' id='word_1_7' title='bbox 351 398 449 425; x_wconf 77' lang='lat' dir='ltr'>God&#39;s</span> 
     </span>
     <span class='ocr_line' id='line_1_4' title="bbox 292 434 359 460; baseline 0 0"><span class='ocrx_word' id='word_1_8' title='bbox 292 434 359 460; x_wconf 78' lang='lat' dir='ltr'>law.</span> 
     </span>
    </p>
   </div>
   <div class='ocr_carea' id='block_1_3' title="bbox 206 2343 468 2440">
    <p class='ocr_par' dir='ltr' id='par_1_3' title="bbox 206 2343 468 2440">
     <span class='ocr_line' id='line_1_5' title="bbox 208 2343 467 2370; baseline -0.012 0"><span class='ocrx_word' id='word_1_9' title='bbox 208 2343 376 2370; x_wconf 71' lang='lat' dir='ltr'>jowardicc</span> <span class='ocrx_word' id='word_1_10' title='bbox 397 2351 467 2368; x_wconf 85' lang='lat' dir='ltr'>now</span> 
     </span>
     <span class='ocr_line' id='line_1_6' title="bbox 206 2377 468 2405; baseline -0.008 0"><span class='ocrx_word' id='word_1_11' title='bbox 206 2379 349 2405; x_wconf 56' lang='lat' dir='ltr'>*revalcnt</span> <span class='ocrx_word' id='word_1_12' title='bbox 370 2377 398 2403; x_wconf 91' lang='lat' dir='ltr'>in</span> <span class='ocrx_word' id='word_1_13' title='bbox 421 2378 468 2404; x_wconf 72' lang='lat' dir='ltr'>the</span> 
     </span>
     <span class='ocr_line' id='line_1_7' title="bbox 272 2413 398 2440; baseline -0.016 0"><span class='ocrx_word' id='word_1_14' title='bbox 272 2413 398 2440; x_wconf 77' lang='lat' dir='ltr'>cliurcli.</span> 
     </span>
    </p>
   </div>
   <div class='ocr_carea' id='block_1_4' title="bbox 894 232 1795 285">
    <p class='ocr_par' dir='ltr' id='par_1_4' title="bbox 894 232 1795 285">
     <span class='ocr_line' id='line_1_8' title="bbox 894 232 1795 285; baseline -0.01 -9"><span class='ocrx_word' id='word_1_15' title='bbox 894 244 1013 276; x_wconf 76' lang='lat' dir='ltr'>opus</span> <span class='ocrx_word' id='word_1_16' title='bbox 1039 244 1375 275; x_wconf 81' lang='lat' dir='ltr'>EVANGELICUM</span> <span class='ocrx_word' id='word_1_17' title='bbox 1611 232 1722 285; x_wconf 86' lang='lat' dir='ltr'>[CAP.</span> <span class='ocrx_word' id='word_1_18' title='bbox 1744 241 1795 269; x_wconf 84' lang='lat' dir='ltr'>iv.</span> 
     </span>
    </p>
   </div>
   <div class='ocr_carea' id='block_1_5' title="bbox 478 349 1855 2602">
    <p class='ocr_par' dir='ltr' id='par_1_5' title="bbox 478 349 1855 1674">
     <span class='ocr_line' id='line_1_9' title="bbox 484 349 1797 398; baseline -0.002 -11"><span class='ocrx_word' id='word_1_19' title='bbox 484 353 688 396; x_wconf 82' lang='lat' dir='ltr'>edocetur,</span> <span class='ocrx_word' id='word_1_20' title='bbox 735 359 777 386; x_wconf 91' lang='lat' dir='ltr'>ut</span> <span class='ocrx_word' id='word_1_21' title='bbox 824 351 1034 398; x_wconf 80' lang='lat' dir='ltr'>allegando</span> <span class='ocrx_word' id='word_1_22' title='bbox 1082 350 1209 397; x_wconf 85' lang='lat' dir='ltr'>legem</span> <span class='ocrx_word' id='word_1_23' title='bbox 1260 349 1433 395; x_wconf 81' lang='lat' dir='ltr'>civilem,</span> <span class='ocrx_word' id='word_1_24' title='bbox 1485 350 1673 398; x_wconf 86' lang='lat' dir='ltr'>papalem</span> <span class='ocrx_word' id='word_1_25' title='bbox 1718 349 1797 386; x_wconf 93' lang='lat' dir='ltr'>sive</span> 
     </span>
     <span class='ocr_line' id='line_1_10' title="bbox 481 407 1796 456; baseline -0.001 -11"><span class='ocrx_word' id='word_1_26' title='bbox 481 408 717 445; x_wconf 82' lang='lat' dir='ltr'>canonicam</span> <span class='ocrx_word' id='word_1_27' title='bbox 762 408 899 444; x_wconf 88' lang='lat' dir='ltr'>statim</span> <span class='ocrx_word' id='word_1_28' title='bbox 944 407 1257 455; x_wconf 82' lang='lat' dir='ltr'>contempnitur,</span> <span class='ocrx_word' id='word_1_29' title='bbox 1303 407 1378 443; x_wconf 91' lang='lat' dir='ltr'>nisi</span> <span class='ocrx_word' id='word_1_30' title='bbox 1414 409 1463 444; x_wconf 88' lang='lat' dir='ltr'>de</span> <span class='ocrx_word' id='word_1_31' title='bbox 1497 416 1650 456; x_wconf 87' lang='lat' dir='ltr'>quanto</span> <span class='ocrx_word' id='word_1_32' title='bbox 1683 407 1796 455; x_wconf 83' lang='lat' dir='ltr'>origo</span> 
     </span>
     <span class='ocr_line' id='line_1_11' title="bbox 479 465 1796 514; baseline -0.001 -12"><span class='ocrx_word' id='word_1_33' title='bbox 479 466 562 502; x_wconf 90' lang='lat' dir='ltr'>eius</span> <span class='ocrx_word' id='word_1_34' title='bbox 594 466 634 502; x_wconf 91' lang='lat' dir='ltr'>in</span> <span class='ocrx_word' id='word_1_35' title='bbox 666 467 750 514; x_wconf 83' lang='lat' dir='ltr'>lege</span> <span class='ocrx_word' id='word_1_36' title='bbox 784 465 946 502; x_wconf 89' lang='lat' dir='ltr'>Domini</span> <span class='ocrx_word' id='word_1_37' title='bbox 979 474 1037 502; x_wconf 91' lang='lat' dir='ltr'>est</span> <span class='ocrx_word' id='word_1_38' title='bbox 1070 466 1226 502; x_wconf 89' lang='lat' dir='ltr'>edocta.</span> <span class='ocrx_word' id='word_1_39' title='bbox 1259 467 1360 501; x_wconf 90' lang='lat' dir='ltr'>Nam</span> <span class='ocrx_word' id='word_1_40' title='bbox 1395 465 1597 502; x_wconf 81' lang='lat' dir='ltr'><strong>sentencia</strong></span> <span class='ocrx_word' id='word_1_41' title='bbox 1630 465 1704 502; x_wconf 86' lang='lat' dir='ltr'>ista</span> <span class='ocrx_word' id='word_1_42' title='bbox 1739 474 1796 502; x_wconf 92' lang='lat' dir='ltr'>est</span> 
     </span>
     <span class='ocr_line' id='line_1_12' title="bbox 478 522 1794 568; baseline -0.002 -8"><span class='ocrx_word' id='word_1_43' title='bbox 478 525 591 560; x_wconf 90' lang='lat' dir='ltr'>valde</span> <span class='ocrx_word' id='word_1_44' title='bbox 625 524 823 560; x_wconf 89' lang='lat' dir='ltr'>catholica</span> <span class='ocrx_word' id='word_1_45' title='bbox 856 533 892 560; x_wconf 86' lang='lat' dir='ltr'>et</span> <span class='ocrx_word' id='word_1_46' title='bbox 924 532 1040 560; x_wconf 90' lang='lat' dir='ltr'>sonat</span> <span class='ocrx_word' id='word_1_47' title='bbox 1072 523 1113 559; x_wconf 92' lang='lat' dir='ltr'>in</span> <span class='ocrx_word' id='word_1_48' title='bbox 1135 522 1404 560; x_wconf 83' lang='lat' dir='ltr'>reverenciam</span> <span class='ocrx_word' id='word_1_49' title='bbox 1438 523 1548 559; x_wconf 90' lang='lat' dir='ltr'>verbi</span> <span class='ocrx_word' id='word_1_50' title='bbox 1581 523 1672 568; x_wconf 87' lang='lat' dir='ltr'>Dei;</span> <span class='ocrx_word' id='word_1_51' title='bbox 1704 523 1794 560; x_wconf 90' lang='lat' dir='ltr'>ideo</span> 
     </span>
     <span class='ocr_line' id='line_1_13' title="bbox 479 580 1829 630; baseline -0.001 -12"><span class='ocrx_word' id='word_1_52' title='bbox 479 582 606 618; x_wconf 89' lang='lat' dir='ltr'>fidelis</span> <span class='ocrx_word' id='word_1_53' title='bbox 638 594 721 618; x_wconf 91' lang='lat' dir='ltr'>non</span> <span class='ocrx_word' id='word_1_54' title='bbox 753 581 1019 629; x_wconf 83' lang='lat' dir='ltr'>pusillanimis</span> <span class='ocrx_word' id='word_1_55' title='bbox 1042 580 1152 617; x_wconf 88' lang='lat' dir='ltr'>illam</span> <span class='ocrx_word' id='word_1_56' title='bbox 1176 581 1405 617; x_wconf 90' lang='lat' dir='ltr'>defenderet</span> <span class='ocrx_word' id='word_1_57' title='bbox 1427 590 1636 630; x_wconf 85' lang='lat' dir='ltr'>tamquam</span> <span class='ocrx_word' id='word_1_58' title='bbox 1660 581 1793 617; x_wconf 89' lang='lat' dir='ltr'>fidem.</span> <span class='ocrx_word' id='word_1_59' title='bbox 1814 583 1829 615; x_wconf 77' lang='grc'>5</span> 
     </span>
     <span class='ocr_line' id='line_1_14' title="bbox 483 638 1796 688; baseline -0.002 -12"><span class='ocrx_word' id='word_1_60' title='bbox 483 642 649 676; x_wconf 81' lang='lat' dir='ltr'>Constat</span> <span class='ocrx_word' id='word_1_61' title='bbox 683 639 846 687; x_wconf 91' lang='lat' dir='ltr'>quidem</span> <span class='ocrx_word' id='word_1_62' title='bbox 881 640 990 688; x_wconf 91' lang='lat' dir='ltr'>quod</span> <span class='ocrx_word' id='word_1_63' title='bbox 1023 638 1182 675; x_wconf 89' lang='lat' dir='ltr'>infinita</span> <span class='ocrx_word' id='word_1_64' title='bbox 1215 638 1418 687; x_wconf 82' lang='lat' dir='ltr'>sapiencia</span> <span class='ocrx_word' id='word_1_65' title='bbox 1459 647 1593 687; x_wconf 91' lang='lat' dir='ltr'>posset</span> <span class='ocrx_word' id='word_1_66' title='bbox 1625 638 1796 676; x_wconf 81' lang='lat' dir='ltr'>faciliter</span> 
     </span>
     <span class='ocr_line' id='line_1_15' title="bbox 480 696 1796 745; baseline 0 -12"><span class='ocrx_word' id='word_1_67' title='bbox 480 699 574 734; x_wconf 87' lang='lat' dir='ltr'>dare</span> <span class='ocrx_word' id='word_1_68' title='bbox 606 697 735 745; x_wconf 86' lang='lat' dir='ltr'>legem</span> <span class='ocrx_word' id='word_1_69' title='bbox 754 697 793 733; x_wconf 92' lang='lat' dir='ltr'>in</span> <span class='ocrx_word' id='word_1_70' title='bbox 816 710 896 745; x_wconf 89' lang='lat' dir='ltr'>qua</span> <span class='ocrx_word' id='word_1_71' title='bbox 920 697 1102 745; x_wconf 83' lang='lat' dir='ltr'>explicite</span> <span class='ocrx_word' id='word_1_72' title='bbox 1124 697 1184 734; x_wconf 92' lang='lat' dir='ltr'>vel</span> <span class='ocrx_word' id='word_1_73' title='bbox 1207 696 1400 745; x_wconf 83' lang='lat' dir='ltr'>implicite</span> <span class='ocrx_word' id='word_1_74' title='bbox 1431 698 1652 733; x_wconf 88' lang='lat' dir='ltr'>secundum</span> <span class='ocrx_word' id='word_1_75' title='bbox 1686 698 1796 745; x_wconf 91' lang='lat' dir='ltr'>quod</span> 
     </span>
     <span class='ocr_line' id='line_1_16' title="bbox 479 754 1797 804; baseline -0.001 -13"><span class='ocrx_word' id='word_1_76' title='bbox 479 755 638 804; x_wconf 84' lang='lat' dir='ltr'>proficit</span> <span class='ocrx_word' id='word_1_77' title='bbox 661 755 791 791; x_wconf 88' lang='lat' dir='ltr'>omnis</span> <span class='ocrx_word' id='word_1_78' title='bbox 814 755 959 792; x_wconf 89' lang='lat' dir='ltr'>veritas</span> <span class='ocrx_word' id='word_1_79' title='bbox 983 763 1041 791; x_wconf 90' lang='lat' dir='ltr'>est</span> <span class='ocrx_word' id='word_1_80' title='bbox 1064 756 1224 801; x_wconf 82' lang='lat' dir='ltr'>edocta3</span> <span class='ocrx_word' id='word_1_81' title='bbox 1254 763 1291 791; x_wconf 92' lang='lat' dir='ltr'>et</span> <span class='ocrx_word' id='word_1_82' title='bbox 1313 755 1434 791; x_wconf 89' lang='lat' dir='ltr'>talem</span> <span class='ocrx_word' id='word_1_83' title='bbox 1457 756 1584 803; x_wconf 77' lang='lat' dir='ltr'>legem</span> <span class='ocrx_word' id='word_1_84' title='bbox 1610 754 1797 803; x_wconf 87' lang='lat' dir='ltr'>apparuit</span> 
     </span>
     <span class='ocr_line' id='line_1_17' title="bbox 481 812 1796 861; baseline 0 -12"><span class='ocrx_word' id='word_1_85' title='bbox 481 813 701 861; x_wconf 82' lang='lat' dir='ltr'>Augustino</span> <span class='ocrx_word' id='word_1_86' title='bbox 735 813 775 849; x_wconf 89' lang='lat' dir='ltr'>in</span> <span class='ocrx_word' id='word_1_87' title='bbox 808 813 944 850; x_wconf 89' lang='lat' dir='ltr'>multis</span> <span class='ocrx_word' id='word_1_88' title='bbox 977 812 1075 849; x_wconf 90' lang='lat' dir='ltr'>locis</span> <span class='ocrx_word' id='word_1_89' title='bbox 1110 815 1236 849; x_wconf 92' lang='lat' dir='ltr'>Deum</span> <span class='ocrx_word' id='word_1_90' title='bbox 1272 813 1439 849; x_wconf 83' lang='lat' dir='ltr'>ecclesie</span> <span class='ocrx_word' id='word_1_91' title='bbox 1471 825 1540 849; x_wconf 91' lang='lat' dir='ltr'>sue</span> <span class='ocrx_word' id='word_1_92' title='bbox 1573 814 1682 850; x_wconf 89' lang='lat' dir='ltr'>dare.</span> <span class='ocrx_word' id='word_1_93' title='bbox 1715 815 1796 849; x_wconf 91' lang='lat' dir='ltr'>Nec</span> 
     </span>
     <span class='ocr_line' id='line_1_18' title="bbox 480 870 1855 919; baseline -0.002 -12"><span class='ocrx_word' id='word_1_94' title='bbox 480 871 647 907; x_wconf 89' lang='lat' dir='ltr'>dubium</span> <span class='ocrx_word' id='word_1_95' title='bbox 682 870 778 919; x_wconf 88' lang='lat' dir='ltr'>quin</span> <span class='ocrx_word' id='word_1_96' title='bbox 822 872 873 907; x_wconf 90' lang='lat' dir='ltr'>ad</span> <span class='ocrx_word' id='word_1_97' title='bbox 918 870 1187 908; x_wconf 83' lang='lat' dir='ltr'>reverenciam</span> <span class='ocrx_word' id='word_1_98' title='bbox 1233 871 1334 907; x_wconf 90' lang='lat' dir='ltr'>foret</span> <span class='ocrx_word' id='word_1_99' title='bbox 1374 870 1471 919; x_wconf 82' lang='lat' dir='ltr'>legis</span> <span class='ocrx_word' id='word_1_100' title='bbox 1505 870 1635 907; x_wconf 89' lang='lat' dir='ltr'>divine</span> <span class='ocrx_word' id='word_1_101' title='bbox 1667 870 1794 919; x_wconf 83' lang='lat' dir='ltr'>ipsam</span> <span class='ocrx_word' id='word_1_102' title='bbox 1817 883 1855 904; x_wconf 92' lang='lat'>10</span> 
     </span>
     <span class='ocr_line' id='line_1_19' title="bbox 480 928 1794 977; baseline 0 -12"><span class='ocrx_word' id='word_1_103' title='bbox 480 929 520 965; x_wconf 90' lang='lat' dir='ltr'>in</span> <span class='ocrx_word' id='word_1_104' title='bbox 552 942 623 966; x_wconf 89' lang='lat' dir='ltr'>sua</span> <span class='ocrx_word' id='word_1_105' title='bbox 655 928 790 966; x_wconf 87' lang='lat' dir='ltr'>radice</span> <span class='ocrx_word' id='word_1_106' title='bbox 823 929 996 965; x_wconf 88' lang='lat' dir='ltr'>dimissis</span> <span class='ocrx_word' id='word_1_107' title='bbox 1030 928 1322 965; x_wconf 86' lang='lat' dir='ltr'>tradicionibus</span> <span class='ocrx_word' id='word_1_108' title='bbox 1356 929 1539 976; x_wconf 85' lang='lat' dir='ltr'>allegare.</span> <span class='ocrx_word' id='word_1_109' title='bbox 1581 930 1672 965; x_wconf 89' lang='lat' dir='ltr'>Ideo</span> <span class='ocrx_word' id='word_1_110' title='bbox 1705 941 1794 977; x_wconf 90' lang='lat' dir='ltr'>pro-</span> 
     </span>
     <span class='ocr_line' id='line_1_20' title="bbox 479 986 1796 1035; baseline 0 -12"><span class='ocrx_word' id='word_1_111' title='bbox 479 987 610 1035; x_wconf 87' lang='lat' dir='ltr'>posita</span> <span class='ocrx_word' id='word_1_112' title='bbox 638 986 920 1035; x_wconf 89' lang='lat' dir='ltr'>proposicione</span> <span class='ocrx_word' id='word_1_113' title='bbox 953 986 1208 1024; x_wconf 86' lang='lat' dir='ltr'>considerant</span> <span class='ocrx_word' id='word_1_114' title='bbox 1246 986 1310 1023; x_wconf 88' lang='lat' dir='ltr'>isti</span> <span class='ocrx_word' id='word_1_115' title='bbox 1342 986 1373 1022; x_wconf 89' lang='lat' dir='ltr'>si</span> <span class='ocrx_word' id='word_1_116' title='bbox 1407 986 1456 1022; x_wconf 88' lang='lat' dir='ltr'>sit</span> <span class='ocrx_word' id='word_1_117' title='bbox 1489 986 1719 1035; x_wconf 87' lang='lat' dir='ltr'>proposicio</span> <span class='ocrx_word' id='word_1_118' title='bbox 1753 999 1796 1023; x_wconf 86' lang='lat' dir='ltr'>ex</span> 
     </span>
     <span class='ocr_line' id='line_1_21' title="bbox 480 1043 1795 1093; baseline -0.001 -12"><span class='ocrx_word' id='word_1_119' title='bbox 480 1045 692 1093; x_wconf 84' lang='lat' dir='ltr'>scriptura,</span> <span class='ocrx_word' id='word_1_120' title='bbox 724 1054 761 1081; x_wconf 92' lang='lat' dir='ltr'>et</span> <span class='ocrx_word' id='word_1_121' title='bbox 783 1054 878 1082; x_wconf 87' lang='lat' dir='ltr'>tunc</span> <span class='ocrx_word' id='word_1_122' title='bbox 902 1045 1010 1082; x_wconf 91' lang='lat' dir='ltr'>illam</span> <span class='ocrx_word' id='word_1_123' title='bbox 1035 1046 1261 1082; x_wconf 85' lang='lat' dir='ltr'>concedunt</span> <span class='ocrx_word' id='word_1_124' title='bbox 1284 1045 1335 1081; x_wconf 89' lang='lat' dir='ltr'>ad</span> <span class='ocrx_word' id='word_1_125' title='bbox 1358 1057 1517 1081; x_wconf 90' lang='lat' dir='ltr'>sensum</span> <span class='ocrx_word' id='word_1_126' title='bbox 1551 1043 1795 1081; x_wconf 89' lang='lat' dir='ltr'>catholicum</span> 
     </span>
     <span class='ocr_line' id='line_1_22' title="bbox 480 1101 1796 1151; baseline -0.001 -12"><span class='ocrx_word' id='word_1_127' title='bbox 480 1112 646 1151; x_wconf 88' lang='lat' dir='ltr'>propter</span> <span class='ocrx_word' id='word_1_128' title='bbox 679 1103 951 1140; x_wconf 88' lang='lat' dir='ltr'>reverenciam</span> <span class='ocrx_word' id='word_1_129' title='bbox 986 1103 1103 1140; x_wconf 91' lang='lat' dir='ltr'>huius</span> <span class='ocrx_word' id='word_1_130' title='bbox 1135 1102 1244 1150; x_wconf 77' lang='lat' dir='ltr'>legis.</span> <span class='ocrx_word' id='word_1_131' title='bbox 1280 1103 1328 1138; x_wconf 88' lang='lat' dir='ltr'>Et</span> <span class='ocrx_word' id='word_1_132' title='bbox 1360 1102 1391 1138; x_wconf 91' lang='lat' dir='ltr'>si</span> <span class='ocrx_word' id='word_1_133' title='bbox 1414 1101 1463 1138; x_wconf 90' lang='lat' dir='ltr'>sit</span> <span class='ocrx_word' id='word_1_134' title='bbox 1488 1102 1719 1151; x_wconf 88' lang='lat' dir='ltr'>proposicio</span> <span class='ocrx_word' id='word_1_135' title='bbox 1753 1114 1796 1138; x_wconf 86' lang='lat' dir='ltr'>ex</span> 
     </span>
     <span class='ocr_line' id='line_1_23' title="bbox 481 1159 1853 1206; baseline -0.001 -9"><span class='ocrx_word' id='word_1_136' title='bbox 481 1173 599 1197; x_wconf 87' lang='lat' dir='ltr'>sensu</span> <span class='ocrx_word' id='word_1_137' title='bbox 633 1161 810 1198; x_wconf 89' lang='lat' dir='ltr'>humano</span> <span class='ocrx_word' id='word_1_138' title='bbox 845 1163 987 1198; x_wconf 88' lang='lat' dir='ltr'>edocta</span> <span class='ocrx_word' id='word_1_139' title='bbox 1019 1162 1080 1197; x_wconf 94' lang='lat' dir='ltr'>vel</span> <span class='ocrx_word' id='word_1_140' title='bbox 1113 1161 1275 1197; x_wconf 87' lang='lat' dir='ltr'>racione</span> <span class='ocrx_word' id='word_1_141' title='bbox 1308 1159 1495 1206; x_wconf 87' lang='lat' dir='ltr'>naturali,</span> <span class='ocrx_word' id='word_1_142' title='bbox 1540 1170 1636 1197; x_wconf 89' lang='lat' dir='ltr'>tunc</span> <span class='ocrx_word' id='word_1_143' title='bbox 1668 1159 1793 1197; x_wconf 89' lang='lat' dir='ltr'>eciam</span> <span class='ocrx_word' id='word_1_144' title='bbox 1817 1162 1853 1194; x_wconf 75' lang='lat'>15</span> 
     </span>
     <span class='ocr_line' id='line_1_24' title="bbox 480 1217 1795 1268; baseline 0 -14"><span class='ocrx_word' id='word_1_145' title='bbox 480 1219 607 1267; x_wconf 87' lang='lat' dir='ltr'>ipsam</span> <span class='ocrx_word' id='word_1_146' title='bbox 643 1220 884 1264; x_wconf 80' lang='lat' dir='ltr'>concedunt7</span> <span class='ocrx_word' id='word_1_147' title='bbox 930 1219 1024 1268; x_wconf 89' lang='lat' dir='ltr'>quia</span> <span class='ocrx_word' id='word_1_148' title='bbox 1058 1219 1256 1255; x_wconf 87' lang='lat' dir='ltr'>Dominus</span> <span class='ocrx_word' id='word_1_149' title='bbox 1289 1217 1420 1267; x_wconf 85' lang='lat' dir='ltr'>ipsam</span> <span class='ocrx_word' id='word_1_150' title='bbox 1454 1220 1585 1265; x_wconf 88' lang='lat' dir='ltr'>docet,</span> <span class='ocrx_word' id='word_1_151' title='bbox 1627 1226 1665 1255; x_wconf 89' lang='lat' dir='ltr'>et</span> <span class='ocrx_word' id='word_1_152' title='bbox 1697 1217 1795 1254; x_wconf 82' lang='lat' dir='ltr'>alias</span> 
     </span>
     <span class='ocr_line' id='line_1_25' title="bbox 480 1276 1792 1325; baseline -0.001 -12"><span class='ocrx_word' id='word_1_153' title='bbox 480 1276 784 1325; x_wconf 89' lang='lat' dir='ltr'>proposiciones</span> <span class='ocrx_word' id='word_1_154' title='bbox 823 1277 1001 1314; x_wconf 87' lang='lat' dir='ltr'>abiciunt</span> <span class='ocrx_word' id='word_1_155' title='bbox 1045 1286 1254 1325; x_wconf 89' lang='lat' dir='ltr'>tamquam</span> <span class='ocrx_word' id='word_1_156' title='bbox 1304 1276 1558 1325; x_wconf 81' lang='lat' dir='ltr'>apocriphas,</span> <span class='ocrx_word' id='word_1_157' title='bbox 1600 1289 1691 1313; x_wconf 91' lang='lat' dir='ltr'>cum</span> <span class='ocrx_word' id='word_1_158' title='bbox 1725 1288 1792 1312; x_wconf 91' lang='lat' dir='ltr'>ne-</span> 
     </span>
     <span class='ocr_line' id='line_1_26' title="bbox 479 1333 1797 1384; baseline -0.002 -13"><span class='ocrx_word' id='word_1_159' title='bbox 479 1334 611 1372; x_wconf 89' lang='lat' dir='ltr'>sciunt</span> <span class='ocrx_word' id='word_1_160' title='bbox 657 1335 688 1371; x_wconf 89' lang='lat' dir='ltr'>si</span> <span class='ocrx_word' id='word_1_161' title='bbox 733 1335 816 1384; x_wconf 87' lang='lat' dir='ltr'>ipse</span> <span class='ocrx_word' id='word_1_162' title='bbox 860 1348 882 1372; x_wconf 90' lang='lat' dir='ltr'>a</span> <span class='ocrx_word' id='word_1_163' title='bbox 926 1335 1056 1384; x_wconf 86' lang='lat' dir='ltr'>prima</span> <span class='ocrx_word' id='word_1_164' title='bbox 1102 1334 1305 1383; x_wconf 86' lang='lat' dir='ltr'>sapiencia</span> <span class='ocrx_word' id='word_1_165' title='bbox 1337 1343 1585 1372; x_wconf 89' lang='lat' dir='ltr'>emanarunt.</span> <span class='ocrx_word' id='word_1_166' title='bbox 1649 1336 1697 1370; x_wconf 90' lang='lat' dir='ltr'>Et</span> <span class='ocrx_word' id='word_1_167' title='bbox 1742 1333 1797 1370; x_wconf 90' lang='lat' dir='ltr'>ita</span> 
     </span>
     <span class='ocr_line' id='line_1_27' title="bbox 480 1392 1797 1442; baseline -0.002 -13"><span class='ocrx_word' id='word_1_168' title='bbox 480 1406 740 1442; x_wconf 91' lang='lat' dir='ltr'>quascunque</span> <span class='ocrx_word' id='word_1_169' title='bbox 778 1393 1023 1430; x_wconf 86' lang='lat' dir='ltr'>tradiciones</span> <span class='ocrx_word' id='word_1_170' title='bbox 1062 1394 1193 1441; x_wconf 84' lang='lat' dir='ltr'>legum</span> <span class='ocrx_word' id='word_1_171' title='bbox 1236 1392 1446 1429; x_wconf 88' lang='lat' dir='ltr'>hominum</span> <span class='ocrx_word' id='word_1_172' title='bbox 1485 1401 1692 1440; x_wconf 90' lang='lat' dir='ltr'>tamquam</span> <span class='ocrx_word' id='word_1_173' title='bbox 1734 1405 1797 1428; x_wconf 89' lang='lat' dir='ltr'>su-</span> 
     </span>
     <span class='ocr_line' id='line_1_28' title="bbox 480 1450 1855 1499; baseline -0.002 -11"><span class='ocrx_word' id='word_1_174' title='bbox 480 1460 638 1499; x_wconf 87' lang='lat' dir='ltr'>spectas</span> <span class='ocrx_word' id='word_1_175' title='bbox 681 1453 728 1488; x_wconf 89' lang='lat' dir='ltr'>de</span> <span class='ocrx_word' id='word_1_176' title='bbox 771 1451 914 1497; x_wconf 87' lang='lat' dir='ltr'>heresi,</span> <span class='ocrx_word' id='word_1_177' title='bbox 962 1453 1057 1487; x_wconf 88' lang='lat' dir='ltr'>dum</span> <span class='ocrx_word' id='word_1_178' title='bbox 1102 1451 1141 1487; x_wconf 89' lang='lat' dir='ltr'>in</span> <span class='ocrx_word' id='word_1_179' title='bbox 1182 1452 1267 1499; x_wconf 86' lang='lat' dir='ltr'>lege</span> <span class='ocrx_word' id='word_1_180' title='bbox 1308 1450 1470 1487; x_wconf 88' lang='lat' dir='ltr'>Domini</span> <span class='ocrx_word' id='word_1_181' title='bbox 1511 1451 1676 1487; x_wconf 89' lang='lat' dir='ltr'>fundate</span> <span class='ocrx_word' id='word_1_182' title='bbox 1717 1462 1797 1486; x_wconf 92' lang='lat' dir='ltr'>non</span> <span class='ocrx_word' id='word_1_183' title='bbox 1814 1461 1855 1481; x_wconf 89' lang='lat'>20</span> 
     </span>
     <span class='ocr_line' id='line_1_29' title="bbox 479 1507 1796 1556; baseline -0.002 -11"><span class='ocrx_word' id='word_1_184' title='bbox 479 1509 639 1556; x_wconf 82' lang='lat' dir='ltr'>fuerint,</span> <span class='ocrx_word' id='word_1_185' title='bbox 672 1509 850 1546; x_wconf 88' lang='lat' dir='ltr'>abiciunt</span> <span class='ocrx_word' id='word_1_186' title='bbox 881 1518 925 1546; x_wconf 92' lang='lat' dir='ltr'>ut</span> <span class='ocrx_word' id='word_1_187' title='bbox 956 1521 1166 1546; x_wconf 88' lang='lat' dir='ltr'>venenum.</span> <span class='ocrx_word' id='word_1_188' title='bbox 1212 1511 1261 1545; x_wconf 88' lang='lat' dir='ltr'>Et</span> <span class='ocrx_word' id='word_1_189' title='bbox 1304 1508 1380 1545; x_wconf 88' lang='lat' dir='ltr'>ista</span> <span class='ocrx_word' id='word_1_190' title='bbox 1427 1508 1554 1544; x_wconf 88' lang='lat' dir='ltr'>fidelis</span> <span class='ocrx_word' id='word_1_191' title='bbox 1595 1507 1796 1544; x_wconf 86' lang='lat' dir='ltr'>sentencia</span> 
     </span>
     <span class='ocr_line' id='line_1_30' title="bbox 480 1565 1795 1615; baseline -0.002 -11"><span class='ocrx_word' id='word_1_192' title='bbox 480 1567 701 1615; x_wconf 87' lang='lat' dir='ltr'>practizata</span> <span class='ocrx_word' id='word_1_193' title='bbox 734 1567 904 1604; x_wconf 87' lang='lat' dir='ltr'>fideliter</span> <span class='ocrx_word' id='word_1_194' title='bbox 931 1567 1130 1604; x_wconf 85' lang='lat' dir='ltr'>resisteret</span> <span class='ocrx_word' id='word_1_195' title='bbox 1153 1575 1318 1615; x_wconf 83' lang='lat' dir='ltr'>peccato</span> <span class='ocrx_word' id='word_1_196' title='bbox 1336 1565 1571 1603; x_wconf 87' lang='lat' dir='ltr'>Antichristi</span> <span class='ocrx_word' id='word_1_197' title='bbox 1604 1566 1644 1602; x_wconf 91' lang='lat' dir='ltr'>in</span> <span class='ocrx_word' id='word_1_198' title='bbox 1676 1578 1795 1614; x_wconf 85' lang='lat' dir='ltr'>papa,</span> 
     </span>
     <span class='ocr_line' id='line_1_31' title="bbox 480 1624 1344 1674; baseline 0 -13"><span class='ocrx_word' id='word_1_199' title='bbox 480 1625 679 1674; x_wconf 87' lang='lat' dir='ltr'>episcopis</span> <span class='ocrx_word' id='word_1_200' title='bbox 713 1635 750 1662; x_wconf 93' lang='lat' dir='ltr'>et</span> <span class='ocrx_word' id='word_1_201' title='bbox 784 1625 937 1662; x_wconf 89' lang='lat' dir='ltr'>cunctis</span> <span class='ocrx_word' id='word_1_202' title='bbox 970 1625 1134 1674; x_wconf 88' lang='lat' dir='ltr'>prelatis</span> <span class='ocrx_word' id='word_1_203' title='bbox 1168 1624 1344 1662; x_wconf 87' lang='lat' dir='ltr'>cesariis.</span> 
     </span>
    </p>

    <p class='ocr_par' dir='ltr' id='par_1_6' title="bbox 480 1681 1854 2312">
     <span class='ocr_line' id='line_1_32' title="bbox 538 1681 1795 1731; baseline -0.002 -12"><span class='ocrx_word' id='word_1_204' title='bbox 538 1684 743 1720; x_wconf 88' lang='lat' dir='ltr'>Fundacio</span> <span class='ocrx_word' id='word_1_205' title='bbox 783 1693 917 1720; x_wconf 91' lang='lat' dir='ltr'>autem</span> <span class='ocrx_word' id='word_1_206' title='bbox 951 1683 1063 1720; x_wconf 90' lang='lat' dir='ltr'>istius</span> <span class='ocrx_word' id='word_1_207' title='bbox 1098 1682 1189 1719; x_wconf 90' lang='lat' dir='ltr'>fidei</span> <span class='ocrx_word' id='word_1_208' title='bbox 1229 1682 1394 1731; x_wconf 82' lang='lat' dir='ltr'>erigitur</span> <span class='ocrx_word' id='word_1_209' title='bbox 1427 1694 1546 1730; x_wconf 91' lang='lat' dir='ltr'>super</span> <span class='ocrx_word' id='word_1_210' title='bbox 1578 1682 1653 1718; x_wconf 91' lang='lat' dir='ltr'>isto</span> <span class='ocrx_word' id='word_1_211' title='bbox 1687 1681 1795 1730; x_wconf 90' lang='lat' dir='ltr'>quod</span> 
     </span>
     <span class='ocr_line' id='line_1_33' title="bbox 482 1741 1852 1790; baseline -0.004 -12"><span class='ocrx_word' id='word_1_212' title='bbox 482 1741 587 1778; x_wconf 90' lang='lat' dir='ltr'>idem</span> <span class='ocrx_word' id='word_1_213' title='bbox 612 1751 669 1779; x_wconf 90' lang='lat' dir='ltr'>est</span> <span class='ocrx_word' id='word_1_214' title='bbox 691 1741 895 1779; x_wconf 84' lang='lat' dir='ltr'>Christum</span> <span class='ocrx_word' id='word_1_215' title='bbox 920 1741 1085 1790; x_wconf 83' lang='lat' dir='ltr'>diligere</span> <span class='ocrx_word' id='word_1_216' title='bbox 1110 1750 1146 1778; x_wconf 92' lang='lat' dir='ltr'>et</span> <span class='ocrx_word' id='word_1_217' title='bbox 1171 1741 1334 1789; x_wconf 86' lang='lat' dir='ltr'>diligere</span> <span class='ocrx_word' id='word_1_218' title='bbox 1357 1741 1486 1789; x_wconf 85' lang='lat' dir='ltr'>legem</span> <span class='ocrx_word' id='word_1_219' title='bbox 1520 1753 1646 1777; x_wconf 90' lang='lat' dir='ltr'>suam.</span> <span class='ocrx_word' id='word_1_220' title='bbox 1682 1741 1795 1775; x_wconf 86' lang='lat' dir='ltr'>Patet</span> <span class='ocrx_word' id='word_1_221' title='bbox 1813 1741 1852 1772; x_wconf 76' lang='lat'>25</span> 
     </span>
     <span class='ocr_line' id='line_1_34' title="bbox 481 1799 1796 1848; baseline -0.003 -12"><span class='ocrx_word' id='word_1_222' title='bbox 481 1812 523 1836; x_wconf 84' lang='lat' dir='ltr'>ex</span> <span class='ocrx_word' id='word_1_223' title='bbox 558 1800 635 1836; x_wconf 85' lang='lat' dir='ltr'>fide</span> <span class='ocrx_word' id='word_1_224' title='bbox 678 1799 871 1836; x_wconf 87' lang='lat' dir='ltr'>Johannis</span> <span class='ocrx_word' id='word_1_225' title='bbox 916 1801 1014 1845; x_wconf 84' lang='lat' dir='ltr'>XIV,</span> <span class='ocrx_word' id='word_1_226' title='bbox 1051 1809 1124 1835; x_wconf 86' lang='lat'>21:</span> <span class='ocrx_word' id='word_1_227' title='bbox 1169 1799 1234 1848; x_wconf 83' lang='lat' dir='ltr'>qui</span> <span class='ocrx_word' id='word_1_228' title='bbox 1275 1799 1385 1835; x_wconf 79' lang='lat' dir='ltr'>habet</span> <span class='ocrx_word' id='word_1_229' title='bbox 1424 1799 1607 1834; x_wconf 79' lang='lat' dir='ltr'>mandata</span> <span class='ocrx_word' id='word_1_230' title='bbox 1646 1810 1729 1833; x_wconf 82' lang='lat' dir='ltr'>mea</span> <span class='ocrx_word' id='word_1_231' title='bbox 1762 1804 1796 1833; x_wconf 85' lang='lat' dir='ltr'>et</span> 
     </span>
     <span class='ocr_line' id='line_1_35' title="bbox 480 1856 1796 1908; baseline -0.002 -14"><span class='ocrx_word' id='word_1_232' title='bbox 480 1865 611 1894; x_wconf 80' lang='lat' dir='ltr'>servat</span> <span class='ocrx_word' id='word_1_233' title='bbox 643 1871 700 1905; x_wconf 76' lang='lat' dir='ltr'>ea,</span> <span class='ocrx_word' id='word_1_234' title='bbox 732 1858 796 1894; x_wconf 82' lang='lat' dir='ltr'>ille</span> <span class='ocrx_word' id='word_1_235' title='bbox 829 1866 884 1894; x_wconf 82' lang='lat' dir='ltr'>est</span> <span class='ocrx_word' id='word_1_236' title='bbox 918 1858 982 1907; x_wconf 78' lang='lat' dir='ltr'>qui</span> <span class='ocrx_word' id='word_1_237' title='bbox 1010 1857 1138 1908; x_wconf 80' lang='lat' dir='ltr'>diligit</span> <span class='ocrx_word' id='word_1_238' title='bbox 1170 1870 1240 1893; x_wconf 84' lang='lat' dir='ltr'>me.</span> <span class='ocrx_word' id='word_1_239' title='bbox 1274 1859 1322 1893; x_wconf 89' lang='lat' dir='ltr'>Et</span> <span class='ocrx_word' id='word_1_240' title='bbox 1346 1869 1389 1893; x_wconf 85' lang='lat' dir='ltr'>ex</span> <span class='ocrx_word' id='word_1_241' title='bbox 1413 1857 1550 1893; x_wconf 89' lang='lat' dir='ltr'>eadem</span> <span class='ocrx_word' id='word_1_242' title='bbox 1577 1856 1654 1892; x_wconf 83' lang='lat' dir='ltr'>fide</span> <span class='ocrx_word' id='word_1_243' title='bbox 1687 1863 1796 1903; x_wconf 88' lang='lat' dir='ltr'>patet</span> 
     </span>
     <span class='ocr_line' id='line_1_36' title="bbox 481 1914 1796 1965; baseline -0.002 -13"><span class='ocrx_word' id='word_1_244' title='bbox 481 1917 589 1965; x_wconf 90' lang='lat' dir='ltr'>quod</span> <span class='ocrx_word' id='word_1_245' title='bbox 623 1916 837 1953; x_wconf 86' lang='lat' dir='ltr'>admittere</span> <span class='ocrx_word' id='word_1_246' title='bbox 881 1928 1001 1964; x_wconf 90' lang='lat' dir='ltr'>super</span> <span class='ocrx_word' id='word_1_247' title='bbox 1045 1917 1148 1952; x_wconf 88' lang='lat' dir='ltr'>hanc</span> <span class='ocrx_word' id='word_1_248' title='bbox 1196 1916 1323 1963; x_wconf 84' lang='lat' dir='ltr'>legem</span> <span class='ocrx_word' id='word_1_249' title='bbox 1369 1914 1532 1951; x_wconf 89' lang='lat' dir='ltr'>Domini</span> <span class='ocrx_word' id='word_1_250' title='bbox 1565 1914 1692 1962; x_wconf 82' lang='lat' dir='ltr'>legem</span> <span class='ocrx_word' id='word_1_251' title='bbox 1727 1914 1796 1949; x_wconf 92' lang='lat' dir='ltr'>ho-</span> 
     </span>
     <span class='ocr_line' id='line_1_37' title="bbox 482 1971 1797 2022; baseline -0.002 -12"><span class='ocrx_word' id='word_1_252' title='bbox 482 1973 635 2010; x_wconf 89' lang='lat' dir='ltr'>minum</span> <span class='ocrx_word' id='word_1_253' title='bbox 671 1983 898 2011; x_wconf 83' lang='lat' dir='ltr'>extraneam</span> <span class='ocrx_word' id='word_1_254' title='bbox 932 1973 973 2010; x_wconf 89' lang='lat' dir='ltr'>in</span> <span class='ocrx_word' id='word_1_255' title='bbox 1005 1974 1090 2022; x_wconf 81' lang='lat' dir='ltr'>lege</span> <span class='ocrx_word' id='word_1_256' title='bbox 1113 1972 1275 2009; x_wconf 90' lang='lat' dir='ltr'>Domini</span> <span class='ocrx_word' id='word_1_257' title='bbox 1299 1985 1381 2009; x_wconf 90' lang='lat' dir='ltr'>non</span> <span class='ocrx_word' id='word_1_258' title='bbox 1403 1973 1611 2009; x_wconf 89' lang='lat' dir='ltr'>fundatam</span> <span class='ocrx_word' id='word_1_259' title='bbox 1645 1971 1797 2007; x_wconf 88' lang='lat' dir='ltr'>indicat</span> 
     </span>
     <span class='ocr_line' id='line_1_38' title="bbox 482 2028 1854 2081; baseline -0.004 -13"><span class='ocrx_word' id='word_1_260' title='bbox 482 2033 528 2068; x_wconf 91' lang='lat' dir='ltr'>de</span> <span class='ocrx_word' id='word_1_261' title='bbox 561 2041 674 2069; x_wconf 83' lang='lat' dir='ltr'>tanto</span> <span class='ocrx_word' id='word_1_262' title='bbox 698 2032 970 2081; x_wconf 90' lang='lat' dir='ltr'>perdicionem</span> <span class='ocrx_word' id='word_1_263' title='bbox 1006 2030 1155 2068; x_wconf 88' lang='lat' dir='ltr'>amoris</span> <span class='ocrx_word' id='word_1_264' title='bbox 1188 2031 1285 2079; x_wconf 85' lang='lat' dir='ltr'>legis</span> <span class='ocrx_word' id='word_1_265' title='bbox 1310 2030 1456 2067; x_wconf 85' lang='lat' dir='ltr'>Christi</span> <span class='ocrx_word' id='word_1_266' title='bbox 1490 2031 1597 2078; x_wconf 92' lang='lat' dir='ltr'>quod</span> <span class='ocrx_word' id='word_1_267' title='bbox 1630 2028 1796 2066; x_wconf 90' lang='lat' dir='ltr'>omnino</span> <span class='ocrx_word' id='word_1_268' title='bbox 1813 2032 1854 2064; x_wconf 83' lang='lat'>30</span> 
     </span>
     <span class='ocr_line' id='line_1_39' title="bbox 482 2087 1796 2139; baseline -0.003 -13"><span class='ocrx_word' id='word_1_269' title='bbox 482 2089 633 2127; x_wconf 88' lang='lat' dir='ltr'>indicat</span> <span class='ocrx_word' id='word_1_270' title='bbox 677 2099 900 2139; x_wconf 79' lang='lat' dir='ltr'>peccatum,</span> <span class='ocrx_word' id='word_1_271' title='bbox 942 2103 1033 2127; x_wconf 89' lang='lat' dir='ltr'>cum</span> <span class='ocrx_word' id='word_1_272' title='bbox 1085 2088 1252 2138; x_wconf 88' lang='lat' dir='ltr'>quilibet</span> <span class='ocrx_word' id='word_1_273' title='bbox 1297 2090 1414 2125; x_wconf 89' lang='lat' dir='ltr'>debet</span> <span class='ocrx_word' id='word_1_274' title='bbox 1458 2091 1586 2124; x_wconf 88' lang='lat' dir='ltr'>Deum</span> <span class='ocrx_word' id='word_1_275' title='bbox 1632 2087 1796 2135; x_wconf 86' lang='lat' dir='ltr'>diligere</span> 
     </span>
     <span class='ocr_line' id='line_1_40' title="bbox 481 2145 1798 2195; baseline -0.003 -10"><span class='ocrx_word' id='word_1_276' title='bbox 481 2157 565 2185; x_wconf 90' lang='lat' dir='ltr'>toto</span> <span class='ocrx_word' id='word_1_277' title='bbox 604 2150 736 2185; x_wconf 92' lang='lat' dir='ltr'>corde.</span> <span class='ocrx_word' id='word_1_278' title='bbox 801 2149 909 2184; x_wconf 89' lang='lat' dir='ltr'>Istud</span> <span class='ocrx_word' id='word_1_279' title='bbox 949 2157 1083 2185; x_wconf 86' lang='lat' dir='ltr'>autem</span> <span class='ocrx_word' id='word_1_280' title='bbox 1124 2155 1335 2195; x_wconf 86' lang='lat' dir='ltr'>peccatum</span> <span class='ocrx_word' id='word_1_281' title='bbox 1381 2159 1465 2183; x_wconf 90' lang='lat' dir='ltr'>non</span> <span class='ocrx_word' id='word_1_282' title='bbox 1515 2147 1631 2182; x_wconf 88' lang='lat' dir='ltr'>debet</span> <span class='ocrx_word' id='word_1_283' title='bbox 1668 2145 1798 2182; x_wconf 87' lang='lat' dir='ltr'>viator</span> 
     </span>
     <span class='ocr_line' id='line_1_41' title="bbox 483 2203 1797 2255; baseline -0.004 -12"><span class='ocrx_word' id='word_1_284' title='bbox 483 2206 734 2243; x_wconf 91' lang='lat' dir='ltr'>committere</span> <span class='ocrx_word' id='word_1_285' title='bbox 772 2215 939 2255; x_wconf 88' lang='lat' dir='ltr'>propter</span> <span class='ocrx_word' id='word_1_286' title='bbox 985 2208 1133 2242; x_wconf 84' lang='lat' dir='ltr'>bonum</span> <span class='ocrx_word' id='word_1_287' title='bbox 1182 2205 1346 2254; x_wconf 91' lang='lat' dir='ltr'>aliquod</span> <span class='ocrx_word' id='word_1_288' title='bbox 1400 2203 1691 2253; x_wconf 89' lang='lat' dir='ltr'>acquirendum</span> <span class='ocrx_word' id='word_1_289' title='bbox 1736 2203 1797 2239; x_wconf 89' lang='lat' dir='ltr'>vel</span> 
     </span>
     <span class='ocr_line' id='line_1_42' title="bbox 483 2264 1211 2312; baseline -0.001 -11"><span class='ocrx_word' id='word_1_290' title='bbox 483 2264 635 2312; x_wconf 88' lang='lat' dir='ltr'>aliquid</span> <span class='ocrx_word' id='word_1_291' title='bbox 668 2264 863 2312; x_wconf 87' lang='lat' dir='ltr'>penaliter</span> <span class='ocrx_word' id='word_1_292' title='bbox 896 2265 1211 2312; x_wconf 87' lang='lat' dir='ltr'>deperdendum.</span> 
     </span>
    </p>

    <p class='ocr_par' dir='ltr' id='par_1_7' title="bbox 483 2317 1853 2602">
     <span class='ocr_line' id='line_1_43' title="bbox 540 2317 1853 2370; baseline -0.005 -11"><span class='ocrx_word' id='word_1_293' title='bbox 540 2324 589 2358; x_wconf 86' lang='lat' dir='ltr'>Et</span> <span class='ocrx_word' id='word_1_294' title='bbox 613 2322 758 2359; x_wconf 81' lang='lat' dir='ltr'>existis</span> <span class='ocrx_word' id='word_1_295' title='bbox 783 2322 997 2359; x_wconf 89' lang='lat' dir='ltr'>correlarie</span> <span class='ocrx_word' id='word_1_296' title='bbox 1021 2322 1223 2370; x_wconf 84' lang='lat' dir='ltr'>colligitur</span> <span class='ocrx_word' id='word_1_297' title='bbox 1247 2334 1368 2369; x_wconf 88' lang='lat' dir='ltr'>quam</span> <span class='ocrx_word' id='word_1_298' title='bbox 1387 2333 1524 2357; x_wconf 90' lang='lat' dir='ltr'>vecors</span> <span class='ocrx_word' id='word_1_299' title='bbox 1548 2328 1605 2356; x_wconf 92' lang='lat' dir='ltr'>est</span> <span class='ocrx_word' id='word_1_300' title='bbox 1629 2317 1797 2355; x_wconf 89' lang='lat' dir='ltr'>ecclesia</span> <span class='ocrx_word' id='word_1_301' title='bbox 1814 2320 1853 2354; x_wconf 76' lang='lat'>35</span> 
     </span>
     <span class='ocr_line' id='line_1_44' title="bbox 483 2376 1796 2428; baseline -0.004 -12"><span class='ocrx_word' id='word_1_302' title='bbox 483 2380 522 2415; x_wconf 93' lang='lat' dir='ltr'>in</span> <span class='ocrx_word' id='word_1_303' title='bbox 557 2380 633 2416; x_wconf 84' lang='lat' dir='ltr'>fine</span> <span class='ocrx_word' id='word_1_304' title='bbox 670 2390 896 2428; x_wconf 90' lang='lat' dir='ltr'>temporum</span> <span class='ocrx_word' id='word_1_305' title='bbox 931 2381 1093 2416; x_wconf 85' lang='lat' dir='ltr'>seducta</span> <span class='ocrx_word' id='word_1_306' title='bbox 1121 2388 1284 2427; x_wconf 88' lang='lat' dir='ltr'>propter</span> <span class='ocrx_word' id='word_1_307' title='bbox 1316 2377 1515 2415; x_wconf 89' lang='lat' dir='ltr'>versucias</span> <span class='ocrx_word' id='word_1_308' title='bbox 1548 2376 1796 2413; x_wconf 87' lang='lat' dir='ltr'>Antichristi.</span> 
     </span>
     <span class='ocr_line' id='line_1_45' title="bbox 485 2433 1797 2486; baseline -0.004 -12"><span class='ocrx_word' id='word_1_309' title='bbox 485 2439 591 2474; x_wconf 89' lang='lat' dir='ltr'>Olim</span> <span class='ocrx_word' id='word_1_310' title='bbox 618 2438 722 2474; x_wconf 89' lang='lat' dir='ltr'>enim</span> <span class='ocrx_word' id='word_1_311' title='bbox 747 2447 912 2486; x_wconf 88' lang='lat' dir='ltr'>propter</span> <span class='ocrx_word' id='word_1_312' title='bbox 934 2437 1206 2474; x_wconf 87' lang='lat' dir='ltr'>servacionem</span> <span class='ocrx_word' id='word_1_313' title='bbox 1234 2436 1350 2472; x_wconf 88' lang='lat' dir='ltr'>huius</span> <span class='ocrx_word' id='word_1_314' title='bbox 1380 2435 1471 2472; x_wconf 88' lang='lat' dir='ltr'>fidei</span> <span class='ocrx_word' id='word_1_315' title='bbox 1496 2436 1649 2486; x_wconf 77' lang='lat' dir='ltr'>Diliges</span> <span class='ocrx_word' id='word_1_316' title='bbox 1670 2433 1797 2471; x_wconf 78' lang='lat' dir='ltr'>Deum</span> 
     </span>
     <span class='ocr_line' id='line_1_46' title="bbox 484 2492 1799 2543; baseline -0.002 -12"><span class='ocrx_word' id='word_1_317' title='bbox 484 2508 534 2532; x_wconf 80' lang='lat' dir='ltr'>ex</span> <span class='ocrx_word' id='word_1_318' title='bbox 571 2503 648 2532; x_wconf 84' lang='lat' dir='ltr'>toto</span> <span class='ocrx_word' id='word_1_319' title='bbox 687 2497 804 2532; x_wconf 82' lang='lat' dir='ltr'>corde</span> <span class='ocrx_word' id='word_1_320' title='bbox 849 2504 1042 2543; x_wconf 84' lang='lat' dir='ltr'>martyres</span> <span class='ocrx_word' id='word_1_321' title='bbox 1082 2495 1207 2532; x_wconf 86' lang='lat' dir='ltr'>eciam</span> <span class='ocrx_word' id='word_1_322' title='bbox 1255 2495 1397 2531; x_wconf 90' lang='lat' dir='ltr'>tenelle</span> <span class='ocrx_word' id='word_1_323' title='bbox 1434 2493 1605 2541; x_wconf 83' lang='lat' dir='ltr'>virgines</span> <span class='ocrx_word' id='word_1_324' title='bbox 1644 2492 1799 2541; x_wconf 87' lang='lat' dir='ltr'>quales-</span> 
     </span>
     <span class='ocr_line' id='line_1_47' title="bbox 485 2550 1798 2602; baseline -0.003 -13"><span class='ocrx_word' id='word_1_325' title='bbox 485 2566 640 2602; x_wconf 89' lang='lat' dir='ltr'>cunque</span> <span class='ocrx_word' id='word_1_326' title='bbox 674 2566 795 2601; x_wconf 89' lang='lat' dir='ltr'>penas</span> <span class='ocrx_word' id='word_1_327' title='bbox 829 2554 1010 2602; x_wconf 88' lang='lat' dir='ltr'>corporis</span> <span class='ocrx_word' id='word_1_328' title='bbox 1043 2554 1276 2596; x_wconf 85' lang='lat' dir='ltr'>tolerarunt,</span> <span class='ocrx_word' id='word_1_329' title='bbox 1316 2553 1384 2589; x_wconf 90' lang='lat' dir='ltr'>sed</span> <span class='ocrx_word' id='word_1_330' title='bbox 1419 2553 1539 2588; x_wconf 90' lang='lat' dir='ltr'>modo</span> <span class='ocrx_word' id='word_1_331' title='bbox 1572 2550 1798 2598; x_wconf 87' lang='lat' dir='ltr'>superiores</span> 
     </span>
    </p>
   </div>
   <div class='ocr_carea' id='block_1_6' title="bbox 485 2741 1797 2816">
    <p class='ocr_par' dir='ltr' id='par_1_8' title="bbox 485 2741 1797 2816">
     <span class='ocr_line' id='line_1_48' title="bbox 554 2741 1797 2781; baseline -0.004 -8"><span class='ocrx_word' id='word_1_332' title='bbox 554 2755 582 2779; x_wconf 77' lang='lat' dir='ltr'>o.</span> <span class='ocrx_word' id='word_1_333' title='bbox 604 2747 631 2773; x_wconf 92' lang='lat' dir='ltr'><strong>A</strong></span> <span class='ocrx_word' id='word_1_334' title='bbox 653 2747 681 2773; x_wconf 87' lang='lat' dir='ltr'>in</span> <span class='ocrx_word' id='word_1_335' title='bbox 704 2754 816 2780; x_wconf 55' lang='lat' dir='ltr'>marg:</span> <span class='ocrx_word' id='word_1_336' title='bbox 839 2746 1037 2781; x_wconf 70' lang='lat' dir='ltr'>Augustinus.</span> <span class='ocrx_word' id='word_1_337' title='bbox 1147 2752 1192 2778; x_wconf 72' lang='lat'>24.</span> <span class='ocrx_word' id='word_1_338' title='bbox 1214 2745 1241 2771; x_wconf 88' lang='lat' dir='ltr'><strong>A</strong></span> <span class='ocrx_word' id='word_1_339' title='bbox 1263 2744 1291 2771; x_wconf 88' lang='lat' dir='ltr'>in</span> <span class='ocrx_word' id='word_1_340' title='bbox 1314 2751 1426 2778; x_wconf 77' lang='lat' dir='ltr'>marg.:</span> <span class='ocrx_word' id='word_1_341' title='bbox 1448 2743 1527 2770; x_wconf 73' lang='lat' dir='ltr'>Nota</span> <span class='ocrx_word' id='word_1_342' title='bbox 1545 2741 1797 2779; x_wconf 71' lang='lat' dir='ltr'>ficticiamentum.</span> 
     </span>
     <span class='ocr_line' id='line_1_49' title="bbox 485 2777 1635 2816; baseline -0.003 -9"><span class='ocrx_word' id='word_1_343' title='bbox 485 2780 523 2807; x_wconf 76' lang='lat'>31.</span> <span class='ocrx_word' id='word_1_344' title='bbox 547 2783 588 2807; x_wconf 78' lang='lat' dir='ltr'>A:</span> <span class='ocrx_word' id='word_1_345' title='bbox 609 2784 735 2816; x_wconf 65' lang='lat' dir='ltr'>peccata</span> <span class='ocrx_word' id='word_1_346' title='bbox 757 2784 816 2807; x_wconf 81' lang='lat' dir='ltr'>[mn</span> <span class='ocrx_word' id='word_1_347' title='bbox 837 2789 901 2807; x_wconf 81' lang='lat' dir='ltr'>cum</span> <span class='ocrx_word' id='word_1_348' title='bbox 922 2780 1038 2815; x_wconf 75' lang='lat' dir='ltr'>quibus.</span> <span class='ocrx_word' id='word_1_349' title='bbox 1114 2778 1154 2806; x_wconf 72' lang='lat'>35.</span> <span class='ocrx_word' id='word_1_350' title='bbox 1176 2780 1203 2806; x_wconf 82' lang='lat' dir='ltr'><strong>A</strong></span> <span class='ocrx_word' id='word_1_351' title='bbox 1225 2779 1252 2805; x_wconf 83' lang='lat' dir='ltr'>in</span> <span class='ocrx_word' id='word_1_352' title='bbox 1277 2786 1388 2813; x_wconf 59' lang='lat' dir='ltr'>marg:</span> <span class='ocrx_word' id='word_1_353' title='bbox 1413 2777 1635 2805; x_wconf 77' lang='lat' dir='ltr'>Correlarizmz.</span> 
     </span>
    </p>
   </div>
   <div class='ocr_carea' id='block_1_7' title="bbox 558 2863 892 2905">
    <p class='ocr_par' dir='ltr' id='par_1_9' title="bbox 558 2863 892 2905">
     <span class='ocr_line' id='line_1_50' title="bbox 558 2863 892 2905; baseline 0.009 -12"><span class='ocrx_word' id='word_1_354' title='bbox 558 2866 610 2905; x_wconf 74' lang='lat'>37.</span> <span class='ocrx_word' id='word_1_355' title='bbox 654 2865 751 2895; x_wconf 77' lang='lat' dir='ltr'>Dent.</span> <span class='ocrx_word' id='word_1_356' title='bbox 778 2865 834 2903; x_wconf 82' lang='lat' dir='ltr'>Vl,</span> <span class='ocrx_word' id='word_1_357' title='bbox 865 2863 892 2896; x_wconf 75' lang='grc'>5.</span> 
     </span>
    </p>
   </div>
  </div>
 </body>
</html>
