<?xml version="1.0" encoding="UTF-8"?>
<!DOCTYPE html PUBLIC "-//W3C//DTD XHTML 1.0 Transitional//EN"
    "http://www.w3.org/TR/xhtml1/DTD/xhtml1-transitional.dtd">
<html xmlns="http://www.w3.org/1999/xhtml" xml:lang="en" lang="en">
 <head>
  <title>
</title>
<meta http-equiv="Content-Type" content="text/html;charset=utf-8" />
  <meta name='ocr-system' content='tesseract 3.04.00' />
  <meta name='ocr-capabilities' content='ocr_page ocr_carea ocr_par ocr_line ocrx_word'/>
</head>
<body>
  <div class='ocr_page' id='page_1' title='image "./opusevangelicum12wycl/opusevangelicum12wycl_0492.png"; bbox 0 0 2003 3322; ppageno 0'>
   <div class='ocr_carea' id='block_1_1' title="bbox 173 224 252 267">
    <p class='ocr_par' dir='ltr' id='par_1_1' title="bbox 173 224 252 267">
     <span class='ocr_line' id='line_1_1' title="bbox 173 224 252 267; baseline -0.013 -8"><span class='ocrx_word' id='word_1_1' title='bbox 173 224 252 267; x_wconf 74' lang='lat'>482</span> 
     </span>
    </p>
   </div>
   <div class='ocr_carea' id='block_1_2' title="bbox 171 330 1003 888">
    <p class='ocr_par' dir='ltr' id='par_1_2' title="bbox 172 330 913 366">
     <span class='ocr_line' id='line_1_2' title="bbox 172 330 913 366; baseline -0.004 -5"><span class='ocrx_word' id='word_1_2' title='bbox 172 333 373 362; x_wconf 80' lang='lat' dir='ltr'>Sacerdotum</span> <span class='ocrx_word' id='word_1_3' title='bbox 399 332 559 359; x_wconf 72' lang='lat' dir='ltr'>oraciones</span> <span class='ocrx_word' id='word_1_4' title='bbox 581 340 641 358; x_wconf 90' lang='grc'>11011</span> <span class='ocrx_word' id='word_1_5' title='bbox 665 332 829 366; x_wconf 76' lang='lat' dir='ltr'>proficiunt</span> <span class='ocrx_word' id='word_1_6' title='bbox 848 330 913 359; x_wconf 75' lang='lat'>263.</span> 
     </span>
    </p>

    <p class='ocr_par' dir='ltr' id='par_1_3' title="bbox 173 366 1002 436">
     <span class='ocr_line' id='line_1_3' title="bbox 173 366 1002 395; baseline -0.002 0"><span class='ocrx_word' id='word_1_7' title='bbox 173 369 293 395; x_wconf 91' lang='lat' dir='ltr'>Omnes</span> <span class='ocrx_word' id='word_1_8' title='bbox 314 367 478 394; x_wconf 78' lang='lat' dir='ltr'>militantes</span> <span class='ocrx_word' id='word_1_9' title='bbox 500 367 611 393; x_wconf 89' lang='lat' dir='ltr'>debent</span> <span class='ocrx_word' id='word_1_10' title='bbox 633 367 737 393; x_wconf 91' lang='lat' dir='ltr'>subire</span> <span class='ocrx_word' id='word_1_11' title='bbox 758 366 900 393; x_wconf 82' lang='lat' dir='ltr'>ordinem</span> <span class='ocrx_word' id='word_1_12' title='bbox 922 370 1002 393; x_wconf 88' lang='lat' dir='ltr'>secte</span> 
     </span>
     <span class='ocr_line' id='line_1_4' title="bbox 227 401 514 436; baseline -0.007 -6"><span class='ocrx_word' id='word_1_13' title='bbox 227 402 345 430; x_wconf 81' lang='lat' dir='ltr'>Christi</span> <span class='ocrx_word' id='word_1_14' title='bbox 366 410 429 436; x_wconf 80' lang='grc'>417,</span> <span class='ocrx_word' id='word_1_15' title='bbox 451 401 514 435; x_wconf 77' lang='grc'>418.</span> 
     </span>
    </p>

    <p class='ocr_par' dir='ltr' id='par_1_4' title="bbox 172 435 1003 540">
     <span class='ocr_line' id='line_1_5' title="bbox 172 435 1003 471; baseline -0.002 -7"><span class='ocrx_word' id='word_1_16' title='bbox 172 438 221 465; x_wconf 90' lang='lat' dir='ltr'>Ad</span> <span class='ocrx_word' id='word_1_17' title='bbox 238 436 450 464; x_wconf 81' lang='lat' dir='ltr'>rectitudinem</span> <span class='ocrx_word' id='word_1_18' title='bbox 473 436 628 463; x_wconf 81' lang='lat' dir='ltr'>oracionis</span> <span class='ocrx_word' id='word_1_19' title='bbox 646 435 811 471; x_wconf 83' lang='lat' dir='ltr'>requiritur</span> <span class='ocrx_word' id='word_1_20' title='bbox 831 435 912 470; x_wconf 82' lang='lat' dir='ltr'>quod</span> <span class='ocrx_word' id='word_1_21' title='bbox 937 443 1003 462; x_wconf 89' lang='lat' dir='ltr'>ore-</span> 
     </span>
     <span class='ocr_line' id='line_1_6' title="bbox 223 470 1003 505; baseline -0.003 -6"><span class='ocrx_word' id='word_1_22' title='bbox 223 476 272 499; x_wconf 87' lang='lat' dir='ltr'>tur</span> <span class='ocrx_word' id='word_1_23' title='bbox 304 472 465 505; x_wconf 78' lang='lat' dir='ltr'>instanter,</span> <span class='ocrx_word' id='word_1_24' title='bbox 505 470 670 504; x_wconf 79' lang='lat' dir='ltr'>prudenter</span> <span class='ocrx_word' id='word_1_25' title='bbox 698 475 726 497; x_wconf 90' lang='lat' dir='ltr'>et</span> <span class='ocrx_word' id='word_1_26' title='bbox 756 470 1003 498; x_wconf 85' lang='lat' dir='ltr'>indefectibiliter</span> 
     </span>
     <span class='ocr_line' id='line_1_7' title="bbox 225 504 674 540; baseline -0.002 -7"><span class='ocrx_word' id='word_1_27' title='bbox 225 507 255 533; x_wconf 93' lang='lat' dir='ltr'>in</span> <span class='ocrx_word' id='word_1_28' title='bbox 277 506 402 533; x_wconf 89' lang='lat' dir='ltr'>nomine</span> <span class='ocrx_word' id='word_1_29' title='bbox 422 506 585 533; x_wconf 84' lang='lat' dir='ltr'>Trinitatis</span> <span class='ocrx_word' id='word_1_30' title='bbox 605 504 674 540; x_wconf 86' lang='grc'>399.</span> 
     </span>
    </p>

    <p class='ocr_par' dir='ltr' id='par_1_5' title="bbox 171 539 1003 608">
     <span class='ocr_line' id='line_1_8' title="bbox 171 539 1003 603; baseline -0.002 -35"><span class='ocrx_word' id='word_1_31' title='bbox 171 541 253 569; x_wconf 70' lang='lat' dir='ltr'>Novi</span> <span class='ocrx_word' id='word_1_32' title='bbox 274 541 399 603; x_wconf 46' lang='lat' dir='ltr'>ordi-25⁵</span> <span class='ocrx_word' id='word_1_33' title='bbox 421 541 488 602; x_wconf 64' lang='lat' dir='ltr'>pjms</span> <span class='ocrx_word' id='word_1_34' title='bbox 508 540 649 567; x_wconf 86' lang='lat' dir='ltr'>laborant</span> <span class='ocrx_word' id='word_1_35' title='bbox 670 548 726 576; x_wconf 89' lang='lat' dir='ltr'>pro</span> <span class='ocrx_word' id='word_1_36' title='bbox 747 539 929 567; x_wconf 83' lang='lat' dir='ltr'>excellencia</span> <span class='ocrx_word' id='word_1_37' title='bbox 949 547 1003 566; x_wconf 88' lang='lat' dir='ltr'>sue</span> 
     </span>
     <span class='ocr_line' id='line_1_9' title="bbox 228 581 510 608; baseline -0.004 -5"><span class='ocrx_word' id='word_1_38' title='bbox 228 581 306 603; x_wconf 88' lang='lat' dir='ltr'>secte</span> <span class='ocrx_word' id='word_1_39' title='bbox 326 584 339 601; x_wconf 77' lang='lat'>2</span> <span class='ocrx_word' id='word_1_40' title='bbox 382 597 388 608; x_wconf 77' lang='lat'>‚</span> <span class='ocrx_word' id='word_1_41' title='bbox 408 583 423 602; x_wconf 83' lang='lat'><strong>2</strong></span> <span class='ocrx_word' id='word_1_42' title='bbox 468 597 473 602; x_wconf 98' lang='lat'>.</span> <span class='ocrx_word' id='word_1_43' title='bbox 503 589 510 593; x_wconf 29' lang='grc' dir='ltr'><em>κ</em></span> 
     </span>
    </p>

    <p class='ocr_par' dir='ltr' id='par_1_6' title="bbox 172 583 1003 673">
     <span class='ocr_line' id='line_1_10' title="bbox 172 583 1003 673; baseline -0.004 -35"><span class='ocrx_word' id='word_1_44' title='bbox 172 611 259 673; x_wconf 52' lang='grc' dir='ltr'>Νοκὲἰ5</span> <span class='ocrx_word' id='word_1_45' title='bbox 273 610 399 638; x_wconf 86' lang='lat' dir='ltr'>ordines</span> <span class='ocrx_word' id='word_1_46' title='bbox 420 583 491 637; x_wconf 72' lang='lat' dir='ltr'>su9nt</span> <span class='ocrx_word' id='word_1_47' title='bbox 511 609 609 644; x_wconf 83' lang='lat' dir='ltr'>magis</span> <span class='ocrx_word' id='word_1_48' title='bbox 625 609 816 636; x_wconf 87' lang='lat' dir='ltr'>secularibus</span> <span class='ocrx_word' id='word_1_49' title='bbox 836 609 1003 636; x_wconf 85' lang='lat' dir='ltr'>insolentes</span> 
     </span>
    </p>

    <p class='ocr_par' dir='ltr' id='par_1_7' title="bbox 172 653 1003 749">
     <span class='ocr_line' id='line_1_11' title="bbox 172 653 1003 711; baseline -0.004 -4"><span class='ocrx_word' id='word_1_50' title='bbox 172 680 242 707; x_wconf 92' lang='lat' dir='ltr'>Non</span> <span class='ocrx_word' id='word_1_51' title='bbox 263 653 343 707; x_wconf 60' lang='lat' dir='ltr'>iratet</span> <span class='ocrx_word' id='word_1_52' title='bbox 362 679 554 706; x_wconf 85' lang='lat' dir='ltr'>consuetudo</span> <span class='ocrx_word' id='word_1_53' title='bbox 581 678 701 706; x_wconf 89' lang='lat' dir='ltr'>ordinis</span> <span class='ocrx_word' id='word_1_54' title='bbox 729 679 793 706; x_wconf 93' lang='lat' dir='ltr'>sive</span> <span class='ocrx_word' id='word_1_55' title='bbox 823 683 911 711; x_wconf 87' lang='lat' dir='ltr'>secte,</span> <span class='ocrx_word' id='word_1_56' title='bbox 944 677 1003 704; x_wconf 90' lang='lat' dir='ltr'>nisi</span> 
     </span>
     <span class='ocr_line' id='line_1_12' title="bbox 228 712 689 749; baseline -0.004 -7"><span class='ocrx_word' id='word_1_57' title='bbox 228 715 257 742; x_wconf 92' lang='lat' dir='ltr'>in</span> <span class='ocrx_word' id='word_1_58' title='bbox 279 715 343 749; x_wconf 83' lang='lat' dir='ltr'>lege</span> <span class='ocrx_word' id='word_1_59' title='bbox 363 714 418 741; x_wconf 90' lang='lat' dir='ltr'>Dei</span> <span class='ocrx_word' id='word_1_60' title='bbox 440 714 479 740; x_wconf 82' lang='lat' dir='ltr'>sit</span> <span class='ocrx_word' id='word_1_61' title='bbox 498 713 625 741; x_wconf 86' lang='lat' dir='ltr'>fundata</span> <span class='ocrx_word' id='word_1_62' title='bbox 645 712 689 747; x_wconf 85' lang='lat'>37.</span> 
     </span>
    </p>

    <p class='ocr_par' dir='ltr' id='par_1_8' title="bbox 173 746 1001 780">
     <span class='ocr_line' id='line_1_13' title="bbox 173 746 1001 780; baseline -0.002 -4"><span class='ocrx_word' id='word_1_63' title='bbox 173 749 253 777; x_wconf 92' lang='lat' dir='ltr'>Novi</span> <span class='ocrx_word' id='word_1_64' title='bbox 275 749 400 776; x_wconf 90' lang='lat' dir='ltr'>ordines</span> <span class='ocrx_word' id='word_1_65' title='bbox 415 749 563 776; x_wconf 88' lang='lat' dir='ltr'>deserunt</span> <span class='ocrx_word' id='word_1_66' title='bbox 582 753 696 775; x_wconf 90' lang='lat' dir='ltr'>sectam</span> <span class='ocrx_word' id='word_1_67' title='bbox 713 748 827 775; x_wconf 80' lang='lat' dir='ltr'>Christi</span> <span class='ocrx_word' id='word_1_68' title='bbox 848 746 1001 780; x_wconf 75' lang='lat'>223—224.</span> 
     </span>
    </p>

    <p class='ocr_par' dir='ltr' id='par_1_9' title="bbox 174 783 1003 854">
     <span class='ocr_line' id='line_1_14' title="bbox 174 783 1003 818; baseline -0.002 -7"><span class='ocrx_word' id='word_1_69' title='bbox 174 800 200 804; x_wconf 90' lang='lat'><strong>—</strong></span> <span class='ocrx_word' id='word_1_70' title='bbox 225 785 331 811; x_wconf 84' lang='lat' dir='ltr'>dicunt</span> <span class='ocrx_word' id='word_1_71' title='bbox 350 783 433 818; x_wconf 87' lang='lat' dir='ltr'>quod</span> <span class='ocrx_word' id='word_1_72' title='bbox 449 787 530 810; x_wconf 89' lang='lat' dir='ltr'>secta</span> <span class='ocrx_word' id='word_1_73' title='bbox 551 790 605 810; x_wconf 82' lang='lat' dir='ltr'>sua</span> <span class='ocrx_word' id='word_1_74' title='bbox 619 787 663 810; x_wconf 91' lang='lat' dir='ltr'>est</span> <span class='ocrx_word' id='word_1_75' title='bbox 684 783 793 810; x_wconf 89' lang='lat' dir='ltr'>melior</span> <span class='ocrx_word' id='word_1_76' title='bbox 812 791 905 818; x_wconf 87' lang='lat' dir='ltr'>quam</span> <span class='ocrx_word' id='word_1_77' title='bbox 922 787 1003 809; x_wconf 87' lang='lat' dir='ltr'>secta</span> 
     </span>
     <span class='ocr_line' id='line_1_15' title="bbox 225 817 714 854; baseline -0.002 -8"><span class='ocrx_word' id='word_1_78' title='bbox 225 827 318 854; x_wconf 88' lang='lat' dir='ltr'>quam</span> <span class='ocrx_word' id='word_1_79' title='bbox 339 818 482 846; x_wconf 90' lang='lat' dir='ltr'>Christus</span> <span class='ocrx_word' id='word_1_80' title='bbox 502 817 635 845; x_wconf 88' lang='lat' dir='ltr'>instituit</span> <span class='ocrx_word' id='word_1_81' title='bbox 654 817 714 845; x_wconf 83' lang='lat'>225.</span> 
     </span>
    </p>

    <p class='ocr_par' dir='ltr' id='par_1_10' title="bbox 176 851 809 888">
     <span class='ocr_line' id='line_1_16' title="bbox 176 851 809 888; baseline -0.003 -7"><span class='ocrx_word' id='word_1_82' title='bbox 176 870 208 873; x_wconf 95' lang='lat'><em>-</em></span> <span class='ocrx_word' id='word_1_83' title='bbox 228 854 397 881; x_wconf 85' lang='lat' dir='ltr'>tundantur</span> <span class='ocrx_word' id='word_1_84' title='bbox 417 861 511 888; x_wconf 90' lang='lat' dir='ltr'>super</span> <span class='ocrx_word' id='word_1_85' title='bbox 531 861 622 879; x_wconf 87' lang='lat' dir='ltr'>arena</span> <span class='ocrx_word' id='word_1_86' title='bbox 642 852 715 887; x_wconf 65' lang='grc'>464,</span> <span class='ocrx_word' id='word_1_87' title='bbox 737 851 809 885; x_wconf 79' lang='grc'>466.</span> 
     </span>
    </p>
   </div>
   <div class='ocr_carea' id='block_1_3' title="bbox 571 938 617 969">
    <p class='ocr_par' dir='ltr' id='par_1_11' title="bbox 571 938 617 969">
     <span class='ocr_line' id='line_1_17' title="bbox 571 938 617 969; baseline 0.022 -1"><span class='ocrx_word' id='word_1_88' title='bbox 571 938 617 969; x_wconf 86' lang='grc' dir='ltr'>Ρ.</span> 
     </span>
    </p>
   </div>
   <div class='ocr_carea' id='block_1_4' title="bbox 173 991 1014 2860">
    <p class='ocr_par' dir='ltr' id='par_1_12' title="bbox 173 991 479 1028">
     <span class='ocr_line' id='line_1_18' title="bbox 173 991 479 1028; baseline -0.007 -8"><span class='ocrx_word' id='word_1_89' title='bbox 173 993 217 1020; x_wconf 88' lang='lat' dir='ltr'>De</span> <span class='ocrx_word' id='word_1_90' title='bbox 238 993 417 1028; x_wconf 86' lang='lat' dir='ltr'>purgatorio</span> <span class='ocrx_word' id='word_1_91' title='bbox 438 991 479 1020; x_wconf 86' lang='grc'>53.</span> 
     </span>
    </p>

    <p class='ocr_par' dir='ltr' id='par_1_13' title="bbox 177 1027 437 1063">
     <span class='ocr_line' id='line_1_19' title="bbox 177 1027 437 1063; baseline 0 -9"><span class='ocrx_word' id='word_1_92' title='bbox 177 1044 205 1047; x_wconf 94' lang='grc'>-</span> <span class='ocrx_word' id='word_1_93' title='bbox 226 1035 300 1063; x_wconf 90' lang='lat' dir='ltr'>pace</span> <span class='ocrx_word' id='word_1_94' title='bbox 321 1027 437 1060; x_wconf 74' lang='lat'>54—61.</span> 
     </span>
    </p>

    <p class='ocr_par' dir='ltr' id='par_1_14' title="bbox 175 1060 1003 1136">
     <span class='ocr_line' id='line_1_20' title="bbox 175 1060 1003 1097; baseline -0.001 -8"><span class='ocrx_word' id='word_1_95' title='bbox 175 1062 257 1090; x_wconf 82' lang='lat' dir='ltr'>Beati</span> <span class='ocrx_word' id='word_1_96' title='bbox 291 1062 419 1097; x_wconf 81' lang='lat' dir='ltr'>pacifici,</span> <span class='ocrx_word' id='word_1_97' title='bbox 452 1061 601 1097; x_wconf 87' lang='lat' dir='ltr'>quoniam</span> <span class='ocrx_word' id='word_1_98' title='bbox 631 1060 681 1088; x_wconf 87' lang='lat' dir='ltr'>filii</span> <span class='ocrx_word' id='word_1_99' title='bbox 713 1060 768 1087; x_wconf 89' lang='lat' dir='ltr'>Dei</span> <span class='ocrx_word' id='word_1_100' title='bbox 801 1060 1003 1095; x_wconf 82' lang='lat' dir='ltr'>vocabuntur,</span> 
     </span>
     <span class='ocr_line' id='line_1_21' title="bbox 227 1095 721 1136; baseline -0.004 -12"><span class='ocrx_word' id='word_1_101' title='bbox 227 1097 387 1136; x_wconf 85' lang='lat' dir='ltr'>quomodo</span> <span class='ocrx_word' id='word_1_102' title='bbox 408 1096 587 1131; x_wconf 82' lang='lat' dir='ltr'>intelligitur</span> <span class='ocrx_word' id='word_1_103' title='bbox 606 1095 721 1129; x_wconf 78' lang='lat'>54—61.</span> 
     </span>
    </p>

    <p class='ocr_par' dir='ltr' id='par_1_15' title="bbox 174 1129 903 1166">
     <span class='ocr_line' id='line_1_22' title="bbox 174 1129 903 1166; baseline -0.004 -7"><span class='ocrx_word' id='word_1_104' title='bbox 174 1133 265 1159; x_wconf 85' lang='lat' dir='ltr'>Panis</span> <span class='ocrx_word' id='word_1_105' title='bbox 286 1131 461 1159; x_wconf 90' lang='lat' dir='ltr'>cotidianus</span> <span class='ocrx_word' id='word_1_106' title='bbox 482 1130 555 1166; x_wconf 88' lang='lat' dir='ltr'>quid</span> <span class='ocrx_word' id='word_1_107' title='bbox 577 1130 726 1164; x_wconf 82' lang='lat' dir='ltr'>significat</span> <span class='ocrx_word' id='word_1_108' title='bbox 746 1129 903 1163; x_wconf 72' lang='lat'>284—288.</span> 
     </span>
    </p>

    <p class='ocr_par' dir='ltr' id='par_1_16' title="bbox 176 1164 900 1200">
     <span class='ocr_line' id='line_1_23' title="bbox 176 1164 900 1200; baseline -0.003 -7"><span class='ocrx_word' id='word_1_109' title='bbox 176 1167 290 1193; x_wconf 89' lang='lat' dir='ltr'>Panem</span> <span class='ocrx_word' id='word_1_110' title='bbox 312 1171 453 1193; x_wconf 90' lang='lat' dir='ltr'>nostrum</span> <span class='ocrx_word' id='word_1_111' title='bbox 475 1173 570 1200; x_wconf 83' lang='lat' dir='ltr'>quare</span> <span class='ocrx_word' id='word_1_112' title='bbox 590 1165 723 1192; x_wconf 83' lang='lat' dir='ltr'>dicimus</span> <span class='ocrx_word' id='word_1_113' title='bbox 744 1164 810 1197; x_wconf 72' lang='lat'>288,</span> <span class='ocrx_word' id='word_1_114' title='bbox 831 1164 900 1199; x_wconf 84' lang='lat'>289.</span> 
     </span>
    </p>

    <p class='ocr_par' dir='ltr' id='par_1_17' title="bbox 174 1199 887 1235">
     <span class='ocr_line' id='line_1_24' title="bbox 174 1199 887 1235; baseline -0.003 -7"><span class='ocrx_word' id='word_1_115' title='bbox 174 1201 265 1229; x_wconf 84' lang='lat' dir='ltr'>Panis</span> <span class='ocrx_word' id='word_1_116' title='bbox 286 1209 380 1235; x_wconf 84' lang='lat' dir='ltr'>quare</span> <span class='ocrx_word' id='word_1_117' title='bbox 400 1201 511 1228; x_wconf 90' lang='lat' dir='ltr'>dieitur</span> <span class='ocrx_word' id='word_1_118' title='bbox 531 1199 705 1227; x_wconf 89' lang='lat' dir='ltr'>cotidianus</span> <span class='ocrx_word' id='word_1_119' title='bbox 725 1199 887 1235; x_wconf 79' lang='grc'>289-290.</span> 
     </span>
    </p>

    <p class='ocr_par' dir='ltr' id='par_1_18' title="bbox 175 1234 1004 1298">
     <span class='ocr_line' id='line_1_25' title="bbox 175 1234 1004 1298; baseline -0.002 -35"><span class='ocrx_word' id='word_1_120' title='bbox 175 1236 345 1298; x_wconf 55' lang='grc' dir='ltr'>Ρ3ρ33ἒ11611</span> <span class='ocrx_word' id='word_1_121' title='bbox 365 1244 396 1262; x_wconf 83' lang='grc'>56</span> <span class='ocrx_word' id='word_1_122' title='bbox 411 1244 477 1263; x_wconf 82' lang='grc'>6556</span> <span class='ocrx_word' id='word_1_123' title='bbox 493 1234 707 1262; x_wconf 84' lang='lat' dir='ltr'>immediatum</span> <span class='ocrx_word' id='word_1_124' title='bbox 723 1234 838 1262; x_wconf 80' lang='lat' dir='ltr'>Christi</span> <span class='ocrx_word' id='word_1_125' title='bbox 853 1234 1004 1262; x_wconf 89' lang='lat' dir='ltr'>vicarium</span> 
     </span>
    </p>

    <p class='ocr_par' dir='ltr' id='par_1_19' title="bbox 174 1280 926 1341">
     <span class='ocr_line' id='line_1_26' title="bbox 174 1280 926 1341; baseline -0.003 -8"><span class='ocrx_word' id='word_1_126' title='bbox 174 1280 261 1333; x_wconf 65' lang='lat' dir='ltr'>Uniis</span> <span class='ocrx_word' id='word_1_127' title='bbox 283 1314 362 1341; x_wconf 87' lang='lat' dir='ltr'>papa</span> <span class='ocrx_word' id='word_1_128' title='bbox 384 1304 580 1332; x_wconf 75' lang='lat' dir='ltr'>severissime</span> <span class='ocrx_word' id='word_1_129' title='bbox 603 1304 687 1331; x_wconf 87' lang='lat' dir='ltr'>alteri</span> <span class='ocrx_word' id='word_1_130' title='bbox 709 1303 865 1331; x_wconf 84' lang='lat' dir='ltr'>maledicit</span> <span class='ocrx_word' id='word_1_131' title='bbox 886 1304 926 1331; x_wconf 81' lang='lat'>18.</span> 
     </span>
    </p>

    <p class='ocr_par' dir='ltr' id='par_1_20' title="bbox 175 1337 1001 1376">
     <span class='ocr_line' id='line_1_27' title="bbox 175 1337 1001 1376; baseline -0.001 -9"><span class='ocrx_word' id='word_1_132' title='bbox 175 1341 257 1376; x_wconf 86' lang='lat' dir='ltr'>Papa</span> <span class='ocrx_word' id='word_1_133' title='bbox 271 1340 301 1367; x_wconf 92' lang='lat' dir='ltr'>in</span> <span class='ocrx_word' id='word_1_134' title='bbox 318 1341 401 1367; x_wconf 93' lang='lat' dir='ltr'>nullo</span> <span class='ocrx_word' id='word_1_135' title='bbox 422 1340 519 1374; x_wconf 76' lang='lat' dir='ltr'>gradu</span> <span class='ocrx_word' id='word_1_136' title='bbox 536 1343 580 1366; x_wconf 91' lang='lat' dir='ltr'>est</span> <span class='ocrx_word' id='word_1_137' title='bbox 601 1339 631 1366; x_wconf 89' lang='lat' dir='ltr'>in</span> <span class='ocrx_word' id='word_1_138' title='bbox 652 1347 745 1374; x_wconf 91' lang='lat' dir='ltr'>opere</span> <span class='ocrx_word' id='word_1_139' title='bbox 765 1339 941 1373; x_wconf 75' lang='lat' dir='ltr'>evangelico</span> <span class='ocrx_word' id='word_1_140' title='bbox 963 1337 1001 1369; x_wconf 79' lang='grc'>18.</span> 
     </span>
    </p>

    <p class='ocr_par' dir='ltr' id='par_1_21' title="bbox 174 1374 1004 1445">
     <span class='ocr_line' id='line_1_28' title="bbox 174 1374 1004 1409; baseline -0.004 -6"><span class='ocrx_word' id='word_1_141' title='bbox 174 1391 207 1395; x_wconf 85' lang='grc'>-</span> <span class='ocrx_word' id='word_1_142' title='bbox 227 1379 444 1409; x_wconf 79' lang='lat' dir='ltr'>remurmurat,</span> <span class='ocrx_word' id='word_1_143' title='bbox 465 1374 590 1409; x_wconf 89' lang='lat' dir='ltr'>quando</span> <span class='ocrx_word' id='word_1_144' title='bbox 612 1374 747 1401; x_wconf 90' lang='lat' dir='ltr'>mundus</span> <span class='ocrx_word' id='word_1_145' title='bbox 769 1382 830 1401; x_wconf 91' lang='lat' dir='ltr'>non</span> <span class='ocrx_word' id='word_1_146' title='bbox 846 1374 926 1401; x_wconf 86' lang='lat' dir='ltr'>cedit</span> <span class='ocrx_word' id='word_1_147' title='bbox 947 1374 1004 1401; x_wconf 84' lang='lat' dir='ltr'>sibi</span> 
     </span>
     <span class='ocr_line' id='line_1_29' title="bbox 228 1416 440 1445; baseline -0.005 -8"><span class='ocrx_word' id='word_1_148' title='bbox 228 1418 377 1445; x_wconf 85' lang='lat' dir='ltr'>prospere</span> <span class='ocrx_word' id='word_1_149' title='bbox 399 1416 440 1443; x_wconf 87' lang='grc'>19.</span> 
     </span>
    </p>

    <p class='ocr_par' dir='ltr' id='par_1_22' title="bbox 176 1443 1007 1515">
     <span class='ocr_line' id='line_1_30' title="bbox 176 1443 1007 1479; baseline -0.002 -7"><span class='ocrx_word' id='word_1_150' title='bbox 176 1461 208 1464; x_wconf 94' lang='grc'>-</span> <span class='ocrx_word' id='word_1_151' title='bbox 228 1446 325 1472; x_wconf 87' lang='lat' dir='ltr'>nescit</span> <span class='ocrx_word' id='word_1_152' title='bbox 338 1444 375 1471; x_wconf 91' lang='lat' dir='ltr'>de</span> <span class='ocrx_word' id='word_1_153' title='bbox 397 1444 500 1479; x_wconf 92' lang='lat' dir='ltr'>aliquo</span> <span class='ocrx_word' id='word_1_154' title='bbox 517 1451 572 1471; x_wconf 82' lang='lat' dir='ltr'>nec</span> <span class='ocrx_word' id='word_1_155' title='bbox 592 1444 687 1471; x_wconf 90' lang='lat' dir='ltr'>eciam</span> <span class='ocrx_word' id='word_1_156' title='bbox 710 1444 747 1470; x_wconf 90' lang='lat' dir='ltr'>de</span> <span class='ocrx_word' id='word_1_157' title='bbox 768 1451 799 1470; x_wconf 90' lang='lat' dir='ltr'>se</span> <span class='ocrx_word' id='word_1_158' title='bbox 819 1443 899 1478; x_wconf 87' lang='lat' dir='ltr'>ipso⁷</span> <span class='ocrx_word' id='word_1_159' title='bbox 922 1443 946 1470; x_wconf 91' lang='lat' dir='ltr'>si</span> <span class='ocrx_word' id='word_1_160' title='bbox 968 1443 1007 1470; x_wconf 92' lang='lat' dir='ltr'>sit</span> 
     </span>
     <span class='ocr_line' id='line_1_31' title="bbox 228 1477 715 1515; baseline -0.004 -8"><span class='ocrx_word' id='word_1_161' title='bbox 228 1479 454 1515; x_wconf 84' lang='lat' dir='ltr'>predestinatus</span> <span class='ocrx_word' id='word_1_162' title='bbox 476 1487 491 1505; x_wconf 89' lang='lat' dir='ltr'>a</span> <span class='ocrx_word' id='word_1_163' title='bbox 512 1479 650 1506; x_wconf 90' lang='lat' dir='ltr'>Domino</span> <span class='ocrx_word' id='word_1_164' title='bbox 671 1477 715 1506; x_wconf 80' lang='lat'>38.</span> 
     </span>
    </p>

    <p class='ocr_par' dir='ltr' id='par_1_23' title="bbox 175 1513 1007 1582">
     <span class='ocr_line' id='line_1_32' title="bbox 175 1513 1007 1549; baseline -0.001 -8"><span class='ocrx_word' id='word_1_165' title='bbox 175 1530 207 1534; x_wconf 91' lang='lat'><strong>—</strong></span> <span class='ocrx_word' id='word_1_166' title='bbox 228 1514 321 1549; x_wconf 79' lang='lat' dir='ltr'>exigit</span> <span class='ocrx_word' id='word_1_167' title='bbox 340 1514 422 1549; x_wconf 92' lang='lat' dir='ltr'>quod</span> <span class='ocrx_word' id='word_1_168' title='bbox 445 1522 532 1540; x_wconf 86' lang='lat' dir='ltr'>cesar</span> <span class='ocrx_word' id='word_1_169' title='bbox 552 1518 579 1540; x_wconf 88' lang='lat' dir='ltr'>et</span> <span class='ocrx_word' id='word_1_170' title='bbox 599 1513 775 1549; x_wconf 88' lang='lat' dir='ltr'>quicunque</span> <span class='ocrx_word' id='word_1_171' title='bbox 796 1513 845 1540; x_wconf 92' lang='lat' dir='ltr'>alii</span> <span class='ocrx_word' id='word_1_172' title='bbox 861 1518 1007 1549; x_wconf 90' lang='lat' dir='ltr'>appetant</span> 
     </span>
     <span class='ocr_line' id='line_1_33' title="bbox 229 1549 731 1582; baseline -0.002 -6"><span class='ocrx_word' id='word_1_173' title='bbox 229 1557 358 1576; x_wconf 88' lang='lat' dir='ltr'>suorum</span> <span class='ocrx_word' id='word_1_174' title='bbox 379 1549 486 1575; x_wconf 82' lang='lat' dir='ltr'>oscula</span> <span class='ocrx_word' id='word_1_175' title='bbox 507 1549 666 1576; x_wconf 89' lang='lat' dir='ltr'>beatorum</span> <span class='ocrx_word' id='word_1_176' title='bbox 689 1555 731 1582; x_wconf 88' lang='grc'>19.</span> 
     </span>
    </p>

    <p class='ocr_par' dir='ltr' id='par_1_24' title="bbox 179 1583 1006 1653">
     <span class='ocr_line' id='line_1_34' title="bbox 179 1583 1006 1618; baseline -0.001 -7"><span class='ocrx_word' id='word_1_177' title='bbox 179 1599 202 1603; x_wconf 83' lang='lat'><em>-</em></span> <span class='ocrx_word' id='word_1_178' title='bbox 237 1584 377 1611; x_wconf 86' lang='lat' dir='ltr'>concedit</span> <span class='ocrx_word' id='word_1_179' title='bbox 405 1583 583 1618; x_wconf 82' lang='lat' dir='ltr'>blaspheme</span> <span class='ocrx_word' id='word_1_180' title='bbox 611 1583 825 1618; x_wconf 81' lang='lat' dir='ltr'>indulgencias</span> <span class='ocrx_word' id='word_1_181' title='bbox 853 1588 881 1610; x_wconf 87' lang='lat' dir='ltr'>et</span> <span class='ocrx_word' id='word_1_182' title='bbox 912 1583 1006 1618; x_wconf 90' lang='lat' dir='ltr'>privi-</span> 
     </span>
     <span class='ocr_line' id='line_1_35' title="bbox 228 1619 427 1653; baseline -0.005 -8"><span class='ocrx_word' id='word_1_183' title='bbox 228 1619 306 1653; x_wconf 83' lang='lat' dir='ltr'>legia</span> <span class='ocrx_word' id='word_1_184' title='bbox 327 1626 369 1653; x_wconf 74' lang='grc'>19,</span> <span class='ocrx_word' id='word_1_185' title='bbox 392 1625 427 1645; x_wconf 85' lang='lat'>20</span> 
     </span>
    </p>

    <p class='ocr_par' dir='ltr' id='par_1_25' title="bbox 177 1650 691 1685">
     <span class='ocr_line' id='line_1_36' title="bbox 177 1650 691 1685; baseline -0.002 -5"><span class='ocrx_word' id='word_1_186' title='bbox 177 1669 209 1672; x_wconf 82' lang='lat'>—</span> <span class='ocrx_word' id='word_1_187' title='bbox 231 1654 344 1680; x_wconf 88' lang='lat' dir='ltr'>multos</span> <span class='ocrx_word' id='word_1_188' title='bbox 366 1653 469 1680; x_wconf 81' lang='lat' dir='ltr'>fideles</span> <span class='ocrx_word' id='word_1_189' title='bbox 491 1652 604 1679; x_wconf 86' lang='lat' dir='ltr'>occidit</span> <span class='ocrx_word' id='word_1_190' title='bbox 623 1650 691 1685; x_wconf 79' lang='grc'>434.</span> 
     </span>
    </p>

    <p class='ocr_par' dir='ltr' id='par_1_26' title="bbox 175 1687 1007 1755">
     <span class='ocr_line' id='line_1_37' title="bbox 175 1687 1007 1715; baseline -0.001 0"><span class='ocrx_word' id='word_1_191' title='bbox 175 1704 208 1707; x_wconf 92' lang='grc'><strong>-</strong></span> <span class='ocrx_word' id='word_1_192' title='bbox 229 1696 290 1715; x_wconf 88' lang='grc'>11011</span> <span class='ocrx_word' id='word_1_193' title='bbox 311 1688 390 1715; x_wconf 92' lang='lat' dir='ltr'>ovile</span> <span class='ocrx_word' id='word_1_194' title='bbox 411 1687 653 1714; x_wconf 89' lang='lat' dir='ltr'>christianorum</span> <span class='ocrx_word' id='word_1_195' title='bbox 675 1687 711 1714; x_wconf 89' lang='lat' dir='ltr'>ad</span> <span class='ocrx_word' id='word_1_196' title='bbox 741 1695 848 1714; x_wconf 88' lang='lat' dir='ltr'>eorum</span> <span class='ocrx_word' id='word_1_197' title='bbox 875 1688 1007 1715; x_wconf 87' lang='lat' dir='ltr'>salutare</span> 
     </span>
     <span class='ocr_line' id='line_1_38' title="bbox 229 1720 640 1755; baseline -0.005 -5"><span class='ocrx_word' id='word_1_198' title='bbox 229 1722 430 1750; x_wconf 91' lang='lat' dir='ltr'>commodum</span> <span class='ocrx_word' id='word_1_199' title='bbox 452 1722 554 1749; x_wconf 86' lang='lat' dir='ltr'>visitat</span> <span class='ocrx_word' id='word_1_200' title='bbox 572 1720 640 1755; x_wconf 88' lang='grc'>434.</span> 
     </span>
    </p>

    <p class='ocr_par' dir='ltr' id='par_1_27' title="bbox 177 1756 1006 1827">
     <span class='ocr_line' id='line_1_39' title="bbox 177 1756 1006 1819; baseline -0.002 -34"><span class='ocrx_word' id='word_1_201' title='bbox 177 1773 206 1777; x_wconf 91' lang='grc'><strong>-</strong></span> <span class='ocrx_word' id='word_1_202' title='bbox 229 1757 471 1819; x_wconf 71' lang='grc'>106111111511131115</span> <span class='ocrx_word' id='word_1_203' title='bbox 486 1757 622 1784; x_wconf 87' lang='lat' dir='ltr'>debitum</span> <span class='ocrx_word' id='word_1_204' title='bbox 638 1756 739 1792; x_wconf 91' lang='lat' dir='ltr'>quoad</span> <span class='ocrx_word' id='word_1_205' title='bbox 750 1756 860 1791; x_wconf 86' lang='lat' dir='ltr'>Deum,</span> <span class='ocrx_word' id='word_1_206' title='bbox 882 1757 1006 1792; x_wconf 88' lang='lat' dir='ltr'>quando</span> 
     </span>
     <span class='ocr_line' id='line_1_40' title="bbox 234 1799 387 1827; baseline 0 0"><span class='ocrx_word' id='word_1_207' title='bbox 234 1800 302 1827; x_wconf 71' lang='lat'>294&gt;</span> <span class='ocrx_word' id='word_1_208' title='bbox 322 1799 357 1827; x_wconf 85' lang='lat'>29</span> <span class='ocrx_word' id='word_1_209' title='bbox 381 1812 387 1818; x_wconf 59' lang='lat'><strong>⁴</strong></span> 
     </span>
    </p>

    <p class='ocr_par' dir='ltr' id='par_1_28' title="bbox 177 1825 1006 1896">
     <span class='ocr_line' id='line_1_41' title="bbox 177 1825 1006 1860; baseline -0.001 -6"><span class='ocrx_word' id='word_1_210' title='bbox 177 1843 208 1846; x_wconf 95' lang='lat'><strong>—</strong></span> <span class='ocrx_word' id='word_1_211' title='bbox 230 1835 290 1854; x_wconf 90' lang='lat' dir='ltr'>non</span> <span class='ocrx_word' id='word_1_212' title='bbox 306 1831 445 1854; x_wconf 91' lang='lat' dir='ltr'>renueret</span> <span class='ocrx_word' id='word_1_213' title='bbox 459 1825 587 1853; x_wconf 91' lang='lat' dir='ltr'>iudicari</span> <span class='ocrx_word' id='word_1_214' title='bbox 610 1833 664 1860; x_wconf 91' lang='lat' dir='ltr'>per</span> <span class='ocrx_word' id='word_1_215' title='bbox 677 1825 810 1853; x_wconf 89' lang='lat' dir='ltr'>iudicem</span> <span class='ocrx_word' id='word_1_216' title='bbox 826 1827 1006 1859; x_wconf 78' lang='lat' dir='ltr'>secularem,</span> 
     </span>
     <span class='ocr_line' id='line_1_42' title="bbox 230 1859 1006 1896; baseline -0.003 -7"><span class='ocrx_word' id='word_1_217' title='bbox 230 1870 299 1889; x_wconf 89' lang='lat' dir='ltr'>cum</span> <span class='ocrx_word' id='word_1_218' title='bbox 330 1861 361 1889; x_wconf 84' lang='lat' dir='ltr'>S.</span> <span class='ocrx_word' id='word_1_219' title='bbox 383 1861 494 1888; x_wconf 88' lang='lat' dir='ltr'>Paulus</span> <span class='ocrx_word' id='word_1_220' title='bbox 523 1861 565 1888; x_wconf 92' lang='lat' dir='ltr'>sic</span> <span class='ocrx_word' id='word_1_221' title='bbox 586 1860 716 1888; x_wconf 87' lang='lat' dir='ltr'>iudicari</span> <span class='ocrx_word' id='word_1_222' title='bbox 742 1861 830 1896; x_wconf 81' lang='lat' dir='ltr'>elegit</span> <span class='ocrx_word' id='word_1_223' title='bbox 850 1859 915 1894; x_wconf 80' lang='lat'>362,</span> <span class='ocrx_word' id='word_1_224' title='bbox 942 1859 1006 1888; x_wconf 83' lang='grc'>363.</span> 
     </span>
    </p>

    <p class='ocr_par' dir='ltr' id='par_1_29' title="bbox 181 1895 1008 1958">
     <span class='ocr_line' id='line_1_43' title="bbox 181 1895 1008 1958; baseline -0.001 -35"><span class='ocrx_word' id='word_1_225' title='bbox 181 1912 212 1916; x_wconf 95' lang='grc'><strong>-</strong></span> <span class='ocrx_word' id='word_1_226' title='bbox 233 1896 363 1958; x_wconf 49' lang='grc' dir='ltr'>(Ξὲηήῗέ</span> <span class='ocrx_word' id='word_1_227' title='bbox 391 1896 455 1930; x_wconf 85' lang='lat' dir='ltr'>lege</span> <span class='ocrx_word' id='word_1_228' title='bbox 474 1895 601 1923; x_wconf 90' lang='lat' dir='ltr'>Domini</span> <span class='ocrx_word' id='word_1_229' title='bbox 622 1896 718 1930; x_wconf 79' lang='lat' dir='ltr'>legem</span> <span class='ocrx_word' id='word_1_230' title='bbox 740 1904 827 1922; x_wconf 88' lang='lat' dir='ltr'>suam</span> <span class='ocrx_word' id='word_1_231' title='bbox 849 1896 1008 1930; x_wconf 85' lang='lat' dir='ltr'>exequitur</span> 
     </span>
    </p>

    <p class='ocr_par' dir='ltr' id='par_1_30' title="bbox 273 1939 381 1962">
     <span class='ocr_line' id='line_1_44' title="bbox 273 1939 381 1962; baseline 0.009 -5"><span class='ocrx_word' id='word_1_232' title='bbox 273 1940 301 1962; x_wconf 90' lang='lat' dir='ltr'>o,</span> <span class='ocrx_word' id='word_1_233' title='bbox 362 1939 381 1958; x_wconf 88' lang='lat'>1.</span> 
     </span>
    </p>

    <p class='ocr_par' dir='ltr' id='par_1_31' title="bbox 180 1964 1006 2027">
     <span class='ocr_line' id='line_1_45' title="bbox 180 1964 1006 2000; baseline -0.001 -7"><span class='ocrx_word' id='word_1_234' title='bbox 180 1982 206 1985; x_wconf 87' lang='lat'>—-</span> <span class='ocrx_word' id='word_1_235' title='bbox 230 1966 320 1993; x_wconf 89' lang='lat' dir='ltr'>audet</span> <span class='ocrx_word' id='word_1_236' title='bbox 351 1965 446 1992; x_wconf 87' lang='lat' dir='ltr'>multa</span> <span class='ocrx_word' id='word_1_237' title='bbox 476 1964 643 1992; x_wconf 88' lang='lat' dir='ltr'>concedere</span> <span class='ocrx_word' id='word_1_238' title='bbox 676 1972 734 2000; x_wconf 91' lang='lat' dir='ltr'>que</span> <span class='ocrx_word' id='word_1_239' title='bbox 772 1964 914 1993; x_wconf 92' lang='lat' dir='ltr'>Christus</span> <span class='ocrx_word' id='word_1_240' title='bbox 947 1973 1006 1992; x_wconf 93' lang='lat' dir='ltr'>non</span> 
     </span>
     <span class='ocr_line' id='line_1_46' title="bbox 230 1998 393 2027; baseline 0 0"><span class='ocrx_word' id='word_1_241' title='bbox 230 2001 312 2027; x_wconf 88' lang='lat' dir='ltr'>videt</span> <span class='ocrx_word' id='word_1_242' title='bbox 332 1998 393 2027; x_wconf 72' lang='lat'>383.</span> 
     </span>
    </p>

    <p class='ocr_par' dir='ltr' id='par_1_32' title="bbox 177 2032 721 2070">
     <span class='ocr_line' id='line_1_47' title="bbox 177 2032 721 2070; baseline -0.004 -8"><span class='ocrx_word' id='word_1_243' title='bbox 177 2051 210 2054; x_wconf 82' lang='lat'>-—</span> <span class='ocrx_word' id='word_1_244' title='bbox 230 2040 274 2062; x_wconf 88' lang='lat' dir='ltr'>est</span> <span class='ocrx_word' id='word_1_245' title='bbox 293 2034 432 2070; x_wconf 87' lang='lat' dir='ltr'>capitalis</span> <span class='ocrx_word' id='word_1_246' title='bbox 453 2033 643 2061; x_wconf 82' lang='lat' dir='ltr'>simoniacus</span> <span class='ocrx_word' id='word_1_247' title='bbox 663 2032 721 2062; x_wconf 80' lang='lat'>381.</span> 
     </span>
    </p>

    <p class='ocr_par' dir='ltr' id='par_1_33' title="bbox 178 2068 1009 2131">
     <span class='ocr_line' id='line_1_48' title="bbox 178 2068 1009 2131; baseline -0.001 -34"><span class='ocrx_word' id='word_1_248' title='bbox 178 2086 210 2090; x_wconf 91' lang='lat'>—</span> <span class='ocrx_word' id='word_1_249' title='bbox 239 2074 267 2097; x_wconf 92' lang='lat' dir='ltr'>et</span> <span class='ocrx_word' id='word_1_250' title='bbox 301 2070 407 2131; x_wconf 74' lang='lat' dir='ltr'>pre5lati</span> <span class='ocrx_word' id='word_1_251' title='bbox 440 2069 533 2096; x_wconf 88' lang='lat' dir='ltr'>vitam</span> <span class='ocrx_word' id='word_1_252' title='bbox 566 2077 733 2104; x_wconf 81' lang='lat' dir='ltr'>pauperem</span> <span class='ocrx_word' id='word_1_253' title='bbox 766 2068 868 2096; x_wconf 92' lang='lat' dir='ltr'>vivere</span> <span class='ocrx_word' id='word_1_254' title='bbox 900 2069 1009 2096; x_wconf 90' lang='lat' dir='ltr'>debent</span> 
     </span>
    </p>

    <p class='ocr_par' dir='ltr' id='par_1_34' title="bbox 254 2113 375 2132">
     <span class='ocr_line' id='line_1_49' title="bbox 254 2113 375 2132; baseline -0.008 0"><span class='ocrx_word' id='word_1_255' title='bbox 254 2113 262 2132; x_wconf 91' lang='lat'>1</span> <span class='ocrx_word' id='word_1_256' title='bbox 338 2113 345 2131; x_wconf 95' lang='lat'>1</span> <span class='ocrx_word' id='word_1_257' title='bbox 370 2126 375 2131; x_wconf 90' lang='lat'>.</span> 
     </span>
    </p>

    <p class='ocr_par' dir='ltr' id='par_1_35' title="bbox 181 2113 1008 2174">
     <span class='ocr_line' id='line_1_50' title="bbox 181 2113 1008 2174; baseline -0.001 -8"><span class='ocrx_word' id='word_1_258' title='bbox 181 2113 376 2174; x_wconf 45' lang='lat' dir='ltr'>Poffui&#39;t&#39;isafcui</span> <span class='ocrx_word' id='word_1_259' title='bbox 388 2147 469 2174; x_wconf 89' lang='lat' dir='ltr'>papa</span> <span class='ocrx_word' id='word_1_260' title='bbox 481 2138 636 2165; x_wconf 87' lang='lat' dir='ltr'>maledicit</span> <span class='ocrx_word' id='word_1_261' title='bbox 654 2138 843 2166; x_wconf 89' lang='lat' dir='ltr'>benedicitur</span> <span class='ocrx_word' id='word_1_262' title='bbox 858 2138 946 2166; x_wconf 86' lang='lat' dir='ltr'>aDeo</span> <span class='ocrx_word' id='word_1_263' title='bbox 959 2147 1008 2174; x_wconf 85' lang='grc'>99.</span> 
     </span>
    </p>

    <p class='ocr_par' dir='ltr' id='par_1_36' title="bbox 178 2173 1009 2235">
     <span class='ocr_line' id='line_1_51' title="bbox 178 2173 1009 2209; baseline 0 -8"><span class='ocrx_word' id='word_1_264' title='bbox 178 2175 293 2209; x_wconf 85' lang='lat' dir='ltr'>Papam</span> <span class='ocrx_word' id='word_1_265' title='bbox 322 2174 374 2208; x_wconf 85' lang='lat' dir='ltr'>qui</span> <span class='ocrx_word' id='word_1_266' title='bbox 412 2173 607 2208; x_wconf 88' lang='lat' dir='ltr'>temptaverit</span> <span class='ocrx_word' id='word_1_267' title='bbox 639 2174 796 2208; x_wconf 85' lang='lat' dir='ltr'>corripere</span> <span class='ocrx_word' id='word_1_268' title='bbox 834 2181 904 2200; x_wconf 91' lang='lat' dir='ltr'>cum</span> <span class='ocrx_word' id='word_1_269' title='bbox 946 2174 1009 2201; x_wconf 90' lang='lat' dir='ltr'>suis</span> 
     </span>
     <span class='ocr_line' id='line_1_52' title="bbox 233 2208 613 2235; baseline 0 0"><span class='ocrx_word' id='word_1_270' title='bbox 233 2208 401 2235; x_wconf 87' lang='lat' dir='ltr'>minabitur</span> <span class='ocrx_word' id='word_1_271' title='bbox 422 2212 551 2235; x_wconf 89' lang='lat' dir='ltr'>mortem</span> <span class='ocrx_word' id='word_1_272' title='bbox 575 2208 613 2235; x_wconf 80' lang='grc'>18.</span> 
     </span>
    </p>

    <p class='ocr_par' dir='ltr' id='par_1_37' title="bbox 180 2242 947 2277">
     <span class='ocr_line' id='line_1_53' title="bbox 180 2242 947 2277; baseline -0.001 -8"><span class='ocrx_word' id='word_1_273' title='bbox 180 2259 213 2263; x_wconf 87' lang='lat'>—-</span> <span class='ocrx_word' id='word_1_274' title='bbox 234 2243 315 2277; x_wconf 83' lang='lat' dir='ltr'>Papa</span> <span class='ocrx_word' id='word_1_275' title='bbox 334 2243 515 2277; x_wconf 86' lang='lat' dir='ltr'>blaspheme</span> <span class='ocrx_word' id='word_1_276' title='bbox 534 2242 694 2270; x_wconf 86' lang='lat' dir='ltr'>insolescit</span> <span class='ocrx_word' id='word_1_277' title='bbox 714 2242 887 2270; x_wconf 87' lang='lat' dir='ltr'>honoribus</span> <span class='ocrx_word' id='word_1_278' title='bbox 910 2242 947 2270; x_wconf 72' lang='lat'>18.</span> 
     </span>
    </p>

    <p class='ocr_par' dir='ltr' id='par_1_38' title="bbox 180 2277 1011 2382">
     <span class='ocr_line' id='line_1_54' title="bbox 180 2277 1010 2313; baseline 0 -9"><span class='ocrx_word' id='word_1_279' title='bbox 180 2294 210 2297; x_wconf 97' lang='lat'><strong>—</strong></span> <span class='ocrx_word' id='word_1_280' title='bbox 233 2282 350 2304; x_wconf 88' lang='lat' dir='ltr'>tantum</span> <span class='ocrx_word' id='word_1_281' title='bbox 378 2278 513 2304; x_wconf 89' lang='lat' dir='ltr'>elevatur</span> <span class='ocrx_word' id='word_1_282' title='bbox 532 2277 562 2304; x_wconf 92' lang='lat' dir='ltr'>in</span> <span class='ocrx_word' id='word_1_283' title='bbox 585 2278 649 2305; x_wconf 90' lang='lat' dir='ltr'>suis</span> <span class='ocrx_word' id='word_1_284' title='bbox 668 2277 812 2305; x_wconf 89' lang='lat' dir='ltr'>laudibus</span> <span class='ocrx_word' id='word_1_285' title='bbox 833 2277 915 2312; x_wconf 90' lang='lat' dir='ltr'>quod</span> <span class='ocrx_word' id='word_1_286' title='bbox 939 2286 1010 2313; x_wconf 88' lang='lat' dir='ltr'>pro-</span> 
     </span>
     <span class='ocr_line' id='line_1_55' title="bbox 233 2312 1011 2346; baseline 0 -7"><span class='ocrx_word' id='word_1_287' title='bbox 233 2312 405 2339; x_wconf 82' lang='lat' dir='ltr'>movendus</span> <span class='ocrx_word' id='word_1_288' title='bbox 426 2312 509 2346; x_wconf 89' lang='lat' dir='ltr'>ipsas</span> <span class='ocrx_word' id='word_1_289' title='bbox 530 2312 658 2339; x_wconf 89' lang='lat' dir='ltr'>reticens</span> <span class='ocrx_word' id='word_1_290' title='bbox 679 2320 748 2339; x_wconf 89' lang='lat' dir='ltr'>cum</span> <span class='ocrx_word' id='word_1_291' title='bbox 770 2312 919 2340; x_wconf 84' lang='lat' dir='ltr'>dedecore</span> <span class='ocrx_word' id='word_1_292' title='bbox 934 2317 1011 2339; x_wconf 90' lang='lat' dir='ltr'>tam-</span> 
     </span>
     <span class='ocr_line' id='line_1_56' title="bbox 233 2347 775 2382; baseline 0.002 -9"><span class='ocrx_word' id='word_1_293' title='bbox 233 2355 325 2381; x_wconf 87' lang='lat' dir='ltr'>quam</span> <span class='ocrx_word' id='word_1_294' title='bbox 346 2347 490 2374; x_wconf 85' lang='lat' dir='ltr'>inhabilis</span> <span class='ocrx_word' id='word_1_295' title='bbox 512 2347 550 2374; x_wconf 91' lang='lat' dir='ltr'>sit</span> <span class='ocrx_word' id='word_1_296' title='bbox 572 2347 713 2382; x_wconf 88' lang='lat' dir='ltr'>repulsus</span> <span class='ocrx_word' id='word_1_297' title='bbox 736 2347 775 2374; x_wconf 76' lang='lat'>18.</span> 
     </span>
    </p>

    <p class='ocr_par' dir='ltr' id='par_1_39' title="bbox 182 2380 802 2417">
     <span class='ocr_line' id='line_1_57' title="bbox 182 2380 802 2417; baseline 0 -9"><span class='ocrx_word' id='word_1_298' title='bbox 182 2380 298 2409; x_wconf 88' lang='lat' dir='ltr'>Citacio</span> <span class='ocrx_word' id='word_1_299' title='bbox 320 2382 438 2417; x_wconf 88' lang='lat' dir='ltr'>papalis</span> <span class='ocrx_word' id='word_1_300' title='bbox 459 2382 487 2408; x_wconf 90' lang='lat' dir='ltr'>iii</span> <span class='ocrx_word' id='word_1_301' title='bbox 510 2389 571 2416; x_wconf 84' lang='lat' dir='ltr'>quo</span> <span class='ocrx_word' id='word_1_302' title='bbox 592 2382 740 2409; x_wconf 79' lang='lat' dir='ltr'>fundatur</span> <span class='ocrx_word' id='word_1_303' title='bbox 760 2389 802 2416; x_wconf 83' lang='lat'>19.</span> 
     </span>
    </p>

    <p class='ocr_par' dir='ltr' id='par_1_40' title="bbox 183 2416 1011 2521">
     <span class='ocr_line' id='line_1_58' title="bbox 183 2416 1011 2451; baseline 0 -8"><span class='ocrx_word' id='word_1_304' title='bbox 183 2416 267 2443; x_wconf 75' lang='lat' dir='ltr'>Bulla</span> <span class='ocrx_word' id='word_1_305' title='bbox 294 2416 413 2451; x_wconf 83' lang='lat' dir='ltr'>papalis</span> <span class='ocrx_word' id='word_1_306' title='bbox 441 2416 529 2443; x_wconf 82' lang='lat' dir='ltr'>docet</span> <span class='ocrx_word' id='word_1_307' title='bbox 566 2416 721 2451; x_wconf 85' lang='lat' dir='ltr'>quendam</span> <span class='ocrx_word' id='word_1_308' title='bbox 754 2424 866 2451; x_wconf 88' lang='lat' dir='ltr'>papam</span> <span class='ocrx_word' id='word_1_309' title='bbox 902 2417 1011 2444; x_wconf 78' lang='lat' dir='ltr'>fecisse</span> 
     </span>
     <span class='ocr_line' id='line_1_59' title="bbox 233 2451 1011 2479; baseline 0.003 -2"><span class='ocrx_word' id='word_1_310' title='bbox 233 2452 411 2478; x_wconf 86' lang='lat' dir='ltr'>oracionem</span> <span class='ocrx_word' id='word_1_311' title='bbox 425 2462 435 2477; x_wconf 67' lang='grc'>1</span> <span class='ocrx_word' id='word_1_312' title='bbox 448 2451 580 2478; x_wconf 89' lang='lat' dir='ltr'>uandam</span> <span class='ocrx_word' id='word_1_313' title='bbox 597 2455 625 2478; x_wconf 90' lang='lat' dir='ltr'>et</span> <span class='ocrx_word' id='word_1_314' title='bbox 639 2451 830 2478; x_wconf 89' lang='lat' dir='ltr'>concessisse</span> <span class='ocrx_word' id='word_1_315' title='bbox 844 2452 880 2478; x_wconf 84' lang='lat' dir='ltr'>ad</span> <span class='ocrx_word' id='word_1_316' title='bbox 896 2452 1011 2479; x_wconf 87' lang='lat' dir='ltr'>instan-</span> 
     </span>
     <span class='ocr_line' id='line_1_60' title="bbox 233 2485 1010 2521; baseline 0.001 -9"><span class='ocrx_word' id='word_1_317' title='bbox 233 2486 310 2512; x_wconf 87' lang='lat' dir='ltr'>ciam</span> <span class='ocrx_word' id='word_1_318' title='bbox 333 2486 412 2519; x_wconf 80' lang='lat' dir='ltr'>regis</span> <span class='ocrx_word' id='word_1_319' title='bbox 437 2486 573 2512; x_wconf 72' lang='lat' dir='ltr'>⁴ranciae</span> <span class='ocrx_word' id='word_1_320' title='bbox 594 2486 654 2512; x_wconf 93' lang='lat' dir='ltr'>duo</span> <span class='ocrx_word' id='word_1_321' title='bbox 676 2485 770 2513; x_wconf 90' lang='lat' dir='ltr'>millia</span> <span class='ocrx_word' id='word_1_322' title='bbox 790 2494 942 2513; x_wconf 88' lang='lat' dir='ltr'>annorum</span> <span class='ocrx_word' id='word_1_323' title='bbox 964 2485 1010 2521; x_wconf 82' lang='grc'>39.</span> 
     </span>
    </p>

    <p class='ocr_par' dir='ltr' id='par_1_41' title="bbox 182 2519 1012 2590">
     <span class='ocr_line' id='line_1_61' title="bbox 182 2519 1012 2558; baseline 0.001 -11"><span class='ocrx_word' id='word_1_324' title='bbox 182 2519 324 2547; x_wconf 85' lang='lat' dir='ltr'>Christus</span> <span class='ocrx_word' id='word_1_325' title='bbox 357 2520 488 2558; x_wconf 38' lang='lat' dir='ltr'>vocavit.</span> <span class='ocrx_word' id='word_1_326' title='bbox 506 2529 536 2547; x_wconf 88' lang='lat' dir='ltr'>se</span> <span class='ocrx_word' id='word_1_327' title='bbox 565 2520 747 2555; x_wconf 85' lang='lat' dir='ltr'>episcopum</span> <span class='ocrx_word' id='word_1_328' title='bbox 780 2521 955 2548; x_wconf 86' lang='lat' dir='ltr'>animarum</span> <span class='ocrx_word' id='word_1_329' title='bbox 985 2526 1012 2548; x_wconf 93' lang='lat' dir='ltr'>et</span> 
     </span>
     <span class='ocr_line' id='line_1_62' title="bbox 236 2561 500 2590; baseline 0.004 -9"><span class='ocrx_word' id='word_1_330' title='bbox 236 2563 297 2582; x_wconf 89' lang='lat' dir='ltr'>non</span> <span class='ocrx_word' id='word_1_331' title='bbox 320 2564 431 2590; x_wconf 85' lang='lat' dir='ltr'>papam</span> <span class='ocrx_word' id='word_1_332' title='bbox 453 2561 500 2586; x_wconf 79' lang='lat'>70.</span> 
     </span>
    </p>

    <p class='ocr_par' dir='ltr' id='par_1_42' title="bbox 181 2588 1012 2659">
     <span class='ocr_line' id='line_1_63' title="bbox 181 2588 1012 2625; baseline 0 -9"><span class='ocrx_word' id='word_1_333' title='bbox 181 2588 329 2617; x_wconf 85' lang='lat' dir='ltr'>Neutrius</span> <span class='ocrx_word' id='word_1_334' title='bbox 351 2598 428 2625; x_wconf 86' lang='lat' dir='ltr'>pape</span> <span class='ocrx_word' id='word_1_335' title='bbox 449 2589 575 2617; x_wconf 89' lang='lat' dir='ltr'>monitis</span> <span class='ocrx_word' id='word_1_336' title='bbox 590 2589 740 2616; x_wconf 85' lang='lat' dir='ltr'>debemus</span> <span class='ocrx_word' id='word_1_337' title='bbox 759 2598 875 2624; x_wconf 87' lang='lat' dir='ltr'>parere,</span> <span class='ocrx_word' id='word_1_338' title='bbox 896 2589 954 2617; x_wconf 92' lang='lat' dir='ltr'>nisi</span> <span class='ocrx_word' id='word_1_339' title='bbox 975 2590 1012 2617; x_wconf 91' lang='lat' dir='ltr'>de</span> 
     </span>
     <span class='ocr_line' id='line_1_64' title="bbox 235 2624 1010 2659; baseline 0 -8"><span class='ocrx_word' id='word_1_340' title='bbox 235 2629 349 2659; x_wconf 88' lang='lat' dir='ltr'>quanto</span> <span class='ocrx_word' id='word_1_341' title='bbox 381 2629 492 2651; x_wconf 84' lang='lat' dir='ltr'>sonant</span> <span class='ocrx_word' id='word_1_342' title='bbox 519 2625 549 2652; x_wconf 93' lang='lat' dir='ltr'>in</span> <span class='ocrx_word' id='word_1_343' title='bbox 571 2624 687 2651; x_wconf 89' lang='lat' dir='ltr'>Christi</span> <span class='ocrx_word' id='word_1_344' title='bbox 708 2624 920 2651; x_wconf 89' lang='lat' dir='ltr'>obedienciam</span> <span class='ocrx_word' id='word_1_345' title='bbox 949 2633 1010 2652; x_wconf 88' lang='lat'>100.</span> 
     </span>
    </p>

    <p class='ocr_par' dir='ltr' id='par_1_43' title="bbox 185 2659 968 2694">
     <span class='ocr_line' id='line_1_65' title="bbox 185 2659 968 2694; baseline 0.001 -9"><span class='ocrx_word' id='word_1_346' title='bbox 185 2659 265 2693; x_wconf 75' lang='lat' dir='ltr'>l’ape</span> <span class='ocrx_word' id='word_1_347' title='bbox 286 2659 315 2685; x_wconf 85' lang='lat' dir='ltr'>in</span> <span class='ocrx_word' id='word_1_348' title='bbox 338 2659 511 2694; x_wconf 78' lang='lat' dir='ltr'>prolixitate</span> <span class='ocrx_word' id='word_1_349' title='bbox 532 2660 712 2686; x_wconf 89' lang='lat' dir='ltr'>oracionum</span> <span class='ocrx_word' id='word_1_350' title='bbox 735 2659 879 2686; x_wconf 84' lang='lat' dir='ltr'>deficiunt</span> <span class='ocrx_word' id='word_1_351' title='bbox 899 2659 968 2686; x_wconf 81' lang='lat'>266.</span> 
     </span>
    </p>

    <p class='ocr_par' dir='ltr' id='par_1_44' title="bbox 182 2693 1011 2763">
     <span class='ocr_line' id='line_1_66' title="bbox 182 2693 1011 2729; baseline 0.001 -9"><span class='ocrx_word' id='word_1_352' title='bbox 182 2694 287 2720; x_wconf 87' lang='lat' dir='ltr'>Ambo</span> <span class='ocrx_word' id='word_1_353' title='bbox 311 2702 387 2729; x_wconf 81' lang='lat' dir='ltr'>pape</span> <span class='ocrx_word' id='word_1_354' title='bbox 409 2694 549 2721; x_wconf 89' lang='lat' dir='ltr'>moderni</span> <span class='ocrx_word' id='word_1_355' title='bbox 580 2693 726 2721; x_wconf 89' lang='lat' dir='ltr'>decidunt</span> <span class='ocrx_word' id='word_1_356' title='bbox 747 2702 762 2720; x_wconf 89' lang='lat' dir='ltr'>a</span> <span class='ocrx_word' id='word_1_357' title='bbox 785 2694 887 2729; x_wconf 87' lang='lat' dir='ltr'>papali</span> <span class='ocrx_word' id='word_1_358' title='bbox 909 2694 1011 2721; x_wconf 75' lang='grc'>0111610</span> 
     </span>
     <span class='ocr_line' id='line_1_67' title="bbox 237 2728 617 2763; baseline 0.003 -10"><span class='ocrx_word' id='word_1_359' title='bbox 237 2729 336 2763; x_wconf 76' lang='lat' dir='ltr'>quoad</span> <span class='ocrx_word' id='word_1_360' title='bbox 360 2728 457 2755; x_wconf 72' lang='lat' dir='ltr'>Deum</span> <span class='ocrx_word' id='word_1_361' title='bbox 481 2737 536 2761; x_wconf 61' lang='grc'>141,</span> <span class='ocrx_word' id='word_1_362' title='bbox 559 2736 617 2761; x_wconf 76' lang='grc'>142.</span> 
     </span>
    </p>

    <p class='ocr_par' dir='ltr' id='par_1_45' title="bbox 184 2763 1014 2860">
     <span class='ocr_line' id='line_1_68' title="bbox 184 2763 1011 2796; baseline 0.001 -7"><span class='ocrx_word' id='word_1_363' title='bbox 184 2763 267 2789; x_wconf 63' lang='grc'>1511116</span> <span class='ocrx_word' id='word_1_364' title='bbox 291 2771 367 2796; x_wconf 88' lang='lat' dir='ltr'>pape</span> <span class='ocrx_word' id='word_1_365' title='bbox 390 2772 449 2790; x_wconf 90' lang='lat' dir='ltr'>uon</span> <span class='ocrx_word' id='word_1_366' title='bbox 473 2764 570 2790; x_wconf 80' lang='lat' dir='ltr'>valent</span> <span class='ocrx_word' id='word_1_367' title='bbox 592 2763 649 2790; x_wconf 83' lang='lat' dir='ltr'>nisi</span> <span class='ocrx_word' id='word_1_368' title='bbox 677 2763 712 2790; x_wconf 87' lang='lat' dir='ltr'>ad</span> <span class='ocrx_word' id='word_1_369' title='bbox 735 2763 797 2790; x_wconf 88' lang='lat' dir='ltr'>duo</span> <span class='ocrx_word' id='word_1_370' title='bbox 819 2772 861 2790; x_wconf 85' lang='lat' dir='ltr'>sc.</span> <span class='ocrx_word' id='word_1_371' title='bbox 884 2763 919 2790; x_wconf 85' lang='lat' dir='ltr'>ad</span> <span class='ocrx_word' id='word_1_372' title='bbox 943 2764 1011 2790; x_wconf 87' lang='lat' dir='ltr'>sub-</span> 
     </span>
     <span class='ocr_line' id='line_1_69' title="bbox 237 2797 1014 2833; baseline 0.003 -10"><span class='ocrx_word' id='word_1_373' title='bbox 237 2797 409 2824; x_wconf 72' lang='lat' dir='ltr'>versionem</span> <span class='ocrx_word' id='word_1_374' title='bbox 440 2798 587 2833; x_wconf 78' lang='lat' dir='ltr'>evangelii</span> <span class='ocrx_word' id='word_1_375' title='bbox 621 2802 647 2825; x_wconf 88' lang='lat' dir='ltr'>et</span> <span class='ocrx_word' id='word_1_376' title='bbox 683 2798 896 2825; x_wconf 84' lang='lat' dir='ltr'>extollenciam</span> <span class='ocrx_word' id='word_1_377' title='bbox 926 2798 1014 2825; x_wconf 87' lang='lat' dir='ltr'>Anti-</span> 
     </span>
     <span class='ocr_line' id='line_1_70' title="bbox 238 2832 428 2860; baseline 0 -1"><span class='ocrx_word' id='word_1_378' title='bbox 238 2832 344 2859; x_wconf 87' lang='lat' dir='ltr'>christi</span> <span class='ocrx_word' id='word_1_379' title='bbox 366 2832 428 2860; x_wconf 70' lang='grc'>382.</span> 
     </span>
    </p>
   </div>
   <div class='ocr_carea' id='block_1_5' title="bbox 1035 337 1043 907">
    <p class='ocr_par' dir='ltr' id='par_1_46' title="bbox 1035 337 1043 907">
     <span class='ocr_line' id='line_1_71' title="bbox 1035 337 1043 907; baseline 0 0"><span class='ocrx_word' id='word_1_380' title='bbox 1035 337 1043 907; x_wconf 95' lang='lat' dir='ltr'> </span> 
     </span>
    </p>
   </div>
   <div class='ocr_carea' id='block_1_6' title="bbox 1036 337 1044 1337">
    <p class='ocr_par' dir='ltr' id='par_1_47' title="bbox 1036 337 1044 1337">
     <span class='ocr_line' id='line_1_72' title="bbox 1036 337 1044 1337; baseline 0 0"><span class='ocrx_word' id='word_1_381' title='bbox 1036 337 1044 1337; x_wconf 95' lang='lat' dir='ltr'> </span> 
     </span>
    </p>
   </div>
   <div class='ocr_carea' id='block_1_7' title="bbox 1041 1472 1050 2833">
    <p class='ocr_par' dir='ltr' id='par_1_48' title="bbox 1041 1472 1050 2833">
     <span class='ocr_line' id='line_1_73' title="bbox 1041 1472 1050 2833; baseline 0 0"><span class='ocrx_word' id='word_1_382' title='bbox 1041 1472 1050 2833; x_wconf 95' lang='lat' dir='ltr'> </span> 
     </span>
    </p>
   </div>
   <div class='ocr_carea' id='block_1_8' title="bbox 841 229 1234 261">
    <p class='ocr_par' dir='ltr' id='par_1_49' title="bbox 841 229 1234 261">
     <span class='ocr_line' id='line_1_74' title="bbox 841 229 1234 261; baseline -0.003 0"><span class='ocrx_word' id='word_1_383' title='bbox 841 230 1058 261; x_wconf 73' lang='lat' dir='ltr'>GENERAL</span> <span class='ocrx_word' id='word_1_384' title='bbox 1086 229 1234 260; x_wconf 83' lang='lat' dir='ltr'>INDEX.</span> 
     </span>
    </p>
   </div>
   <div class='ocr_carea' id='block_1_9' title="bbox 1075 330 1912 2860">
    <p class='ocr_par' dir='ltr' id='par_1_50' title="bbox 1077 330 1902 435">
     <span class='ocr_line' id='line_1_75' title="bbox 1077 330 1901 366; baseline 0.001 -9"><span class='ocrx_word' id='word_1_385' title='bbox 1077 331 1156 366; x_wconf 78' lang='lat' dir='ltr'>l’ape</span> <span class='ocrx_word' id='word_1_386' title='bbox 1177 339 1237 358; x_wconf 90' lang='lat' dir='ltr'>nou</span> <span class='ocrx_word' id='word_1_387' title='bbox 1268 335 1311 357; x_wconf 91' lang='lat' dir='ltr'>est</span> <span class='ocrx_word' id='word_1_388' title='bbox 1341 331 1528 358; x_wconf 84' lang='lat' dir='ltr'>credendum</span> <span class='ocrx_word' id='word_1_389' title='bbox 1551 331 1580 358; x_wconf 86' lang='lat' dir='ltr'>iii</span> <span class='ocrx_word' id='word_1_390' title='bbox 1602 330 1758 358; x_wconf 85' lang='lat' dir='ltr'>sentencia</span> <span class='ocrx_word' id='word_1_391' title='bbox 1789 330 1826 357; x_wconf 90' lang='lat' dir='ltr'>de</span> <span class='ocrx_word' id='word_1_392' title='bbox 1847 330 1901 357; x_wconf 92' lang='lat' dir='ltr'>lio-</span> 
     </span>
     <span class='ocr_line' id='line_1_76' title="bbox 1111 365 1902 404; baseline 0.001 -12"><span class='ocrx_word' id='word_1_393' title='bbox 1111 366 1168 393; x_wconf 86' lang='lat' dir='ltr'>stia</span> <span class='ocrx_word' id='word_1_394' title='bbox 1188 370 1378 404; x_wconf 85' lang='lat' dir='ltr'>consecrata,</span> <span class='ocrx_word' id='word_1_395' title='bbox 1400 366 1459 393; x_wconf 90' lang='lat' dir='ltr'>nisi</span> <span class='ocrx_word' id='word_1_396' title='bbox 1481 366 1511 393; x_wconf 91' lang='lat' dir='ltr'>in</span> <span class='ocrx_word' id='word_1_397' title='bbox 1533 366 1592 393; x_wconf 90' lang='lat' dir='ltr'>fide</span> <span class='ocrx_word' id='word_1_398' title='bbox 1612 365 1763 400; x_wconf 88' lang='lat' dir='ltr'>scripture</span> <span class='ocrx_word' id='word_1_399' title='bbox 1783 373 1815 392; x_wconf 86' lang='lat' dir='ltr'>se</span> <span class='ocrx_word' id='word_1_400' title='bbox 1834 365 1902 393; x_wconf 84' lang='lat' dir='ltr'>fun-</span> 
     </span>
     <span class='ocr_line' id='line_1_77' title="bbox 1130 399 1335 435; baseline 0.005 -8"><span class='ocrx_word' id='word_1_401' title='bbox 1130 401 1248 428; x_wconf 81' lang='lat' dir='ltr'>daverit</span> <span class='ocrx_word' id='word_1_402' title='bbox 1267 399 1335 435; x_wconf 79' lang='grc'>394.</span> 
     </span>
    </p>

    <p class='ocr_par' dir='ltr' id='par_1_51' title="bbox 1077 434 1714 474">
     <span class='ocr_line' id='line_1_78' title="bbox 1077 434 1714 474; baseline -0.003 -11"><span class='ocrx_word' id='word_1_403' title='bbox 1077 435 1193 463; x_wconf 89' lang='lat' dir='ltr'>Contra</span> <span class='ocrx_word' id='word_1_404' title='bbox 1212 435 1426 470; x_wconf 83' lang='lat' dir='ltr'>indulgencias</span> <span class='ocrx_word' id='word_1_405' title='bbox 1447 436 1573 470; x_wconf 87' lang='lat' dir='ltr'>papales</span> <span class='ocrx_word' id='word_1_406' title='bbox 1593 434 1714 474; x_wconf 72' lang='lat'>37—40.</span> 
     </span>
    </p>

    <p class='ocr_par' dir='ltr' id='par_1_52' title="bbox 1076 469 1901 539">
     <span class='ocr_line' id='line_1_79' title="bbox 1076 469 1901 505; baseline -0.001 -8"><span class='ocrx_word' id='word_1_407' title='bbox 1076 470 1221 498; x_wconf 87' lang='lat' dir='ltr'>Cavende</span> <span class='ocrx_word' id='word_1_408' title='bbox 1242 474 1313 497; x_wconf 86' lang='lat' dir='ltr'>sunt</span> <span class='ocrx_word' id='word_1_409' title='bbox 1327 470 1447 497; x_wconf 91' lang='lat' dir='ltr'>homini</span> <span class='ocrx_word' id='word_1_410' title='bbox 1468 470 1527 497; x_wconf 91' lang='lat' dir='ltr'>due</span> <span class='ocrx_word' id='word_1_411' title='bbox 1542 470 1690 504; x_wconf 89' lang='lat' dir='ltr'>particule</span> <span class='ocrx_word' id='word_1_412' title='bbox 1710 469 1801 497; x_wconf 92' lang='lat' dir='ltr'>valde</span> <span class='ocrx_word' id='word_1_413' title='bbox 1821 469 1901 505; x_wconf 89' lang='lat' dir='ltr'>peri-</span> 
     </span>
     <span class='ocr_line' id='line_1_80' title="bbox 1128 504 1683 539; baseline -0.002 -7"><span class='ocrx_word' id='word_1_414' title='bbox 1128 505 1243 539; x_wconf 86' lang='lat' dir='ltr'>culose⁷</span> <span class='ocrx_word' id='word_1_415' title='bbox 1265 505 1379 532; x_wconf 89' lang='lat' dir='ltr'>scilicet</span> <span class='ocrx_word' id='word_1_416' title='bbox 1398 513 1451 531; x_wconf 88' lang='lat' dir='ltr'>cor</span> <span class='ocrx_word' id='word_1_417' title='bbox 1471 508 1500 531; x_wconf 90' lang='lat' dir='ltr'>et</span> <span class='ocrx_word' id='word_1_418' title='bbox 1518 504 1622 539; x_wconf 85' lang='lat' dir='ltr'>lingua</span> <span class='ocrx_word' id='word_1_419' title='bbox 1643 512 1683 531; x_wconf 85' lang='lat' dir='ltr'>io.</span> 
     </span>
    </p>

    <p class='ocr_par' dir='ltr' id='par_1_53' title="bbox 1075 539 1743 574">
     <span class='ocr_line' id='line_1_81' title="bbox 1075 539 1743 574; baseline -0.001 -8"><span class='ocrx_word' id='word_1_420' title='bbox 1075 540 1162 567; x_wconf 85' lang='lat' dir='ltr'>Pater</span> <span class='ocrx_word' id='word_1_421' title='bbox 1183 543 1296 573; x_wconf 84' lang='lat' dir='ltr'>noster,</span> <span class='ocrx_word' id='word_1_422' title='bbox 1318 547 1411 574; x_wconf 87' lang='lat' dir='ltr'>quare</span> <span class='ocrx_word' id='word_1_423' title='bbox 1432 539 1565 566; x_wconf 90' lang='lat' dir='ltr'>dicimus</span> <span class='ocrx_word' id='word_1_424' title='bbox 1585 540 1743 574; x_wconf 83' lang='lat'>267—272.</span> 
     </span>
    </p>

    <p class='ocr_par' dir='ltr' id='par_1_54' title="bbox 1075 573 1736 609">
     <span class='ocr_line' id='line_1_82' title="bbox 1075 573 1736 609; baseline -0.002 -8"><span class='ocrx_word' id='word_1_425' title='bbox 1075 575 1243 609; x_wconf 81' lang='lat' dir='ltr'>Paupertas</span> <span class='ocrx_word' id='word_1_426' title='bbox 1266 574 1435 609; x_wconf 88' lang='lat' dir='ltr'>spiritualis</span> <span class='ocrx_word' id='word_1_427' title='bbox 1455 574 1613 601; x_wconf 86' lang='lat' dir='ltr'>humilitas</span> <span class='ocrx_word' id='word_1_428' title='bbox 1634 577 1679 600; x_wconf 91' lang='lat' dir='ltr'>est</span> <span class='ocrx_word' id='word_1_429' title='bbox 1698 573 1736 601; x_wconf 87' lang='lat'>15.</span> 
     </span>
    </p>

    <p class='ocr_par' dir='ltr' id='par_1_55' title="bbox 1075 608 1625 644">
     <span class='ocr_line' id='line_1_83' title="bbox 1075 608 1625 644; baseline -0.002 -8"><span class='ocrx_word' id='word_1_430' title='bbox 1075 609 1119 636; x_wconf 88' lang='lat' dir='ltr'>De</span> <span class='ocrx_word' id='word_1_431' title='bbox 1141 613 1326 644; x_wconf 88' lang='lat' dir='ltr'>paupertate</span> <span class='ocrx_word' id='word_1_432' title='bbox 1347 609 1499 643; x_wconf 87' lang='lat' dir='ltr'>spirituali</span> <span class='ocrx_word' id='word_1_433' title='bbox 1522 608 1625 643; x_wconf 81' lang='grc'>15-17,</span> 
     </span>
    </p>

    <p class='ocr_par' dir='ltr' id='par_1_56' title="bbox 1076 643 1901 705">
     <span class='ocr_line' id='line_1_84' title="bbox 1076 643 1901 678; baseline 0 -8"><span class='ocrx_word' id='word_1_434' title='bbox 1076 644 1243 678; x_wconf 84' lang='lat' dir='ltr'>Paupertas</span> <span class='ocrx_word' id='word_1_435' title='bbox 1288 643 1456 678; x_wconf 90' lang='lat' dir='ltr'>spiritualis</span> <span class='ocrx_word' id='word_1_436' title='bbox 1498 643 1610 670; x_wconf 83' lang='lat' dir='ltr'>excutit</span> <span class='ocrx_word' id='word_1_437' title='bbox 1647 643 1776 670; x_wconf 84' lang='lat' dir='ltr'>divicias</span> <span class='ocrx_word' id='word_1_438' title='bbox 1815 650 1901 670; x_wconf 92' lang='lat' dir='ltr'>muri-</span> 
     </span>
     <span class='ocr_line' id='line_1_85' title="bbox 1128 676 1625 705; baseline 0 0"><span class='ocrx_word' id='word_1_439' title='bbox 1128 679 1225 705; x_wconf 89' lang='lat' dir='ltr'>danas</span> <span class='ocrx_word' id='word_1_440' title='bbox 1244 678 1398 705; x_wconf 87' lang='lat' dir='ltr'>viantibus</span> <span class='ocrx_word' id='word_1_441' title='bbox 1419 686 1568 705; x_wconf 87' lang='lat' dir='ltr'>onerosas</span> <span class='ocrx_word' id='word_1_442' title='bbox 1588 676 1625 705; x_wconf 86' lang='lat'>15.</span> 
     </span>
    </p>

    <p class='ocr_par' dir='ltr' id='par_1_57' title="bbox 1075 711 1642 752">
     <span class='ocr_line' id='line_1_86' title="bbox 1075 711 1642 752; baseline -0.002 -12"><span class='ocrx_word' id='word_1_443' title='bbox 1075 714 1228 748; x_wconf 84' lang='lat' dir='ltr'>Pauperes</span> <span class='ocrx_word' id='word_1_444' title='bbox 1249 713 1359 748; x_wconf 88' lang='lat' dir='ltr'>spiritu</span> <span class='ocrx_word' id='word_1_445' title='bbox 1379 713 1431 752; x_wconf 88' lang='lat' dir='ltr'>qui</span> <span class='ocrx_word' id='word_1_446' title='bbox 1452 717 1524 740; x_wconf 90' lang='lat' dir='ltr'>sunt</span> <span class='ocrx_word' id='word_1_447' title='bbox 1543 721 1584 747; x_wconf 88' lang='grc'>14,</span> <span class='ocrx_word' id='word_1_448' title='bbox 1605 711 1642 739; x_wconf 87' lang='grc'>15.</span> 
     </span>
    </p>

    <p class='ocr_par' dir='ltr' id='par_1_58' title="bbox 1076 746 1902 783">
     <span class='ocr_line' id='line_1_87' title="bbox 1076 746 1902 783; baseline -0.001 -8"><span class='ocrx_word' id='word_1_449' title='bbox 1076 748 1158 775; x_wconf 85' lang='lat' dir='ltr'>Beati</span> <span class='ocrx_word' id='word_1_450' title='bbox 1180 755 1332 783; x_wconf 85' lang='lat' dir='ltr'>pauperes</span> <span class='ocrx_word' id='word_1_451' title='bbox 1353 747 1465 782; x_wconf 87' lang='lat' dir='ltr'>spiritu</span> <span class='ocrx_word' id='word_1_452' title='bbox 1484 746 1644 782; x_wconf 88' lang='lat' dir='ltr'>quomodo</span> <span class='ocrx_word' id='word_1_453' title='bbox 1658 747 1837 782; x_wconf 79' lang='lat' dir='ltr'>intelligitur</span> <span class='ocrx_word' id='word_1_454' title='bbox 1857 747 1902 774; x_wconf 86' lang='lat'>50.</span> 
     </span>
    </p>

    <p class='ocr_par' dir='ltr' id='par_1_59' title="bbox 1075 781 1903 850">
     <span class='ocr_line' id='line_1_88' title="bbox 1075 781 1903 818; baseline -0.001 -9"><span class='ocrx_word' id='word_1_455' title='bbox 1075 783 1228 818; x_wconf 87' lang='lat' dir='ltr'>Pauperes</span> <span class='ocrx_word' id='word_1_456' title='bbox 1244 782 1357 809; x_wconf 89' lang='lat' dir='ltr'>subditi</span> <span class='ocrx_word' id='word_1_457' title='bbox 1373 782 1483 809; x_wconf 90' lang='lat' dir='ltr'>debent</span> <span class='ocrx_word' id='word_1_458' title='bbox 1503 782 1540 809; x_wconf 90' lang='lat' dir='ltr'>de</span> <span class='ocrx_word' id='word_1_459' title='bbox 1555 781 1678 817; x_wconf 88' lang='lat' dir='ltr'>prelatis</span> <span class='ocrx_word' id='word_1_460' title='bbox 1694 782 1903 809; x_wconf 90' lang='lat' dir='ltr'>subtrahendo</span> 
     </span>
     <span class='ocr_line' id='line_1_89' title="bbox 1126 815 1636 850; baseline -0.002 -6"><span class='ocrx_word' id='word_1_461' title='bbox 1126 818 1303 844; x_wconf 87' lang='lat' dir='ltr'>oblaciones</span> <span class='ocrx_word' id='word_1_462' title='bbox 1324 817 1460 844; x_wconf 91' lang='lat' dir='ltr'>iudicare</span> <span class='ocrx_word' id='word_1_463' title='bbox 1480 815 1545 850; x_wconf 82' lang='grc'>363,</span> <span class='ocrx_word' id='word_1_464' title='bbox 1566 815 1636 849; x_wconf 81' lang='lat'>364.</span> 
     </span>
    </p>

    <p class='ocr_par' dir='ltr' id='par_1_60' title="bbox 1076 849 1848 886">
     <span class='ocr_line' id='line_1_90' title="bbox 1076 849 1848 886; baseline -0.003 -7"><span class='ocrx_word' id='word_1_465' title='bbox 1076 852 1201 879; x_wconf 86' lang='lat' dir='ltr'>Peccata</span> <span class='ocrx_word' id='word_1_466' title='bbox 1221 852 1299 884; x_wconf 85' lang='lat' dir='ltr'>levia</span> <span class='ocrx_word' id='word_1_467' title='bbox 1319 852 1438 879; x_wconf 86' lang='lat' dir='ltr'>radices</span> <span class='ocrx_word' id='word_1_468' title='bbox 1459 856 1530 879; x_wconf 91' lang='lat' dir='ltr'>sunt</span> <span class='ocrx_word' id='word_1_469' title='bbox 1549 851 1689 886; x_wconf 85' lang='lat' dir='ltr'>gravium</span> <span class='ocrx_word' id='word_1_470' title='bbox 1712 858 1769 883; x_wconf 82' lang='lat'>122,</span> <span class='ocrx_word' id='word_1_471' title='bbox 1791 849 1848 877; x_wconf 71' lang='lat'>123.</span> 
     </span>
    </p>

    <p class='ocr_par' dir='ltr' id='par_1_61' title="bbox 1077 885 1905 983">
     <span class='ocr_line' id='line_1_91' title="bbox 1077 885 1902 925; baseline -0.002 -11"><span class='ocrx_word' id='word_1_472' title='bbox 1077 887 1237 914; x_wconf 82' lang='lat' dir='ltr'>Peccatum</span> <span class='ocrx_word' id='word_1_473' title='bbox 1271 895 1349 925; x_wconf 90' lang='lat' dir='ltr'>pape</span> <span class='ocrx_word' id='word_1_474' title='bbox 1378 891 1423 913; x_wconf 89' lang='lat' dir='ltr'>est</span> <span class='ocrx_word' id='word_1_475' title='bbox 1458 886 1574 913; x_wconf 94' lang='lat' dir='ltr'>bonum</span> <span class='ocrx_word' id='word_1_476' title='bbox 1605 886 1642 913; x_wconf 87' lang='lat' dir='ltr'>ad</span> <span class='ocrx_word' id='word_1_477' title='bbox 1675 885 1902 913; x_wconf 84' lang='lat' dir='ltr'>deformitatem</span> 
     </span>
     <span class='ocr_line' id='line_1_92' title="bbox 1128 920 1905 983; baseline 0 -35"><span class='ocrx_word' id='word_1_478' title='bbox 1128 921 1288 983; x_wconf 49' lang='lat' dir='ltr'>{Christo</span> <span class='ocrx_word' id='word_1_479' title='bbox 1313 929 1344 948; x_wconf 92' lang='lat' dir='ltr'>in</span> <span class='ocrx_word' id='word_1_480' title='bbox 1366 920 1490 956; x_wconf 88' lang='lat' dir='ltr'>prelatis</span> <span class='ocrx_word' id='word_1_481' title='bbox 1517 920 1718 948; x_wconf 82' lang='lat' dir='ltr'>inferioribus</span> <span class='ocrx_word' id='word_1_482' title='bbox 1740 928 1905 955; x_wconf 88' lang='lat' dir='ltr'>precaven-</span> 
     </span>
    </p>

    <p class='ocr_par' dir='ltr' id='par_1_62' title="bbox 1152 964 1272 991">
     <span class='ocr_line' id='line_1_93' title="bbox 1152 964 1272 991; baseline -0.008 -8"><span class='ocrx_word' id='word_1_483' title='bbox 1152 965 1203 983; x_wconf 88' lang='lat' dir='ltr'>um</span> <span class='ocrx_word' id='word_1_484' title='bbox 1224 964 1272 991; x_wconf 79' lang='lat'>74.</span> 
     </span>
    </p>

    <p class='ocr_par' dir='ltr' id='par_1_63' title="bbox 1076 989 1904 1058">
     <span class='ocr_line' id='line_1_94' title="bbox 1076 989 1904 1025; baseline -0.004 -7"><span class='ocrx_word' id='word_1_485' title='bbox 1076 1006 1108 1010; x_wconf 90' lang='lat'>—-</span> <span class='ocrx_word' id='word_1_486' title='bbox 1128 991 1211 1018; x_wconf 91' lang='lat' dir='ltr'>Deus</span> <span class='ocrx_word' id='word_1_487' title='bbox 1232 999 1293 1018; x_wconf 91' lang='lat' dir='ltr'>non</span> <span class='ocrx_word' id='word_1_488' title='bbox 1326 990 1467 1025; x_wconf 86' lang='lat' dir='ltr'>intelligit</span> <span class='ocrx_word' id='word_1_489' title='bbox 1496 998 1549 1024; x_wconf 89' lang='lat' dir='ltr'>per</span> <span class='ocrx_word' id='word_1_490' title='bbox 1568 990 1654 1017; x_wconf 91' lang='lat' dir='ltr'>ideas</span> <span class='ocrx_word' id='word_1_491' title='bbox 1681 989 1733 1016; x_wconf 92' lang='lat' dir='ltr'>sed</span> <span class='ocrx_word' id='word_1_492' title='bbox 1757 997 1810 1024; x_wconf 89' lang='lat' dir='ltr'>pei·</span> <span class='ocrx_word' id='word_1_493' title='bbox 1829 993 1904 1016; x_wconf 89' lang='lat' dir='ltr'>eter-</span> 
     </span>
     <span class='ocr_line' id='line_1_95' title="bbox 1128 1025 1643 1058; baseline -0.002 -6"><span class='ocrx_word' id='word_1_494' title='bbox 1128 1034 1199 1052; x_wconf 88' lang='lat' dir='ltr'>nam</span> <span class='ocrx_word' id='word_1_495' title='bbox 1221 1025 1392 1053; x_wconf 89' lang='lat' dir='ltr'>carenciam</span> <span class='ocrx_word' id='word_1_496' title='bbox 1413 1025 1554 1052; x_wconf 87' lang='lat' dir='ltr'>idearum</span> <span class='ocrx_word' id='word_1_497' title='bbox 1577 1025 1643 1058; x_wconf 88' lang='grc'>445.</span> 
     </span>
    </p>

    <p class='ocr_par' dir='ltr' id='par_1_64' title="bbox 1076 1059 1799 1095">
     <span class='ocr_line' id='line_1_96' title="bbox 1076 1059 1799 1095; baseline -0.003 -8"><span class='ocrx_word' id='word_1_498' title='bbox 1076 1076 1109 1079; x_wconf 61' lang='grc'>»-</span> <span class='ocrx_word' id='word_1_499' title='bbox 1129 1061 1243 1087; x_wconf 92' lang='lat' dir='ltr'>diaboli</span> <span class='ocrx_word' id='word_1_500' title='bbox 1264 1060 1378 1095; x_wconf 90' lang='lat' dir='ltr'>incepit</span> <span class='ocrx_word' id='word_1_501' title='bbox 1396 1059 1427 1087; x_wconf 91' lang='lat' dir='ltr'>in</span> <span class='ocrx_word' id='word_1_502' title='bbox 1448 1059 1557 1087; x_wconf 89' lang='lat' dir='ltr'>mundi</span> <span class='ocrx_word' id='word_1_503' title='bbox 1578 1059 1706 1086; x_wconf 90' lang='lat' dir='ltr'>exordio</span> <span class='ocrx_word' id='word_1_504' title='bbox 1726 1060 1799 1092; x_wconf 82' lang='grc'>446.</span> 
     </span>
    </p>

    <p class='ocr_par' dir='ltr' id='par_1_65' title="bbox 1076 1093 1904 1157">
     <span class='ocr_line' id='line_1_97' title="bbox 1076 1093 1904 1157; baseline -0.004 -35"><span class='ocrx_word' id='word_1_505' title='bbox 1076 1094 1203 1157; x_wconf 64' lang='lat' dir='ltr'>Viafntes</span> <span class='ocrx_word' id='word_1_506' title='bbox 1230 1095 1343 1156; x_wconf 75' lang='lat' dir='ltr'>lia3bent</span> <span class='ocrx_word' id='word_1_507' title='bbox 1363 1094 1399 1122; x_wconf 90' lang='lat' dir='ltr'>de</span> <span class='ocrx_word' id='word_1_508' title='bbox 1420 1098 1544 1130; x_wconf 90' lang='lat' dir='ltr'>peccato</span> <span class='ocrx_word' id='word_1_509' title='bbox 1575 1093 1720 1121; x_wconf 78' lang='lat' dir='ltr'>notiCiam</span> <span class='ocrx_word' id='word_1_510' title='bbox 1750 1093 1803 1120; x_wconf 86' lang='lat' dir='ltr'>sed</span> <span class='ocrx_word' id='word_1_511' title='bbox 1833 1100 1904 1119; x_wconf 90' lang='lat' dir='ltr'>cou-</span> 
     </span>
     <span class='ocr_line' id='line_1_98' title="bbox 1144 1138 1311 1157; baseline -0.006 0"><span class='ocrx_word' id='word_1_512' title='bbox 1144 1138 1230 1157; x_wconf 83' lang='lat' dir='ltr'>usam</span> <span class='ocrx_word' id='word_1_513' title='bbox 1253 1138 1261 1157; x_wconf 95' lang='lat'>1</span> <span class='ocrx_word' id='word_1_514' title='bbox 1283 1138 1311 1156; x_wconf 93' lang='lat' dir='ltr'>o.</span> 
     </span>
    </p>

    <p class='ocr_par' dir='ltr' id='par_1_66' title="bbox 1079 1161 1766 1200">
     <span class='ocr_line' id='line_1_99' title="bbox 1079 1161 1766 1200; baseline -0.006 -8"><span class='ocrx_word' id='word_1_515' title='bbox 1079 1164 1182 1200; x_wconf 86' lang='lat' dir='ltr'>Opera</span> <span class='ocrx_word' id='word_1_516' title='bbox 1203 1165 1318 1199; x_wconf 89' lang='lat' dir='ltr'>peccati</span> <span class='ocrx_word' id='word_1_517' title='bbox 1338 1163 1463 1191; x_wconf 90' lang='lat' dir='ltr'>tenebre</span> <span class='ocrx_word' id='word_1_518' title='bbox 1483 1163 1684 1190; x_wconf 89' lang='lat' dir='ltr'>nominantur</span> <span class='ocrx_word' id='word_1_519' title='bbox 1703 1161 1766 1190; x_wconf 80' lang='lat'>328.</span> 
     </span>
    </p>

    <p class='ocr_par' dir='ltr' id='par_1_67' title="bbox 1077 1197 1584 1226">
     <span class='ocr_line' id='line_1_100' title="bbox 1077 1197 1584 1226; baseline -0.004 0"><span class='ocrx_word' id='word_1_520' title='bbox 1077 1215 1108 1218; x_wconf 97' lang='lat'><strong>—</strong></span> <span class='ocrx_word' id='word_1_521' title='bbox 1130 1200 1210 1226; x_wconf 91' lang='lat' dir='ltr'>bona</span> <span class='ocrx_word' id='word_1_522' title='bbox 1230 1200 1281 1226; x_wconf 84' lang='lat' dir='ltr'>lux</span> <span class='ocrx_word' id='word_1_523' title='bbox 1301 1199 1501 1226; x_wconf 89' lang='lat' dir='ltr'>nominantur</span> <span class='ocrx_word' id='word_1_524' title='bbox 1521 1197 1584 1225; x_wconf 80' lang='lat'>328.</span> 
     </span>
    </p>

    <p class='ocr_par' dir='ltr' id='par_1_68' title="bbox 1078 1230 1905 1296">
     <span class='ocr_line' id='line_1_101' title="bbox 1078 1230 1905 1296; baseline -0.005 -35"><span class='ocrx_word' id='word_1_525' title='bbox 1078 1234 1110 1262; x_wconf 86' lang='lat' dir='ltr'>Si</span> <span class='ocrx_word' id='word_1_526' title='bbox 1130 1235 1200 1296; x_wconf 58' lang='lat' dir='ltr'>guis</span> <span class='ocrx_word' id='word_1_527' title='bbox 1229 1235 1292 1261; x_wconf 90' lang='lat' dir='ltr'>vult</span> <span class='ocrx_word' id='word_1_528' title='bbox 1313 1237 1435 1273; x_wconf 86' lang='lat' dir='ltr'>peccata</span> <span class='ocrx_word' id='word_1_529' title='bbox 1456 1240 1510 1259; x_wconf 91' lang='lat' dir='ltr'>sua</span> <span class='ocrx_word' id='word_1_530' title='bbox 1530 1232 1652 1267; x_wconf 87' lang='lat' dir='ltr'>dimitti,</span> <span class='ocrx_word' id='word_1_531' title='bbox 1682 1235 1803 1267; x_wconf 90' lang='lat' dir='ltr'>oportet</span> <span class='ocrx_word' id='word_1_532' title='bbox 1822 1230 1905 1266; x_wconf 91' lang='lat' dir='ltr'>quod</span> 
     </span>
    </p>

    <p class='ocr_par' dir='ltr' id='par_1_69' title="bbox 1152 1266 1591 1302">
     <span class='ocr_line' id='line_1_102' title="bbox 1152 1266 1591 1302; baseline -0.005 -6"><span class='ocrx_word' id='word_1_533' title='bbox 1152 1269 1263 1296; x_wconf 89' lang='lat' dir='ltr'>imittat</span> <span class='ocrx_word' id='word_1_534' title='bbox 1283 1269 1416 1296; x_wconf 87' lang='lat' dir='ltr'>aliorum</span> <span class='ocrx_word' id='word_1_535' title='bbox 1437 1266 1502 1302; x_wconf 84' lang='grc'>307,</span> <span class='ocrx_word' id='word_1_536' title='bbox 1525 1266 1591 1295; x_wconf 81' lang='grc'>308.</span> 
     </span>
    </p>

    <p class='ocr_par' dir='ltr' id='par_1_70' title="bbox 1077 1301 1697 1338">
     <span class='ocr_line' id='line_1_103' title="bbox 1077 1301 1697 1338; baseline -0.003 -8"><span class='ocrx_word' id='word_1_537' title='bbox 1077 1304 1121 1330; x_wconf 85' lang='lat' dir='ltr'>De</span> <span class='ocrx_word' id='word_1_538' title='bbox 1142 1308 1336 1331; x_wconf 88' lang='lat' dir='ltr'>sacramento</span> <span class='ocrx_word' id='word_1_539' title='bbox 1358 1302 1528 1338; x_wconf 87' lang='lat' dir='ltr'>penitencie</span> <span class='ocrx_word' id='word_1_540' title='bbox 1549 1301 1611 1337; x_wconf 81' lang='grc'>148,</span> <span class='ocrx_word' id='word_1_541' title='bbox 1633 1309 1697 1336; x_wconf 90' lang='grc'>149.</span> 
     </span>
    </p>

    <p class='ocr_par' dir='ltr' id='par_1_71' title="bbox 1078 1336 1506 1374">
     <span class='ocr_line' id='line_1_104' title="bbox 1078 1336 1506 1374; baseline -0.007 -8"><span class='ocrx_word' id='word_1_542' title='bbox 1078 1355 1111 1358; x_wconf 92' lang='grc'><strong>-</strong></span> <span class='ocrx_word' id='word_1_543' title='bbox 1130 1339 1334 1374; x_wconf 84' lang='lat' dir='ltr'>percussione</span> <span class='ocrx_word' id='word_1_544' title='bbox 1355 1336 1506 1372; x_wconf 53' lang='lat'>209*213.</span> 
     </span>
    </p>

    <p class='ocr_par' dir='ltr' id='par_1_72' title="bbox 1078 1371 1908 1443">
     <span class='ocr_line' id='line_1_105' title="bbox 1078 1371 1908 1410; baseline -0.005 -10"><span class='ocrx_word' id='word_1_545' title='bbox 1078 1373 1159 1401; x_wconf 87' lang='lat' dir='ltr'>Beati</span> <span class='ocrx_word' id='word_1_546' title='bbox 1201 1373 1252 1409; x_wconf 88' lang='lat' dir='ltr'>qui</span> <span class='ocrx_word' id='word_1_547' title='bbox 1292 1372 1542 1408; x_wconf 90' lang='lat' dir='ltr'>persecucionem</span> <span class='ocrx_word' id='word_1_548' title='bbox 1582 1371 1744 1410; x_wconf 87' lang='lat' dir='ltr'>paciuntur</span> <span class='ocrx_word' id='word_1_549' title='bbox 1783 1374 1908 1405; x_wconf 90' lang='lat' dir='ltr'>propter</span> 
     </span>
     <span class='ocr_line' id='line_1_106' title="bbox 1129 1405 1815 1443; baseline -0.006 -8"><span class='ocrx_word' id='word_1_550' title='bbox 1129 1408 1295 1443; x_wconf 87' lang='lat' dir='ltr'>iusticiam,</span> <span class='ocrx_word' id='word_1_551' title='bbox 1315 1407 1475 1443; x_wconf 88' lang='lat' dir='ltr'>quomodo</span> <span class='ocrx_word' id='word_1_552' title='bbox 1495 1406 1674 1441; x_wconf 81' lang='lat' dir='ltr'>intelligitur</span> <span class='ocrx_word' id='word_1_553' title='bbox 1695 1405 1815 1439; x_wconf 65' lang='lat' dir='ltr'>‹ji—69.</span> 
     </span>
    </p>

    <p class='ocr_par' dir='ltr' id='par_1_73' title="bbox 1077 1440 1908 1513">
     <span class='ocr_line' id='line_1_107' title="bbox 1077 1440 1908 1478; baseline -0.005 -8"><span class='ocrx_word' id='word_1_554' title='bbox 1077 1443 1111 1470; x_wconf 91' lang='lat' dir='ltr'>In</span> <span class='ocrx_word' id='word_1_555' title='bbox 1132 1443 1267 1478; x_wconf 88' lang='lat' dir='ltr'>quolibet</span> <span class='ocrx_word' id='word_1_556' title='bbox 1303 1443 1382 1470; x_wconf 88' lang='lat' dir='ltr'>libro</span> <span class='ocrx_word' id='word_1_557' title='bbox 1412 1441 1484 1469; x_wconf 91' lang='lat' dir='ltr'>novi</span> <span class='ocrx_word' id='word_1_558' title='bbox 1504 1440 1677 1468; x_wconf 89' lang='lat' dir='ltr'>testamenti</span> <span class='ocrx_word' id='word_1_559' title='bbox 1698 1440 1809 1467; x_wconf 90' lang='lat' dir='ltr'>relucet</span> <span class='ocrx_word' id='word_1_560' title='bbox 1835 1447 1908 1475; x_wconf 90' lang='lat' dir='ltr'>que-</span> 
     </span>
     <span class='ocr_line' id='line_1_108' title="bbox 1130 1477 1466 1513; baseline -0.006 -8"><span class='ocrx_word' id='word_1_561' title='bbox 1130 1486 1251 1512; x_wconf 90' lang='lat' dir='ltr'>cunque</span> <span class='ocrx_word' id='word_1_562' title='bbox 1271 1477 1425 1513; x_wconf 82' lang='lat' dir='ltr'>perfeccio</span> <span class='ocrx_word' id='word_1_563' title='bbox 1446 1485 1466 1504; x_wconf 72' lang='grc'>1.</span> 
     </span>
    </p>

    <p class='ocr_par' dir='ltr' id='par_1_74' title="bbox 1080 1509 1890 1548">
     <span class='ocr_line' id='line_1_109' title="bbox 1080 1509 1890 1548; baseline -0.002 -9"><span class='ocrx_word' id='word_1_564' title='bbox 1080 1513 1122 1539; x_wconf 85' lang='lat' dir='ltr'>De</span> <span class='ocrx_word' id='word_1_565' title='bbox 1143 1517 1259 1548; x_wconf 89' lang='lat' dir='ltr'>septem</span> <span class='ocrx_word' id='word_1_566' title='bbox 1281 1511 1486 1547; x_wconf 90' lang='lat' dir='ltr'>peticionibus</span> <span class='ocrx_word' id='word_1_567' title='bbox 1506 1509 1653 1546; x_wconf 78' lang='lat'><strong>267—307</strong></span> <span class='ocrx_word' id='word_1_568' title='bbox 1749 1544 1753 1548; x_wconf 92' lang='lat'>.</span> <span class='ocrx_word' id='word_1_569' title='bbox 1886 1543 1890 1547; x_wconf 33' lang='grc' dir='ltr'>ι</span> 
     </span>
    </p>

    <p class='ocr_par' dir='ltr' id='par_1_75' title="bbox 1078 1546 1907 1617">
     <span class='ocr_line' id='line_1_110' title="bbox 1078 1546 1907 1582; baseline -0.005 -8"><span class='ocrx_word' id='word_1_570' title='bbox 1078 1548 1110 1574; x_wconf 84' lang='grc'>111</span> <span class='ocrx_word' id='word_1_571' title='bbox 1133 1547 1263 1582; x_wconf 89' lang='lat' dir='ltr'>septima</span> <span class='ocrx_word' id='word_1_572' title='bbox 1292 1546 1442 1582; x_wconf 91' lang='lat' dir='ltr'>peticione</span> <span class='ocrx_word' id='word_1_573' title='bbox 1463 1550 1508 1573; x_wconf 89' lang='lat' dir='ltr'>est</span> <span class='ocrx_word' id='word_1_574' title='bbox 1531 1546 1649 1573; x_wconf 87' lang='lat' dir='ltr'>fructus</span> <span class='ocrx_word' id='word_1_575' title='bbox 1670 1552 1811 1572; x_wconf 90' lang='lat' dir='ltr'>omnium</span> <span class='ocrx_word' id='word_1_576' title='bbox 1833 1547 1907 1579; x_wconf 92' lang='lat' dir='ltr'>peti-</span> 
     </span>
     <span class='ocr_line' id='line_1_111' title="bbox 1131 1579 1686 1617; baseline -0.005 -8"><span class='ocrx_word' id='word_1_577' title='bbox 1131 1582 1255 1609; x_wconf 90' lang='lat' dir='ltr'>cionum</span> <span class='ocrx_word' id='word_1_578' title='bbox 1278 1581 1515 1617; x_wconf 88' lang='lat' dir='ltr'>precedencium</span> <span class='ocrx_word' id='word_1_579' title='bbox 1535 1579 1604 1615; x_wconf 87' lang='grc'>304,</span> <span class='ocrx_word' id='word_1_580' title='bbox 1626 1579 1686 1607; x_wconf 88' lang='grc'>305.</span> 
     </span>
    </p>

    <p class='ocr_par' dir='ltr' id='par_1_76' title="bbox 1079 1614 1583 1644">
     <span class='ocr_line' id='line_1_112' title="bbox 1079 1614 1583 1644; baseline -0.004 0"><span class='ocrx_word' id='word_1_581' title='bbox 1079 1617 1123 1644; x_wconf 87' lang='lat' dir='ltr'>De</span> <span class='ocrx_word' id='word_1_582' title='bbox 1143 1616 1264 1644; x_wconf 87' lang='lat' dir='ltr'>iusticia</span> <span class='ocrx_word' id='word_1_583' title='bbox 1308 1616 1503 1643; x_wconf 89' lang='lat' dir='ltr'>hariseorum</span> <span class='ocrx_word' id='word_1_584' title='bbox 1526 1614 1583 1643; x_wconf 81' lang='lat'>128.</span> 
     </span>
    </p>

    <p class='ocr_par' dir='ltr' id='par_1_77' title="bbox 1079 1625 1809 1689">
     <span class='ocr_line' id='line_1_113' title="bbox 1079 1625 1809 1689; baseline -0.004 -11"><span class='ocrx_word' id='word_1_585' title='bbox 1079 1652 1168 1679; x_wconf 92' lang='lat' dir='ltr'>Plebs</span> <span class='ocrx_word' id='word_1_586' title='bbox 1190 1651 1256 1679; x_wconf 90' lang='lat' dir='ltr'>sine</span> <span class='ocrx_word' id='word_1_587' title='bbox 1276 1625 1442 1689; x_wconf 54' lang='lat' dir='ltr'>disciplina</span> <span class='ocrx_word' id='word_1_588' title='bbox 1462 1659 1520 1685; x_wconf 88' lang='lat' dir='ltr'>que</span> <span class='ocrx_word' id='word_1_589' title='bbox 1540 1654 1586 1677; x_wconf 91' lang='lat' dir='ltr'>est</span> <span class='ocrx_word' id='word_1_590' title='bbox 1605 1649 1650 1688; x_wconf 72' lang='lat'>78.-</span> <span class='ocrx_word' id='word_1_591' title='bbox 1804 1683 1809 1687; x_wconf 51' lang='lat'>,</span> 
     </span>
    </p>

    <p class='ocr_par' dir='ltr' id='par_1_78' title="bbox 1078 1684 1909 1790">
     <span class='ocr_line' id='line_1_114' title="bbox 1078 1684 1908 1721; baseline -0.006 -7"><span class='ocrx_word' id='word_1_592' title='bbox 1078 1686 1237 1714; x_wconf 87' lang='lat' dir='ltr'>Romanus</span> <span class='ocrx_word' id='word_1_593' title='bbox 1277 1686 1414 1721; x_wconf 82' lang='lat' dir='ltr'>pontifex</span> <span class='ocrx_word' id='word_1_594' title='bbox 1443 1685 1608 1713; x_wconf 89' lang='lat' dir='ltr'>dimitteret</span> <span class='ocrx_word' id='word_1_595' title='bbox 1635 1684 1847 1719; x_wconf 85' lang='lat' dir='ltr'>indulgeiicias</span> <span class='ocrx_word' id='word_1_596' title='bbox 1880 1687 1908 1721; x_wconf 80' lang='lat' dir='ltr'>et</span> 
     </span>
     <span class='ocr_line' id='line_1_115' title="bbox 1133 1718 1909 1756; baseline -0.005 -8"><span class='ocrx_word' id='word_1_597' title='bbox 1133 1721 1230 1748; x_wconf 91' lang='lat' dir='ltr'>bullas</span> <span class='ocrx_word' id='word_1_598' title='bbox 1251 1721 1364 1756; x_wconf 87' lang='lat' dir='ltr'>quibus</span> <span class='ocrx_word' id='word_1_599' title='bbox 1384 1724 1531 1755; x_wconf 86' lang='lat' dir='ltr'>papatum</span> <span class='ocrx_word' id='word_1_600' title='bbox 1552 1719 1674 1755; x_wconf 86' lang='lat' dir='ltr'>spoliat,</span> <span class='ocrx_word' id='word_1_601' title='bbox 1701 1726 1770 1745; x_wconf 92' lang='lat' dir='ltr'>cum</span> <span class='ocrx_word' id='word_1_602' title='bbox 1793 1718 1851 1745; x_wconf 91' lang='lat' dir='ltr'>hoc</span> <span class='ocrx_word' id='word_1_603' title='bbox 1872 1722 1909 1744; x_wconf 90' lang='lat' dir='ltr'>sit</span> 
     </span>
     <span class='ocr_line' id='line_1_116' title="bbox 1130 1755 1619 1790; baseline -0.002 -8"><span class='ocrx_word' id='word_1_604' title='bbox 1130 1760 1238 1783; x_wconf 86' lang='lat' dir='ltr'>contra</span> <span class='ocrx_word' id='word_1_605' title='bbox 1258 1755 1392 1783; x_wconf 82' lang='lat' dir='ltr'>caritatis</span> <span class='ocrx_word' id='word_1_606' title='bbox 1412 1755 1533 1790; x_wconf 83' lang='lat' dir='ltr'>regulas</span> <span class='ocrx_word' id='word_1_607' title='bbox 1553 1762 1619 1788; x_wconf 84' lang='lat'>414.</span> 
     </span>
    </p>

    <p class='ocr_par' dir='ltr' id='par_1_79' title="bbox 1079 1788 1910 1861">
     <span class='ocr_line' id='line_1_117' title="bbox 1079 1788 1910 1825; baseline -0.004 -8"><span class='ocrx_word' id='word_1_608' title='bbox 1079 1790 1237 1818; x_wconf 88' lang='lat' dir='ltr'>Romanus</span> <span class='ocrx_word' id='word_1_609' title='bbox 1252 1790 1390 1825; x_wconf 84' lang='lat' dir='ltr'>pontifex</span> <span class='ocrx_word' id='word_1_610' title='bbox 1404 1798 1474 1817; x_wconf 92' lang='lat' dir='ltr'>cum</span> <span class='ocrx_word' id='word_1_611' title='bbox 1489 1790 1552 1817; x_wconf 88' lang='lat' dir='ltr'>suis</span> <span class='ocrx_word' id='word_1_612' title='bbox 1568 1788 1773 1824; x_wconf 88' lang='lat' dir='ltr'>complicibus</span> <span class='ocrx_word' id='word_1_613' title='bbox 1793 1795 1808 1815; x_wconf 92' lang='lat' dir='ltr'>a</span> <span class='ocrx_word' id='word_1_614' title='bbox 1830 1791 1910 1814; x_wconf 87' lang='lat' dir='ltr'>secta</span> 
     </span>
     <span class='ocr_line' id='line_1_118' title="bbox 1134 1823 1906 1861; baseline -0.003 -9"><span class='ocrx_word' id='word_1_615' title='bbox 1134 1824 1248 1852; x_wconf 90' lang='lat' dir='ltr'>Christi</span> <span class='ocrx_word' id='word_1_616' title='bbox 1269 1825 1369 1852; x_wconf 83' lang='lat' dir='ltr'>deficit</span> <span class='ocrx_word' id='word_1_617' title='bbox 1387 1823 1452 1858; x_wconf 86' lang='grc'>433.</span> <span class='ocrx_word' id='word_1_618' title='bbox 1902 1856 1906 1861; x_wconf 44' lang='grc'>,</span> 
     </span>
    </p>

    <p class='ocr_par' dir='ltr' id='par_1_80' title="bbox 1080 1857 1908 1928">
     <span class='ocr_line' id='line_1_119' title="bbox 1080 1857 1908 1892; baseline -0.004 -5"><span class='ocrx_word' id='word_1_619' title='bbox 1080 1860 1240 1887; x_wconf 83' lang='lat' dir='ltr'>Pontifices</span> <span class='ocrx_word' id='word_1_620' title='bbox 1269 1859 1365 1887; x_wconf 83' lang='lat' dir='ltr'>nostri</span> <span class='ocrx_word' id='word_1_621' title='bbox 1386 1858 1657 1886; x_wconf 84' lang='lat' dir='ltr'>excommunicant</span> <span class='ocrx_word' id='word_1_622' title='bbox 1677 1857 1835 1885; x_wconf 89' lang='lat' dir='ltr'>hominem</span> <span class='ocrx_word' id='word_1_623' title='bbox 1857 1865 1908 1892; x_wconf 92' lang='lat' dir='ltr'>qui</span> 
     </span>
     <span class='ocr_line' id='line_1_120' title="bbox 1133 1894 1631 1928; baseline 0 -7"><span class='ocrx_word' id='word_1_624' title='bbox 1133 1894 1268 1922; x_wconf 85' lang='lat' dir='ltr'>defendit</span> <span class='ocrx_word' id='word_1_625' title='bbox 1288 1902 1412 1921; x_wconf 88' lang='lat' dir='ltr'>causam</span> <span class='ocrx_word' id='word_1_626' title='bbox 1434 1894 1489 1921; x_wconf 92' lang='lat' dir='ltr'>Dei</span> <span class='ocrx_word' id='word_1_627' title='bbox 1510 1894 1560 1928; x_wconf 54' lang='lat'>68,</span> <span class='ocrx_word' id='word_1_628' title='bbox 1581 1894 1631 1928; x_wconf 86' lang='lat'>69.</span> 
     </span>
    </p>

    <p class='ocr_par' dir='ltr' id='par_1_81' title="bbox 1081 1928 1604 1964">
     <span class='ocr_line' id='line_1_121' title="bbox 1081 1928 1604 1964; baseline 0 -8"><span class='ocrx_word' id='word_1_629' title='bbox 1081 1929 1217 1964; x_wconf 87' lang='lat' dir='ltr'>Populus</span> <span class='ocrx_word' id='word_1_630' title='bbox 1238 1929 1303 1956; x_wconf 89' lang='lat' dir='ltr'>sine</span> <span class='ocrx_word' id='word_1_631' title='bbox 1323 1929 1387 1964; x_wconf 84' lang='lat' dir='ltr'>lege</span> <span class='ocrx_word' id='word_1_632' title='bbox 1406 1928 1475 1964; x_wconf 86' lang='lat' dir='ltr'>quis</span> <span class='ocrx_word' id='word_1_633' title='bbox 1496 1932 1540 1956; x_wconf 80' lang='lat' dir='ltr'>est·</span> <span class='ocrx_word' id='word_1_634' title='bbox 1560 1936 1604 1964; x_wconf 84' lang='lat'>91.</span> 
     </span>
    </p>

    <p class='ocr_par' dir='ltr' id='par_1_82' title="bbox 1082 1962 1450 1999">
     <span class='ocr_line' id='line_1_122' title="bbox 1082 1962 1450 1999; baseline -0.003 -9"><span class='ocrx_word' id='word_1_635' title='bbox 1082 1964 1124 1990; x_wconf 86' lang='lat' dir='ltr'>De</span> <span class='ocrx_word' id='word_1_636' title='bbox 1146 1968 1292 1999; x_wconf 89' lang='lat' dir='ltr'>potestate</span> <span class='ocrx_word' id='word_1_637' title='bbox 1313 1962 1450 1998; x_wconf 62' lang='lat'>96—103.</span> 
     </span>
    </p>

    <p class='ocr_par' dir='ltr' id='par_1_83' title="bbox 1082 1996 1911 2103">
     <span class='ocr_line' id='line_1_123' title="bbox 1082 1996 1911 2033; baseline -0.002 -8"><span class='ocrx_word' id='word_1_638' title='bbox 1082 1999 1195 2026; x_wconf 87' lang='lat' dir='ltr'>Omnis</span> <span class='ocrx_word' id='word_1_639' title='bbox 1215 2003 1351 2033; x_wconf 85' lang='lat' dir='ltr'>potestas</span> <span class='ocrx_word' id='word_1_640' title='bbox 1370 1998 1400 2025; x_wconf 91' lang='grc'>111</span> <span class='ocrx_word' id='word_1_641' title='bbox 1422 1998 1480 2025; x_wconf 85' lang='lat' dir='ltr'>fide</span> <span class='ocrx_word' id='word_1_642' title='bbox 1510 1997 1662 2032; x_wconf 86' lang='lat' dir='ltr'>scripture</span> <span class='ocrx_word' id='word_1_643' title='bbox 1694 2004 1755 2024; x_wconf 92' lang='lat' dir='ltr'>non</span> <span class='ocrx_word' id='word_1_644' title='bbox 1784 1996 1911 2023; x_wconf 88' lang='lat' dir='ltr'>fundata</span> 
     </span>
     <span class='ocr_line' id='line_1_124' title="bbox 1134 2032 1910 2065; baseline -0.004 -5"><span class='ocrx_word' id='word_1_645' title='bbox 1134 2037 1178 2060; x_wconf 88' lang='lat' dir='ltr'>est</span> <span class='ocrx_word' id='word_1_646' title='bbox 1203 2034 1240 2060; x_wconf 86' lang='lat' dir='ltr'>ab</span> <span class='ocrx_word' id='word_1_647' title='bbox 1271 2033 1464 2061; x_wconf 89' lang='lat' dir='ltr'>Antichristo</span> <span class='ocrx_word' id='word_1_648' title='bbox 1486 2032 1562 2059; x_wconf 88' lang='lat' dir='ltr'>false</span> <span class='ocrx_word' id='word_1_649' title='bbox 1595 2032 1671 2065; x_wconf 81' lang='lat' dir='ltr'>ficta,</span> <span class='ocrx_word' id='word_1_650' title='bbox 1692 2036 1725 2058; x_wconf 92' lang='lat' dir='ltr'>ut</span> <span class='ocrx_word' id='word_1_651' title='bbox 1745 2035 1910 2065; x_wconf 88' lang='lat' dir='ltr'>potestates</span> 
     </span>
     <span class='ocr_line' id='line_1_125' title="bbox 1134 2066 1821 2103; baseline -0.001 -9"><span class='ocrx_word' id='word_1_652' title='bbox 1134 2076 1150 2094; x_wconf 90' lang='lat' dir='ltr'>a</span> <span class='ocrx_word' id='word_1_653' title='bbox 1172 2076 1251 2103; x_wconf 86' lang='lat' dir='ltr'>papa</span> <span class='ocrx_word' id='word_1_654' title='bbox 1271 2073 1298 2095; x_wconf 90' lang='lat' dir='ltr'>et</span> <span class='ocrx_word' id='word_1_655' title='bbox 1319 2068 1409 2095; x_wconf 89' lang='lat' dir='ltr'>sectis</span> <span class='ocrx_word' id='word_1_656' title='bbox 1430 2072 1561 2102; x_wconf 87' lang='lat' dir='ltr'>quatuor</span> <span class='ocrx_word' id='word_1_657' title='bbox 1580 2066 1754 2094; x_wconf 87' lang='lat' dir='ltr'>introducte</span> <span class='ocrx_word' id='word_1_658' title='bbox 1775 2074 1821 2101; x_wconf 80' lang='grc'>07.</span> 
     </span>
    </p>

    <p class='ocr_par' dir='ltr' id='par_1_84' title="bbox 1082 2101 1912 2241">
     <span class='ocr_line' id='line_1_126' title="bbox 1082 2101 1912 2136; baseline -0.004 -6"><span class='ocrx_word' id='word_1_659' title='bbox 1082 2103 1236 2130; x_wconf 86' lang='lat' dir='ltr'>Infinitum</span> <span class='ocrx_word' id='word_1_660' title='bbox 1253 2103 1361 2130; x_wconf 86' lang='lat' dir='ltr'>melior</span> <span class='ocrx_word' id='word_1_661' title='bbox 1376 2107 1421 2129; x_wconf 91' lang='lat' dir='ltr'>est</span> <span class='ocrx_word' id='word_1_662' title='bbox 1435 2102 1547 2129; x_wconf 87' lang='lat' dir='ltr'>habere</span> <span class='ocrx_word' id='word_1_663' title='bbox 1563 2105 1741 2136; x_wconf 81' lang='lat' dir='ltr'>potestatem</span> <span class='ocrx_word' id='word_1_664' title='bbox 1762 2101 1792 2128; x_wconf 94' lang='lat' dir='ltr'>in</span> <span class='ocrx_word' id='word_1_665' title='bbox 1814 2107 1912 2127; x_wconf 89' lang='lat' dir='ltr'>sacer-</span> 
     </span>
     <span class='ocr_line' id='line_1_127' title="bbox 1134 2134 1911 2173; baseline -0.005 -8"><span class='ocrx_word' id='word_1_666' title='bbox 1134 2138 1225 2165; x_wconf 90' lang='lat' dir='ltr'>docio</span> <span class='ocrx_word' id='word_1_667' title='bbox 1258 2137 1459 2173; x_wconf 88' lang='lat' dir='ltr'>spiritualiter</span> <span class='ocrx_word' id='word_1_668' title='bbox 1487 2141 1515 2163; x_wconf 88' lang='lat' dir='ltr'>et</span> <span class='ocrx_word' id='word_1_669' title='bbox 1541 2135 1801 2163; x_wconf 87' lang='lat' dir='ltr'>sacramentaliter</span> <span class='ocrx_word' id='word_1_670' title='bbox 1822 2134 1911 2162; x_wconf 88' lang='lat' dir='ltr'>mini-</span> 
     </span>
     <span class='ocr_line' id='line_1_128' title="bbox 1135 2169 1910 2207; baseline -0.004 -8"><span class='ocrx_word' id='word_1_671' title='bbox 1135 2172 1252 2200; x_wconf 88' lang='lat' dir='ltr'>strandi</span> <span class='ocrx_word' id='word_1_672' title='bbox 1281 2180 1373 2207; x_wconf 87' lang='lat' dir='ltr'>quarn</span> <span class='ocrx_word' id='word_1_673' title='bbox 1403 2172 1516 2199; x_wconf 88' lang='lat' dir='ltr'>habere</span> <span class='ocrx_word' id='word_1_674' title='bbox 1548 2175 1727 2206; x_wconf 87' lang='lat' dir='ltr'>potestatem</span> <span class='ocrx_word' id='word_1_675' title='bbox 1749 2169 1910 2205; x_wconf 89' lang='lat' dir='ltr'>pecuniam</span> 
     </span>
     <span class='ocr_line' id='line_1_129' title="bbox 1136 2207 1405 2241; baseline 0 -7"><span class='ocrx_word' id='word_1_676' title='bbox 1136 2207 1334 2234; x_wconf 84' lang='lat' dir='ltr'>ministrandi</span> <span class='ocrx_word' id='word_1_677' title='bbox 1357 2207 1405 2241; x_wconf 77' lang='lat'>96.</span> 
     </span>
    </p>

    <p class='ocr_par' dir='ltr' id='par_1_85' title="bbox 1082 2239 1911 2312">
     <span class='ocr_line' id='line_1_130' title="bbox 1082 2239 1910 2277; baseline -0.004 -8"><span class='ocrx_word' id='word_1_678' title='bbox 1082 2242 1203 2269; x_wconf 85' lang='lat' dir='ltr'>Habere</span> <span class='ocrx_word' id='word_1_679' title='bbox 1216 2246 1396 2277; x_wconf 88' lang='lat' dir='ltr'>potestatem</span> <span class='ocrx_word' id='word_1_680' title='bbox 1410 2241 1546 2268; x_wconf 89' lang='lat' dir='ltr'>virtuose</span> <span class='ocrx_word' id='word_1_681' title='bbox 1560 2239 1683 2267; x_wconf 88' lang='lat' dir='ltr'>vivendi</span> <span class='ocrx_word' id='word_1_682' title='bbox 1698 2243 1745 2267; x_wconf 90' lang='lat' dir='ltr'>est</span> <span class='ocrx_word' id='word_1_683' title='bbox 1759 2239 1910 2266; x_wconf 83' lang='lat' dir='ltr'>infinitum</span> 
     </span>
     <span class='ocr_line' id='line_1_131' title="bbox 1136 2275 1911 2312; baseline -0.005 -8"><span class='ocrx_word' id='word_1_684' title='bbox 1136 2276 1235 2304; x_wconf 85' lang='lat' dir='ltr'>maior</span> <span class='ocrx_word' id='word_1_685' title='bbox 1250 2281 1385 2312; x_wconf 88' lang='lat' dir='ltr'>potestas</span> <span class='ocrx_word' id='word_1_686' title='bbox 1400 2284 1492 2312; x_wconf 87' lang='lat' dir='ltr'>quam</span> <span class='ocrx_word' id='word_1_687' title='bbox 1513 2275 1615 2311; x_wconf 86' lang='lat' dir='ltr'>aliqua</span> <span class='ocrx_word' id='word_1_688' title='bbox 1637 2278 1771 2310; x_wconf 84' lang='lat' dir='ltr'>potestas</span> <span class='ocrx_word' id='word_1_689' title='bbox 1792 2278 1911 2301; x_wconf 86' lang='lat' dir='ltr'>terrena</span> 
     </span>
    </p>

    <p class='ocr_par' dir='ltr' id='par_1_86' title="bbox 1082 2319 1911 2416">
     <span class='ocr_line' id='line_1_132' title="bbox 1082 2319 1911 2380; baseline -0.005 -7"><span class='ocrx_word' id='word_1_690' title='bbox 1082 2319 1194 2373; x_wconf 59' lang='lat' dir='ltr'>NulQIiis</span> <span class='ocrx_word' id='word_1_691' title='bbox 1227 2346 1326 2373; x_wconf 86' lang='lat' dir='ltr'>viator</span> <span class='ocrx_word' id='word_1_692' title='bbox 1352 2345 1441 2372; x_wconf 89' lang='lat' dir='ltr'>debet</span> <span class='ocrx_word' id='word_1_693' title='bbox 1472 2352 1621 2380; x_wconf 88' lang='lat' dir='ltr'>pompare</span> <span class='ocrx_word' id='word_1_694' title='bbox 1652 2344 1689 2371; x_wconf 89' lang='lat' dir='ltr'>de</span> <span class='ocrx_word' id='word_1_695' title='bbox 1723 2342 1911 2379; x_wconf 89' lang='lat' dir='ltr'>plenitudine</span> 
     </span>
     <span class='ocr_line' id='line_1_133' title="bbox 1137 2381 1459 2416; baseline -0.006 -8"><span class='ocrx_word' id='word_1_696' title='bbox 1137 2381 1294 2416; x_wconf 87' lang='lat' dir='ltr'>potestatis</span> <span class='ocrx_word' id='word_1_697' title='bbox 1315 2388 1459 2408; x_wconf 89' lang='lat'>100—101.</span> 
     </span>
    </p>

    <p class='ocr_par' dir='ltr' id='par_1_87' title="bbox 1083 2412 1912 2478">
     <span class='ocr_line' id='line_1_134' title="bbox 1083 2412 1912 2443; baseline -0.005 0"><span class='ocrx_word' id='word_1_698' title='bbox 1083 2416 1222 2443; x_wconf 88' lang='lat' dir='ltr'>Potestas</span> <span class='ocrx_word' id='word_1_699' title='bbox 1242 2416 1309 2443; x_wconf 76' lang='lat' dir='ltr'>ficta</span> <span class='ocrx_word' id='word_1_700' title='bbox 1329 2415 1423 2443; x_wconf 83' lang='lat' dir='ltr'>crevit</span> <span class='ocrx_word' id='word_1_701' title='bbox 1442 2423 1511 2442; x_wconf 90' lang='lat' dir='ltr'>cum</span> <span class='ocrx_word' id='word_1_702' title='bbox 1533 2413 1632 2441; x_wconf 87' lang='lat' dir='ltr'>heresi</span> <span class='ocrx_word' id='word_1_703' title='bbox 1653 2413 1689 2441; x_wconf 90' lang='lat' dir='ltr'>de</span> <span class='ocrx_word' id='word_1_704' title='bbox 1711 2412 1811 2440; x_wconf 87' lang='lat' dir='ltr'>hostia</span> <span class='ocrx_word' id='word_1_705' title='bbox 1839 2419 1912 2439; x_wconf 90' lang='lat' dir='ltr'>con-</span> 
     </span>
     <span class='ocr_line' id='line_1_135' title="bbox 1136 2455 1327 2478; baseline 0 -1"><span class='ocrx_word' id='word_1_706' title='bbox 1136 2455 1251 2477; x_wconf 83' lang='lat' dir='ltr'>secrata</span> <span class='ocrx_word' id='word_1_707' title='bbox 1272 2459 1327 2478; x_wconf 81' lang='lat'>101.</span> 
     </span>
    </p>

    <p class='ocr_par' dir='ltr' id='par_1_88' title="bbox 1083 2480 1912 2625">
     <span class='ocr_line' id='line_1_136' title="bbox 1083 2480 1911 2519; baseline -0.006 -6"><span class='ocrx_word' id='word_1_708' title='bbox 1083 2485 1183 2513; x_wconf 88' lang='lat' dir='ltr'>Fictio</span> <span class='ocrx_word' id='word_1_709' title='bbox 1204 2490 1231 2512; x_wconf 87' lang='lat' dir='ltr'>et</span> <span class='ocrx_word' id='word_1_710' title='bbox 1251 2485 1358 2512; x_wconf 90' lang='lat' dir='ltr'>abusio</span> <span class='ocrx_word' id='word_1_711' title='bbox 1375 2483 1534 2519; x_wconf 81' lang='lat' dir='ltr'>potestatis</span> <span class='ocrx_word' id='word_1_712' title='bbox 1555 2487 1600 2510; x_wconf 90' lang='lat' dir='ltr'>est</span> <span class='ocrx_word' id='word_1_713' title='bbox 1619 2482 1737 2510; x_wconf 86' lang='lat' dir='ltr'>niinera</span> <span class='ocrx_word' id='word_1_714' title='bbox 1760 2480 1911 2509; x_wconf 86' lang='lat' dir='ltr'>mendacii</span> 
     </span>
     <span class='ocr_line' id='line_1_137' title="bbox 1138 2515 1886 2555; baseline -0.005 -8"><span class='ocrx_word' id='word_1_715' title='bbox 1138 2528 1190 2554; x_wconf 89' lang='lat' dir='ltr'>per</span> <span class='ocrx_word' id='word_1_716' title='bbox 1210 2528 1302 2555; x_wconf 85' lang='lat' dir='ltr'>quarn</span> <span class='ocrx_word' id='word_1_717' title='bbox 1325 2519 1467 2547; x_wconf 85' lang='lat' dir='ltr'>diabolus</span> <span class='ocrx_word' id='word_1_718' title='bbox 1488 2518 1602 2553; x_wconf 86' lang='lat' dir='ltr'>decipit</span> <span class='ocrx_word' id='word_1_719' title='bbox 1623 2517 1742 2552; x_wconf 86' lang='lat' dir='ltr'>plebem</span> <span class='ocrx_word' id='word_1_720' title='bbox 1764 2515 1823 2544; x_wconf 87' lang='lat'>103.</span> <span class='ocrx_word' id='word_1_721' title='bbox 1882 2550 1886 2555; x_wconf 42' lang='grc'>,</span> 
     </span>
     <span class='ocr_line' id='line_1_138' title="bbox 1085 2551 1910 2582; baseline -0.006 0"><span class='ocrx_word' id='word_1_722' title='bbox 1085 2556 1249 2582; x_wconf 85' lang='lat' dir='ltr'>Potestates</span> <span class='ocrx_word' id='word_1_723' title='bbox 1272 2555 1364 2581; x_wconf 88' lang='lat' dir='ltr'>multe</span> <span class='ocrx_word' id='word_1_724' title='bbox 1394 2558 1463 2581; x_wconf 91' lang='lat' dir='ltr'>sunt</span> <span class='ocrx_word' id='word_1_725' title='bbox 1495 2553 1560 2580; x_wconf 82' lang='lat' dir='ltr'>ficte</span> <span class='ocrx_word' id='word_1_726' title='bbox 1590 2553 1655 2579; x_wconf 89' lang='lat' dir='ltr'>sine</span> <span class='ocrx_word' id='word_1_727' title='bbox 1674 2551 1861 2579; x_wconf 87' lang='lat' dir='ltr'>fundacione</span> <span class='ocrx_word' id='word_1_728' title='bbox 1880 2558 1910 2577; x_wconf 94' lang='lat' dir='ltr'>in</span> 
     </span>
     <span class='ocr_line' id='line_1_139' title="bbox 1137 2585 1912 2625; baseline -0.005 -8"><span class='ocrx_word' id='word_1_729' title='bbox 1137 2590 1300 2625; x_wconf 88' lang='lat' dir='ltr'>scriptura,</span> <span class='ocrx_word' id='word_1_730' title='bbox 1330 2594 1360 2616; x_wconf 89' lang='lat' dir='ltr'>ut</span> <span class='ocrx_word' id='word_1_731' title='bbox 1381 2587 1593 2616; x_wconf 88' lang='lat' dir='ltr'>Antichristus</span> <span class='ocrx_word' id='word_1_732' title='bbox 1614 2586 1793 2614; x_wconf 88' lang='lat' dir='ltr'>seculariter</span> <span class='ocrx_word' id='word_1_733' title='bbox 1813 2585 1912 2613; x_wconf 91' lang='lat' dir='ltr'>domi-</span> 
     </span>
    </p>

    <p class='ocr_par' dir='ltr' id='par_1_89' title="bbox 1137 2629 1292 2655">
     <span class='ocr_line' id='line_1_140' title="bbox 1137 2629 1292 2655; baseline 0 -4"><span class='ocrx_word' id='word_1_734' title='bbox 1137 2629 1225 2651; x_wconf 88' lang='lat' dir='ltr'>netur</span> <span class='ocrx_word' id='word_1_735' title='bbox 1246 2631 1262 2655; x_wconf 83' lang='grc'>0</span> <span class='ocrx_word' id='word_1_736' title='bbox 1287 2646 1292 2651; x_wconf 96' lang='grc'>.</span> 
     </span>
    </p>

    <p class='ocr_par' dir='ltr' id='par_1_90' title="bbox 1085 2632 1912 2761">
     <span class='ocr_line' id='line_1_141' title="bbox 1085 2632 1911 2693; baseline -0.005 -7"><span class='ocrx_word' id='word_1_737' title='bbox 1085 2632 1438 2693; x_wconf 64' lang='lat' dir='ltr'>Magnittido7potestatis</span> <span class='ocrx_word' id='word_1_738' title='bbox 1450 2657 1586 2692; x_wconf 90' lang='lat' dir='ltr'>sequitur</span> <span class='ocrx_word' id='word_1_739' title='bbox 1599 2656 1694 2683; x_wconf 90' lang='lat' dir='ltr'>filium</span> <span class='ocrx_word' id='word_1_740' title='bbox 1708 2654 1911 2683; x_wconf 88' lang='lat' dir='ltr'>imitatorium</span> 
     </span>
     <span class='ocr_line' id='line_1_142' title="bbox 1137 2690 1912 2726; baseline -0.006 -5"><span class='ocrx_word' id='word_1_741' title='bbox 1137 2693 1253 2721; x_wconf 88' lang='lat' dir='ltr'>Christi</span> <span class='ocrx_word' id='word_1_742' title='bbox 1276 2693 1306 2720; x_wconf 89' lang='lat' dir='ltr'>iu</span> <span class='ocrx_word' id='word_1_743' title='bbox 1335 2693 1474 2720; x_wconf 90' lang='lat' dir='ltr'>moribus</span> <span class='ocrx_word' id='word_1_744' title='bbox 1495 2699 1587 2726; x_wconf 86' lang='lat' dir='ltr'>quam</span> <span class='ocrx_word' id='word_1_745' title='bbox 1611 2692 1762 2726; x_wconf 91' lang='lat' dir='ltr'>prelatum</span> <span class='ocrx_word' id='word_1_746' title='bbox 1784 2690 1836 2726; x_wconf 87' lang='lat' dir='ltr'>qui</span> <span class='ocrx_word' id='word_1_747' title='bbox 1858 2697 1912 2725; x_wconf 89' lang='lat' dir='ltr'>per</span> 
     </span>
     <span class='ocr_line' id='line_1_143' title="bbox 1137 2728 1579 2761; baseline -0.009 -6"><span class='ocrx_word' id='word_1_748' title='bbox 1137 2728 1309 2756; x_wconf 83' lang='lat' dir='ltr'>cardinales</span> <span class='ocrx_word' id='word_1_749' title='bbox 1329 2732 1373 2754; x_wconf 87' lang='lat' dir='ltr'>est</span> <span class='ocrx_word' id='word_1_750' title='bbox 1394 2728 1508 2754; x_wconf 87' lang='lat' dir='ltr'>clectus</span> <span class='ocrx_word' id='word_1_751' title='bbox 1530 2734 1579 2761; x_wconf 68' lang='grc'>99,</span> 
     </span>
    </p>

    <p class='ocr_par' dir='ltr' id='par_1_91' title="bbox 1086 2760 1777 2798">
     <span class='ocr_line' id='line_1_144' title="bbox 1086 2760 1777 2798; baseline -0.006 -8"><span class='ocrx_word' id='word_1_752' title='bbox 1086 2764 1129 2790; x_wconf 84' lang='lat' dir='ltr'>De</span> <span class='ocrx_word' id='word_1_753' title='bbox 1151 2763 1415 2798; x_wconf 81' lang='lat' dir='ltr'>predestinacione</span> <span class='ocrx_word' id='word_1_754' title='bbox 1434 2760 1503 2797; x_wconf 76' lang='lat'><strong>439,</strong></span> <span class='ocrx_word' id='word_1_755' title='bbox 1524 2769 1597 2796; x_wconf 67' lang='grc'>440,</span> <span class='ocrx_word' id='word_1_756' title='bbox 1616 2761 1689 2795; x_wconf 70' lang='lat'>446,</span> <span class='ocrx_word' id='word_1_757' title='bbox 1708 2768 1777 2795; x_wconf 71' lang='lat'>447.</span> 
     </span>
    </p>

    <p class='ocr_par' dir='ltr' id='par_1_92' title="bbox 1086 2794 1911 2860">
     <span class='ocr_line' id='line_1_145' title="bbox 1086 2794 1911 2836; baseline -0.005 -11"><span class='ocrx_word' id='word_1_758' title='bbox 1086 2798 1193 2827; x_wconf 88' lang='lat' dir='ltr'>Solum</span> <span class='ocrx_word' id='word_1_759' title='bbox 1215 2797 1413 2836; x_wconf 85' lang='lat' dir='ltr'>predestinati</span> <span class='ocrx_word' id='word_1_760' title='bbox 1446 2804 1502 2823; x_wconf 89' lang='lat' dir='ltr'>sun</span> <span class='ocrx_word' id='word_1_761' title='bbox 1536 2796 1583 2823; x_wconf 88' lang='lat' dir='ltr'>dis</span> <span class='ocrx_word' id='word_1_762' title='bbox 1611 2795 1679 2823; x_wconf 89' lang='lat' dir='ltr'>ositi</span> <span class='ocrx_word' id='word_1_763' title='bbox 1700 2795 1737 2822; x_wconf 90' lang='lat' dir='ltr'>ad</span> <span class='ocrx_word' id='word_1_764' title='bbox 1759 2794 1911 2822; x_wconf 85' lang='lat' dir='ltr'>orandum</span> 
     </span>
     <span class='ocr_line' id='line_1_146' title="bbox 1138 2829 1609 2860; baseline -0.006 0"><span class='ocrx_word' id='word_1_765' title='bbox 1138 2840 1315 2860; x_wconf 84' lang='lat' dir='ltr'>oracionem</span> <span class='ocrx_word' id='word_1_766' title='bbox 1336 2831 1526 2859; x_wconf 88' lang='lat' dir='ltr'>dominicam</span> <span class='ocrx_word' id='word_1_767' title='bbox 1545 2829 1581 2858; x_wconf 88' lang='grc'>30</span> <span class='ocrx_word' id='word_1_768' title='bbox 1604 2851 1609 2857; x_wconf 99' lang='grc'>.</span> 
     </span>
    </p>
   </div>
  </div>
 </body>
</html>
