2003 3322
238 204 458 258 CAP.XLHJ
754 215 1045 247 [nUMA.PARs

237 321 475 370 generaliter
498 320 782 367 necessarium,
814 321 906 358 licet
930 320 1066 357 multis
1088 320 1275 369 proficiat
1297 321 1348 357 ad
1370 320 1554 359 salutem.

237 379 394 416 Priores
433 387 568 416 autern
608 379 736 415 sancti
770 378 909 415 dicunt
940 378 1202 427 probabiliter
1235 378 1344 426 quod
1377 377 1480 414 sicut
1511 377 1552 415 in

236 436 519 485 predestinatis
566 445 730 485 propter
774 436 935 473 finalem
988 436 1235 473 fructuosam
1282 435 1550 484 penitenciam

235 494 372 531 omnia
394 503 560 543 peccata
593 507 665 531 sua
693 494 886 542 preterita
918 493 1157 542 simpliciter
1188 493 1464 540 remittuntur⁷
1497 494 1553 530 sic

202 552 277 589 5in
328 552 511 600 prescitis
567 560 735 601 propter
787 552 947 588 finalem
1000 551 1330 599 impenitenciam
1384 552 1554 588 redeunt

235 609 373 647 omnia
405 618 572 658 peccata
616 622 687 646 sua
726 618 764 646 et
801 622 875 658 pro
914 609 1093 658 quolibet
1130 609 1293 646 illorum
1332 609 1425 646 licet
1462 622 1553 657 par-

116 667 197 712 370b
235 667 388 705 cialiter
410 676 605 716 perpetuo
627 667 846 716 punientur
871 680 945 704 nec
973 664 979 720 Ι
1007 680 1202 716 umquam
1226 668 1451 704 habuerant
1474 666 1552 703 alia

234 734 400 774 peccata
431 725 596 762 dimissa
628 725 878 773 simpliciter.
924 727 972 761 Et
1006 726 1083 762 hoc
1116 726 1370 762 attenderent
1402 733 1440 761 et
1472 733 1553 761 stu-

235 784 376 820 derent
427 784 679 820 absolventes
731 783 915 819 moderni
963 782 1031 831 qui
1085 782 1223 819 dicunt
1275 782 1550 819 indubitanter

183 854 220 874 10
235 841 372 878 omnia
405 850 570 889 peccata
607 841 668 878 sui
707 840 877 877 confessi
917 841 1048 878 dantis
1089 840 1297 889 copiosam
1337 840 1550 889 pecuniam

235 911 319 935 esse
350 898 529 944 dimissa,
575 898 669 949 quia
708 898 893 935 nesciunt
931 898 963 935 si
1002 898 1059 935 illi
1097 898 1361 947 predestinati
1404 898 1552 935 fuerint

233 956 294 993 vel
324 956 499 1005 presciti.
552 959 602 994 Et
639 957 760 994 credo
798 957 907 1005 quod
940 958 1046 993 Deus
1086 958 1136 993 ad
1170 957 1246 993 hoc
1278 956 1480 993 ordinavit
1511 956 1552 993 in

232 1013 434 1051 viantibus
464 1014 575 1052 illam
607 1014 891 1061 nescienciam,
924 1024 967 1051 ut
988 1027 1069 1051 non
1091 1023 1287 1063 pompent
1320 1023 1357 1051 et
1379 1014 1551 1051 illudant

234 1072 384 1120 populo
408 1073 456 1109 de
478 1085 550 1110 sua
572 1072 832 1109 absolucione
857 1072 918 1109 vel
940 1072 1220 1120 indulgenciis,
1250 1072 1345 1121 quia
1367 1072 1551 1109 nesciunt

180 1132 216 1165 15
233 1131 397 1178 quando
439 1130 481 1167 in
522 1139 605 1167 tam
645 1129 870 1178 periculosa
912 1130 1082 1167 materia
1119 1143 1256 1167 verum
1299 1130 1448 1167 dicunt.
1502 1133 1550 1166 Et

232 1187 388 1224 utinam
423 1187 498 1225 ista
531 1188 700 1225 materia
734 1197 836 1225 esset
868 1197 951 1225 tam
984 1188 1195 1225 scolastice
1217 1201 1339 1237 quarn
1374 1188 1549 1237 practice

231 1246 450 1282 secundum
485 1245 694 1283 veritatem
728 1245 820 1282 fidei
854 1254 1114 1294 pertractata.

731 1369 870 1411 CAP.
903 1369 1056 1410 XLII.

289 1464 480 1513 Sequitur
511 1464 552 1501 in
585 1473 692 1501 textu
726 1464 939 1513 evangelii:
984 1464 1159 1501 Audistis
1191 1465 1279 1513 quia
1318 1465 1460 1501 dictum
1493 1472 1549 1501 est

175 1536 216 1557 20
231 1523 415 1571 antiquis:
457 1523 544 1559 Non
584 1523 834 1559 mechaberis.
881 1523 971 1574 Ego
1010 1530 1136 1559 autem
1182 1523 1266 1559 dico
1311 1523 1416 1559 vobis
1461 1523 1547 1571 quia

231 1581 355 1617 omnis
385 1580 451 1629 qui
481 1581 621 1617 viderit
653 1581 854 1618 mulierem
888 1581 939 1616 ad
970 1581 1315 1630 concupiscendum
1354 1593 1438 1617 eam
1471 1581 1546 1616 iam

231 1638 430 1675 mechatus
461 1646 517 1675 est
549 1651 632 1675 eam
665 1639 701 1674 in
734 1639 852 1676 corde
873 1651 954 1675 suo.
989 1638 1182 1686 Superius
1205 1638 1342 1675 docuit
1365 1637 1548 1675 Christus

232 1697 439 1745 quomodo
473 1704 531 1733 est
552 1695 678 1733 virtus
710 1695 923 1734 irascibilis
955 1696 1130 1733 hominis
1154 1698 1416 1743 moderanda,
1450 1709 1549 1745 quo-

233 1755 353 1791 modo
385 1753 445 1791 ira
476 1753 560 1790 sine
591 1767 725 1804 causa,
758 1755 880 1791 verba
903 1754 1098 1792 derisoria
1122 1764 1160 1792 et
1182 1755 1302 1791 verba
1323 1754 1434 1791 fatua
1456 1763 1549 1791 sunt

174 1816 213 1848 25
231 1812 281 1848 ab
314 1811 545 1849 hominibus
578 1814 856 1860 expurganda3
890 1811 954 1849 hie
988 1821 1282 1861 consequenter
1310 1813 1428 1849 docet
1450 1825 1548 1861 quo-

232 1870 352 1906 modo
383 1869 509 1906 virtus
542 1869 863 1918 concupiscibilis
887 1870 936 1906 sit
956 1870 1177 1907 viatoribus
1209 1872 1487 1919 temperanda.

288 1928 402 1964 Unde
416 1927 681 1976 Augustinus:
695 1928 868 1975 Justicia,
884 1927 1028 1977 inquit,
1051 1929 1178 1965 minor
1200 1936 1256 1964 est
1277 1940 1350 1964 non
1374 1929 1549 1964 mechari

230 1996 441 2034 corporum
473 1986 759 2031 coniunccione;
789 1986 941 2022 iusticia
975 1999 1066 2022 vero
1099 1986 1226 2022 maior
1252 1987 1366 2037 regni
1394 1994 1450 2022 est
1472 1987 1548 2023 Dei

231 2055 302 2078 non
335 2043 510 2079 mechari
538 2043 573 2079 in
607 2044 736 2080 corde.
775 2044 957 2093 Quisquis
994 2051 1121 2080 autem
1162 2057 1234 2080 non
1273 2045 1479 2080 mechatur
1510 2044 1560 2080 in‘

174 2107 215 2139 30
230 2101 349 2137 corde
374 2101 494 2137 multo
508 2101 674 2150 facilius
705 2102 872 2138 custodit
904 2114 957 2148 se,
990 2115 1034 2138 ne
1066 2102 1267 2138 mechetur
1299 2102 1335 2137 in
1368 2114 1544 2151 corpore.

230 2158 335 2194 Illud
366 2159 463 2195 enim
496 2159 740 2208 confirmavit
772 2159 836 2208 qui
866 2159 937 2196 hoc
964 2160 1159 2209 precepit;
1204 2172 1275 2196 non
1315 2160 1413 2196 enim
1447 2160 1547 2196 venit

231 2216 355 2266 Iegem
388 2217 541 2253 solvere
570 2217 640 2253 sed
670 2217 844 2266 implere.
879 2218 981 2253 Sane
1012 2218 1336 2254 considerandum
1369 2225 1425 2254 est
1447 2219 1548 2267 quod

231 2286 302 2310 non
330 2274 450 2310 dixit:
487 2274 621 2311 Omnis
643 2275 707 2323 qui
727 2275 988 2324 concupiverit
1009 2275 1210 2312 mulierem
1232 2276 1301 2312 sed
1323 2276 1388 2324 qui
1408 2276 1548 2312 viderit

231 2332 431 2368 mulierem
464 2332 515 2368 ad
537 2333 880 2382 concupiscendum
913 2345 1012 2380 eam,
1044 2333 1084 2368 id
1113 2340 1182 2380 est,
1214 2334 1379 2384 hocfine
1410 2340 1446 2370 et
1476 2334 1547 2370 hoc

174 2394 214 2428 35
230 2389 358 2426 animo
390 2390 598 2426 attenderit
630 2397 670 2426 ut
701 2403 785 2427 eam
824 2391 1081 2440 concupiscat,
1125 2392 1227 2440 quod
1264 2391 1340 2427 iam
1379 2404 1452 2427 non
1492 2399 1548 2428 est

230 2447 385 2483 titillari
416 2448 672 2485 delectacione
710 2448 841 2485 carnis
877 2449 947 2485 sed
978 2449 1094 2498 plene
1132 2449 1348 2486 consentire
1386 2450 1546 2497 libidini,

297 2604 326 2632 6.
347 2604 385 2632 B:
407 2612 522 2632 eorum.
631 2612 660 2640 9.
680 2606 724 2632 A:
757 2605 968 2633 indubitanter
986 2606 1091 2639 twice3
1124 2606 1152 2633 A
1172 2606 1202 2633 in
1224 2614 1337 2641 marg:
1360 2607 1407 2633 De
1424 2607 1546 2634 absolu-

228 2639 376 2666 cionibus.
450 2646 489 2667 12.
500 2639 537 2667 B:
553 2639 596 2667 ad
605 2640 664 2667 hoc
674 2640 769 2668 deest.
843 2649 882 2674 ¹7-
895 2641 923 2668 A
934 2649 940 2667 :
951 2641 1139 2676 practicata.
1213 2640 1256 2668 23.
1268 2643 1313 2668 A:
1327 2641 1480 2676 quomodo
1490 2645 1544 2668 est.

229 2681 273 2709 27.
293 2675 322 2701 A
341 2675 371 2701 in
393 2682 507 2709 marg.:
536 2673 738 2708 Augustinus,
846 2674 891 2702 28.
914 2675 951 2702 B:
984 2678 1029 2702 est
1048 2675 1142 2702 deest.
1251 2683 1299 2710 29.
1321 2676 1359 2703 B:
1392 2676 1422 2703 in
1449 2676 1543 2703 deest.

228 2716 277 2744 29,
291 2707 338 2736 30.
358 2709 403 2737 A:
424 2709 455 2736 in
475 2716 620 2744 corpore.
693 2708 740 2737 30.
755 2709 799 2738 A„-
814 2717 847 2737 se
861 2710 962 2743 deest;
983 2710 1024 2737 ib.
1044 2711 1090 2738 A:
1111 2710 1142 2737 in
1165 2710 1269 2737 cora'e.

231 2826 239 2857 l
304 2790 352 2823 ις).
380 2780 500 2813 Matth.
526 2781 566 2820 V,
597 2790 648 2822 27,
677 2780 729 2812 28.
839 2791 891 2823 27.
919 2782 970 2813 De
995 2792 1158 2813 sermone
1184 2783 1325 2814 Domini
1352 2783 1387 2813 in
1413 2789 1542 2822 monte,

246 2851 251 2857 .
279 2837 306 2858 c.
333 2837 365 2868 p.
398 2836 470 2869 179.

1767 217 1841 252 149

1638 1471 1770 1499 Christ’s

1576 1507 1718 1542 teaching
1738 1516 1771 1535 as
1791 1512 1822 1535 to

1667 1542 1736 1569 lust.

1596 1936 1797 1971 Augustine's

1618 1975 1784 1999 comment.
