2003 3322
150 230 225 265 174

185 2328 311 2355 Chanee
334 2326 411 2352 suom

856 221 976 252 OPUS
1001 221 1337 252 EVANGELICUM
1484 208 1590 262 [CAP-
1612 217 1747 245 XLVIII-

434 327 610 363 mittendi
640 340 737 371 eam,
782 327 974 363 occideret
1005 339 1101 373 eam,
1147 327 1183 362 in
1217 327 1335 363 corde
1366 339 1448 371 suo,
1494 326 1631 362 occidit
1663 339 1746 362 eam

437 393 617 435 quantum
651 386 702 420 ad
733 386 873 431 Deum,
918 385 1003 433 quia
1044 397 1139 433 opus
1177 385 1375 421 homicidii
1410 385 1444 420 ei
1482 397 1553 420 non
1594 391 1649 420 est
1681 385 1749 420 sed

433 451 558 479 tamen
593 443 793 479 occidendi
823 443 1012 479 voluntas.
1058 443 1169 478 Vides
1191 443 1315 493 igitur
1337 443 1423 491 quia
1448 442 1513 478 lex
1530 442 1750 491 precipiens

436 502 526 537 dari
557 502 760 550 repudium
795 513 890 549 opus
922 501 1121 536 homicidii
1150 501 1383 550 compescuit
1416 513 1488 536 non
1514 500 1750 549 peccatum?

435 559 487 594 Et
520 571 591 594 non
624 560 747 594 solum
783 559 981 595 homicidii
1010 559 1155 594 crimen
1190 571 1262 594 non
1295 559 1450 594 sustulit
1483 565 1665 606 quantum
1699 558 1750 593 ad

436 618 561 652 Deum
595 618 663 652 sed
695 617 813 652 ecs'am
847 618 1014 652 alterum
1040 616 1272 652 dimissionis
1296 616 1515 652 introduxit
1533 623 1748 664 peccatum,

436 675 612 723 quoniam
648 675 799 710 libellus
832 675 988 723 repudii
1018 674 1276 710 testimonium
1325 681 1379 709 est
1418 674 1537 709 soluti
1566 673 1748 723 coniugii.

437 733 636 780 Numquid
668 732 818 768 iusticia
853 740 908 768 est
940 733 1118 768 solvendi
1148 732 1350 781 coniugii?

496 791 681 826 Preterea
717 791 806 826 dato
841 791 1003 839 repudio
1044 791 1212 826 solutum
1256 789 1477 839 coniugium
1512 789 1750 838 publicatur,

432 855 634 897 peccatum
667 855 793 884 autem
826 849 1033 884 solucionis
1066 848 1194 897 magis
1226 855 1514 898 exaggeratur,
1549 847 1632 882 ideo
1665 859 1749 882 cum

439 907 485 942 de
517 907 707 942 irascente
729 907 809 941 sine
831 919 946 942 causa
971 914 1006 942 et
1029 907 1075 941 de
1097 906 1384 954 concupiscente
1399 905 1554 951 faceret
1579 905 1751 950 verbum,

439 971 699 1013 competenter
720 964 849 1000 intulit
872 965 1097 999 mandatum
1124 965 1169 999 de
1193 964 1381 999 uxoribus
1404 975 1476 998 non
1501 963 1750 998 dimittendis.

440 1023 482 1057 Si
512 1023 609 1058 enim
634 1023 698 1071 qui
723 1022 909 1058 irascitur
931 1022 1067 1070 fratri
1096 1034 1163 1058 suo
1196 1022 1275 1057 sine
1307 1033 1436 1066 causa,
1472 1033 1559 1056 reus
1592 1021 1665 1056 erit
1697 1021 1752 1055 iu-

441 1081 544 1127 dicii,
579 1081 769 1128 quomodo
803 1093 875 1116 non
909 1081 981 1115 erit
1015 1092 1104 1115 reus
1132 1079 1196 1128 qui
1225 1079 1305 1115 sine
1319 1079 1606 1127 fornicacionis
1637 1091 1753 1114 causa

439 1139 493 1174 sic
515 1139 595 1174 odit
618 1150 796 1183 uxorem,
833 1146 871 1173 ut
903 1138 1022 1174 eciam
1048 1138 1204 1173 dimittit
1227 1137 1341 1172 eam?
1374 1137 1451 1172 Sed
1473 1136 1588 1172 dicis:
1611 1136 1752 1172 multas

441 1197 553 1232 hahet
585 1195 721 1245 culpas
753 1208 858 1232 uxor
882 1209 976 1232 mea.
1018 1196 1121 1240 Quid
1143 1195 1240 1231 enim
1253 1195 1272 1229 ἶ)
1311 1196 1364 1230 Tu
1388 1202 1515 1230 autem
1538 1194 1618 1230 sine
1640 1195 1753 1243 culpa

441 1255 509 1290 es?
532 1254 574 1289 Si
595 1254 692 1289 enim
716 1262 994 1290 extraneorum
1020 1254 1115 1289 vicia
1138 1261 1374 1303 supportare
1397 1253 1588 1298 debemus,
1609 1253 1755 1288 dicente

441 1313 648 1361 Apostolo:
679 1312 791 1347 Alter
822 1313 985 1348 alterius
1008 1324 1125 1348 onera
1150 1318 1309 1360 portate
1342 1318 1376 1347 et
1407 1311 1462 1346 sic
1494 1310 1755 1359 adimplebitis

443 1372 567 1420 legem
607 1371 765 1416 Christi,
800 1378 939 1418 quanto
973 1370 1100 1420 magis
1133 1370 1312 1405 dehemus
1351 1369 1551 1405 uxorum?
1595 1369 1638 1403 Si
1673 1368 1755 1417 quis

444 1429 583 1464 viderit
613 1429 812 1464 mulierem
847 1429 899 1463 ad
930 1428 1273 1477 concupiscendam
1308 1439 1390 1462 eam
1424 1427 1668 1462 adulteratus
1700 1433 1755 1462 est

444 1500 525 1523 eam
566 1487 602 1521 in
644 1487 762 1522 corde
800 1499 880 1522 suo.
935 1487 1136 1530 Quomodo
1171 1497 1247 1534 pro
1286 1485 1490 1520 adulteriis
1541 1497 1613 1520 non
1666 1496 1754 1519 con-

446 1546 687 1594 dempnetur,
722 1545 786 1593 qui
817 1544 1012 1580 dimittens
1045 1556 1209 1580 uxorem
1246 1543 1483 1579 occasionem
1508 1543 1612 1578 dedit
1644 1542 1755 1577 adul—

446 1603 632 1639 teriorum
657 1603 1034 1649 committem-lorum,
1060 1609 1098 1637 ut
1122 1609 1156 1637 et
1178 1602 1244 1636 illa
1267 1601 1512 1637 adulteretur
1534 1600 1570 1635 in
1588 1600 1754 1635 alterum

447 1668 481 1697 et
525 1661 625 1696 alter
673 1661 709 1696 in
757 1661 877 1696 illum.
933 1661 1033 1696 Nam
1073 1660 1134 1695 vir
1171 1659 1405 1695 christianus
1444 1671 1516 1694 non
1553 1658 1678 1694 solum
1716 1670 1757 1694 se

446 1719 693 1767 coinquinare
725 1731 796 1754 non
831 1719 939 1754 debet
961 1719 1029 1754 sed
1050 1730 1117 1754 nec
1139 1718 1225 1753 aliis
1248 1716 1520 1765 coinquinandi
1539 1728 1579 1752 se
1596 1716 1756 1765 preheri

447 1776 696 1813 occasionem.
743 1776 920 1825 Alioquin
960 1776 1118 1812 illorum
1158 1775 1302 1811 crimen
1341 1775 1393 1810 ad
1424 1774 1532 1810 istius
1565 1774 1757 1809 redundat

441 1842 657 1884 peccatum,
691 1835 756 1883 qui
785 1835 872 1870 aliis
904 1834 1167 1870 committendi
1198 1833 1518 1881 crinn'nisfactus
1541 1839 1596 1867 est
1627 1844 1754 1867 causa.

512 1893 604 1928 Vide
642 1893 761 1928 eciam
803 1893 888 1941 quia
928 1893 992 1941 qui
1028 1892 1237 1928 secundum
1277 1891 1402 1941 legem
1444 1890 1645 1939 repudium
1692 1891 1758 1925 dat

447 1958 612 2000 quatuor
644 1951 845 1986 committit
877 1950 1104 1998 iniquitates.
1154 1949 1327 1984 Primam
1372 1949 1459 1997 quia
1492 1955 1673 1996 quantum
1707 1948 1759 1983 ad

448 2010 572 2045 Deum
607 2009 738 2044 existit
771 2008 976 2053 homicida,
1009 2008 1215 2043 secundam
1250 2007 1335 2055 quia
1371 2006 1513 2042 dimisit
1537 2005 1756 2054 nonsorni—

448 2074 609 2111 cantem,
643 2067 803 2103 terciam
837 2066 922 2114 quia
949 2066 1052 2114 fecit
1085 2078 1167 2101 eam
1202 2064 1436 2111 adulterari,
1471 2071 1649 2112 quartam
1673 2064 1758 2112 quia

448 2125 637 2174 accipiens
662 2132 696 2160 et
719 2125 799 2174 ipse
830 2124 1080 2160 adulteratur
1102 2130 1136 2160 et
1158 2123 1403 2172 accipientem
1428 2135 1510 2158 eam
1525 2122 1626 2170 fecit
1647 2121 1758 2157 adul-

449 2183 582 2218 terari.
630 2183 762 2218 Nichil
805 2189 930 2217 autem
978 2183 1115 2217 horum
1162 2181 1414 2217 committitur
1458 2181 1521 2215 ubi
1561 2187 1758 2216 servatum

441 2241 571 2289 suerit
609 2241 758 2276 Christi
788 2241 1023 2275 mandatum.
1059 2241 1142 2276 Hec
1176 2238 1459 2275 Csisostomus.

508 2299 676 2334 Videtm
720 2298 838 2334 istum
894 2306 1076 2334 sanctum
1129 2297 1261 2333 dicete
1313 2297 1420 2344 quod
1471 2295 1587 2332 dacio
1637 2294 1761 2332 libelli

173 2364 221 2390 the
242 2361 290 2388 old
313 2361 370 2388 law
392 2365 422 2387 10
452 2356 609 2404 ιεριιάἰί
636 2369 707 2404 p1o
741 2366 923 2404 tempme
956 2355 1054 2404 legis
1077 2354 1219 2391 xetclis
1244 2363 1332 2402 post
1367 2354 1510 2390 exitum
1547 2355 1594 2389 de
1618 2353 1762 2401 Egipto

226 2397 274 2423 the
295 2404 371 2423 new

453 2415 524 2450 fuit
556 2414 665 2450 licita
697 2416 766 2450 sed
802 2415 922 2450 modo
947 2413 1106 2450 Christo
1139 2414 1258 2449 dante
1283 2413 1455 2460 pelfecte
1478 2412 1605 2459 legem
1630 2411 1762 2459 glacie

586 2585 656 2611 .A:
679 2591 806 2610 uxonm
825 2591 912 2610 suam
934 2585 1063 2617 excepta
1080 2598 1107 2601 —
1125 2585 1271 2617 quantuni
1286 2582 1328 2608 ad
1341 2582 1437 2608 Deum
1452 2581 1509 2607 hoc
1525 2581 1592 2607 loco
1608 2580 1763 2607 inse1itur.

454 2625 479 2649 2,
496 2617 520 2644 3.
525 2591 579 2645 A2:
586 2605 655 2645 ¹sed
674 2621 775 2645 tvnen
796 2618 849 2644 dec
855 2623 890 2644 st.
988 2619 1047 2644 ..Ιὲ
1070 2618 1158 2644 dare
1253 2617 1312 2643 ,ιΒ
1334 2617 1477 2643 libellum.
1553 2624 1592 2642 10.
1610 2615 1766 2648 B:n1agis

454 2654 548 2680 deest
623 2653 658 2686 ι5
673 2657 713 2680 10
730 2655 772 2679 A:
787 2654 921 2679 multas
916 2627 1021 2679 ausas
1034 2652 1133 2679 halet.
1208 2659 1253 2678 20.
1271 2652 1308 2678 B:
1322 2651 1528 2677 adulter-‚atur
1601 2657 1639 2676 21.
1656 2650 1694 2676 B:
1706 2657 1764 2684 pro

452 2688 606 2715 adultero.
714 2688 754 2714 2.5
779 2687 815 2714 B:
838 2696 869 2714 se
890 2688 984 2714 deest.
1093 2686 1139 2714 30.
1163 2687 1198 2713 13:
1223 2690 1324 2719 extat,·
1353 2687 1380 2712 A
1401 2686 1430 2712 in
1453 2693 1565 2724 marg:
1588 2684 1669 2711 Nota
1689 2691 1765 2719 qua-

454 2725 525 2749 tuor
548 2729 716 2756 1·3-4;
736 2723 776 2749 ib.
794 2722 927 2754 dilmzsit:
948 2722 969 2749 13
984 2721 1126 2756 com-igit:
1149 2721 1283 2748 dimittit
1358 2719 1395 2747 51
1414 2720 1456 2747 A:
1470 2718 1551 2755 fecit
1566 2719 1764 2746 adulterim

455 2757 496 2785 35.
518 2759 545 2784 A
568 2757 596 2784 in
620 2765 733 2791 mvn-ga
756 2757 924 2784 walonmms.

531 2840 578 2872 18.
608 2842 681 2873 Gal.
709 2841 765 2881 VI,
795 2851 824 2872 2.

1772 860 1809 880 10

1774 1140 1810 1172 15

1771 1439 1813 1460 20

1773 1718 1812 1751 25

1775 2009 1816 2042 30

1778 2297 1817 2331 35
