2003 3322
193 236 267 281 154

194 1054 260 1080 Οιιι·
280 1058 340 1080 two
361 1053 454 1087 wiIIs;

210 1089 244 1116 of
263 1088 344 1124 body
365 1090 424 1117 and

279 1125 356 1152 soul.

887 246 1005 277 opos
1030 246 1367 279 EVANGELICUM
1543 236 1649 290 [CAP.
1673 246 1779 274 XL111.

472 351 668 387 mechatus
712 358 766 387 est
798 364 879 387 eam
913 351 949 388 in
983 352 1100 388 corde
1136 365 1217 399 suo,
1262 353 1333 389 etsi
1369 366 1441 389 non
1481 354 1658 390 habuerit
1698 367 1780 391 eam

472 420 587 444 causa
604 408 733 457 aliqua
765 409 981 455 obsistente,
1014 410 1133 447 eciam
1167 411 1322 447 adulter
1355 419 1409 447 est
1440 412 1545 461 apud
1567 412 1692 448 Deum
1720 413 1785 462 qui

473 466 599 516 magis
636 467 773 516 aspicit
817 468 1049 503 voluntatem
1092 480 1203 516 quam
1243 481 1350 518 opus,
1395 470 1571 518 quoniam
1612 482 1707 519 opus
1750 470 1783 507 ei

471 524 658 560 adulterii
686 525 951 561 committendi
980 526 1114 575 defuit,
1148 539 1220 562 non
1253 527 1440 563 voluntas.

530 581 607 618 Sed
638 595 682 618 ne
703 583 817 631 forte
848 583 1020 620 homines
1051 591 1190 620 nature
1221 585 1385 621 humane
1417 585 1631 621 misterium
1670 586 1815 636 igno-5

473 647 615 687 rantes,
650 641 740 676 dum
774 641 1021 677 considerant
1065 642 1150 690 quia
1194 643 1434 692 generaliter
1477 643 1599 679 omnis
1641 650 1781 679 natura

472 698 642 734 carnalis
671 699 823 735 subdita
856 706 911 735 est
927 699 1172 749 passionibus
1208 700 1290 736 istis
1319 708 1354 736 et
1377 713 1484 737 nemo
1507 708 1562 737 est
1584 701 1780 737 hominum

472 755 590 791 eciam
622 764 845 793 sanctorum
879 757 943 806 qui
971 770 1011 794 se
1043 758 1195 796 omnino
1227 759 1273 793 ab
1306 758 1366 793 ira
1391 759 1450 794 vel
1474 759 1782 808 concupiscencia

473 813 599 850 valeat
630 827 831 863 separare,
864 815 1038 851 estiment
1065 815 1261 852 Christum
1287 816 1397 864 quasi
1426 816 1675 865 impossibilia
1710 817 1781 853 ista

471 872 715 908 mandantem
761 872 996 909 occasionem
1041 873 1114 909 sihi
1149 886 1311 922 querere
1343 886 1419 923 per
1456 886 1569 923 quam
1613 874 1840 911 hominesm

463 929 595 977 saciat
650 942 750 977 reos,
810 931 987 979 quoniam
1043 932 1165 968 omnis
1216 932 1280 981 qui
1329 932 1576 981 impossibilia
1625 933 1783 968 mandat

470 987 686 1024 occasiones
717 988 933 1037 offensionis
963 989 1124 1025 seminat
1155 997 1190 1025 et
1222 1002 1358 1026 causas
1387 990 1574 1038 puniendi
1607 990 1780 1039 requirit.

472 1045 562 1081 Ideo
589 1057 757 1095 paucum
793 1047 839 1083 de
871 1046 1057 1084 divisione
1095 1049 1332 1084 voluntatum
1371 1047 1497 1084 anime
1533 1048 1783 1097 corporisque

470 1110 700 1140 tractemus:
744 1105 849 1141 Sicut
888 1105 985 1141 duas
1020 1105 1056 1141 in
1095 1106 1201 1142 nobis
1233 1106 1414 1142 habemus
1446 1112 1619 1153 naturas,
1658 1106 1783 1142 anime

470 1161 614 1197 scilicet
657 1169 692 1198 et
738 1164 879 1207 carnis,
922 1163 977 1199 sic
1024 1164 1122 1200 duas
1164 1164 1348 1200 habemus
1392 1164 1619 1211 voluntates,
1667 1166 1838 1200 unam15

470 1219 595 1255 anime
655 1221 821 1257 alteram
883 1221 1024 1268 carnis,
1093 1222 1190 1259 duas
1256 1221 1599 1271 concupiscencias,
1668 1234 1781 1257 unam

471 1277 596 1314 anime
656 1285 691 1314 et
751 1279 915 1315 alteram
977 1279 1119 1327 carnis,
1173 1280 1270 1316 duas
1329 1280 1422 1327 iras,
1484 1292 1598 1315 unam
1659 1280 1785 1316 anime

471 1335 635 1372 alteram
681 1337 821 1375 carnis.
875 1337 929 1373 Et
971 1344 1111 1374 natura
1156 1337 1306 1386 quidem
1344 1338 1391 1373 ab
1429 1338 1488 1374 his
1531 1337 1703 1375 omnibus
1744 1350 1785 1374 se

472 1405 544 1429 non
565 1401 693 1443 potest
722 1407 922 1444 separare.
956 1394 1058 1431 Nam
1091 1408 1240 1433 necesse
1271 1396 1383 1432 habet
1415 1403 1449 1432 et
1481 1395 1599 1432 irasci
1628 1403 1664 1432 et
1694 1408 1782 1432 con-

472 1451 667 1501 cupiscere
706 1453 861 1490 eciamsi
899 1465 971 1490 non
1012 1454 1105 1500 vult,
1141 1454 1318 1503 quoniam
1351 1466 1423 1489 non
1458 1461 1514 1490 est
1550 1454 1584 1490 in
1620 1453 1783 1490 arbitrio
1799 1476 1840 1497 20

470 1521 538 1545 suo
570 1517 716 1558 creata,
762 1512 832 1548 sed
868 1512 936 1548 sub
976 1511 1062 1562 lege
1087 1511 1248 1561 peccati.
1304 1512 1541 1547 Venumdata
1586 1519 1641 1548 est
1685 1511 1781 1548 enim

470 1568 539 1603 sub
566 1576 738 1617 peccato.
773 1570 987 1619 Propterea
1021 1570 1068 1606 de
1098 1570 1165 1605 illa
1200 1569 1291 1605 dicit
1321 1570 1549 1619 Apostolus:
1582 1569 1782 1619 Sapiencia

472 1625 601 1662 carnis
633 1626 784 1663 inimica
818 1635 873 1663 est
904 1628 939 1663 in
972 1628 1098 1664 Deum
1108 1641 1121 1673 ;
1164 1628 1245 1678 legi
1275 1628 1372 1664 enim
1405 1628 1482 1664 Dei
1509 1628 1676 1664 subiecta
1709 1639 1781 1663 non

471 1690 527 1720 est
557 1695 624 1720 nec
655 1684 752 1722 enim
781 1693 919 1734 potest.
959 1685 1098 1721 Anima
1130 1693 1256 1722 autem
1289 1685 1325 1721 in
1357 1685 1521 1721 arbitrio
1552 1698 1620 1722 suo
1652 1692 1782 1721 creata

472 1749 527 1777 est
557 1744 765 1779 secundum
800 1744 924 1794 legem
958 1743 1103 1780 iusticie
1124 1743 1210 1779 Dei.
1244 1743 1459 1792 Propterea
1484 1751 1612 1792 potest
1643 1750 1678 1779 et
1709 1756 1782 1779 non
1799 1755 1839 1787 25

472 1799 590 1835 irasci
618 1800 653 1836 si
683 1801 776 1847 vult,
809 1809 844 1837 et
876 1814 948 1838 non
982 1802 1251 1851 concupiscere
1282 1801 1316 1837 si
1346 1802 1438 1837 vult.
1489 1801 1653 1844 Quando
1686 1814 1782 1851 ergo

472 1857 681 1893 irascimur
712 1866 747 1894 et
779 1859 1094 1909 concupiscimus,
1127 1860 1162 1896 si
1192 1859 1438 1909 displicemus
1470 1859 1576 1895 nobis
1607 1866 1642 1895 et
1663 1859 1781 1908 festi-

471 1928 607 1952 namus
639 1917 855 1965 reprimere
887 1918 948 1954 vel
978 1918 1077 1954 iram
1111 1918 1171 1954 vel
1207 1917 1555 1967 concupiscenciam
1594 1924 1781 1962 nostram,

471 1974 719 2022 manifestum
753 1983 808 2011 est
830 1975 916 2024 quia
948 1988 1041 2012 caro
1074 1982 1206 2012 nostra
1239 1975 1424 2011 irascitur
1454 1982 1519 2010 aut
1551 1975 1783 2024 concupiscit

471 2031 553 2068 sola
587 2039 622 2068 et
654 2045 725 2068 non
758 2033 886 2069 anima
919 2041 1064 2070 nostra.
1119 2033 1284 2077 Quando
1327 2040 1453 2069 autem
1499 2033 1782 2082 complacemus
1798 2045 1839 2077 30

472 2090 578 2126 nobis
609 2090 645 2126 in
678 2091 737 2126 his
769 2098 803 2127 et
836 2091 1090 2128 discernimus
1110 2092 1145 2128 si
1160 2091 1404 2141 potuerimus
1425 2098 1596 2127 nostram
1621 2091 1783 2140 implere

471 2147 714 2184 iracundiam
754 2150 815 2186 vel
856 2149 1218 2199 concupiscenciam,
1267 2156 1355 2185 tunc
1397 2156 1432 2184 et
1475 2149 1604 2185 anima
1649 2155 1781 2185 nostra

471 2205 657 2242 irascitur
688 2214 723 2243 et
755 2208 985 2257 concupiscit
1005 2208 1122 2244 simul
1142 2220 1225 2243 cum
1250 2219 1379 2243 carne.
1413 2207 1628 2256 Propterea
1659 2206 1782 2243 sciens

471 2264 579 2300 Deus
613 2265 699 2313 quia
747 2266 876 2302 carnis
920 2273 1060 2302 natura
1103 2265 1254 2302 subdita
1287 2265 1321 2301 ci
1351 2277 1423 2301 non
1456 2271 1511 2301 est
1549 2277 1615 2301 nec
1652 2271 1781 2314 potest

472 2334 544 2357 non
595 2322 724 2370 irasci,
769 2336 842 2360 non
882 2324 1040 2360 mandat
1077 2324 1188 2360 carni
1229 2334 1299 2371 que
1336 2323 1495 2359 mandat
1532 2323 1600 2359 sed
1641 2322 1835 2367 anime.35

478 2380 574 2424 Quis
605 2381 702 2417 enim
735 2382 888 2431 sapiens
919 2382 978 2418 illi
1003 2382 1113 2432 ponit
1141 2388 1368 2431 preceptum
1399 2381 1463 2429 qui
1493 2381 1564 2417 etsi
1595 2380 1675 2416 vult
1706 2392 1779 2416 non

467 2445 594 2487 potest
627 2439 826 2478 obaudire.
862 2440 940 2476 Sed
960 2440 1012 2476 ad
1032 2440 1199 2476 animam
1223 2439 1393 2487 loquitur
1421 2446 1455 2474 et
1477 2438 1601 2474 anime
1623 2438 1782 2474 mandat

472 2508 542 2544 que
568 2504 697 2546 potest
722 2498 807 2534 Deo
840 2498 876 2534 in
909 2498 1082 2534 omnibus
1111 2497 1307 2543 obaudire,
1342 2508 1411 2545 que
1437 2503 1562 2546 potest
1596 2495 1714 2532 eciam
1747 2502 1782 2532 et

472 2566 589 2590 carne
621 2555 809 2592 irascente
841 2563 876 2591 et
908 2556 1195 2605 concupiscente
1233 2555 1314 2604 ipsa
1348 2566 1414 2590 nec
1447 2553 1565 2590 irasci
1594 2565 1660 2589 nec
1693 2565 1780 2590 con-

541 2731 561 2750 1.
583 2724 620 2750 B:
641 2730 697 2750 suo
712 2723 805 2750 deest.
879 2722 903 2750 3.
919 2724 961 2751 A:
980 2724 1010 2751 ei
1022 2724 1116 2751 deest.
1190 2723 1216 2751 8.
1239 2724 1277 2751 B:
1298 2732 1329 2751 se
1342 2723 1379 2751 ab
1404 2723 1488 2750 omni
1511 2723 1571 2750 ira.
1646 2723 1687 2750 16.
1703 2723 1732 2750 A
1751 2722 1781 2750 in

472 2766 585 2791 marga
613 2757 758 2785 Voluntas
778 2764 824 2784 2-2‘·
932 2766 975 2785 22.
996 2760 1039 2786 A:
1072 2759 1109 2785 de
1128 2759 1198 2786 illis.
1307 2757 1349 2792 23,
1370 2765 1416 2792 24.
1438 2759 1481 2785 A:
1508 2766 1568 2785 non
1589 2760 1633 2785 est
1650 2757 1781 2784 subdita.

471 2791 513 2820 32.
535 2794 578 2820 A:
599 2793 879 2827 concupiscenciam
899 2796 1047 2820 nostram.

542 2874 594 2898 22.
622 2865 721 2897 Rom.
750 2865 836 2906 VIII,
864 2876 893 2910 7.
