2003 3322
204 207 292 235 CAP.
313 198 409 253 xm]
681 210 894 241 SECUNDA
921 209 1047 241 PARS.
1727 201 1744 237 3
1760 214 1769 237 1
1785 201 1802 237 3

205 316 291 352 Hoc
329 316 426 352 enim
462 323 563 352 recte
594 316 804 364 accipimus
836 322 950 364 caput
980 316 1083 364 quod
1115 315 1150 350 in
1184 314 1335 350 homine
1367 315 1447 350 sive
1479 315 1514 350 in

204 374 331 409 anima
360 374 577 423 preeminet
610 381 645 409 et
677 385 749 421 quo
782 380 909 409 cetera
941 372 1105 408 hominis
1128 372 1216 422 regi
1244 380 1279 407 et
1299 372 1519 422 gubernari

204 431 451 480 manifestum
485 439 549 467 est.
584 431 636 467 Et
667 431 738 466 lzoc
751 431 857 479 facit
878 430 941 479 qui
971 443 1042 467 non
1057 430 1167 478 foris
1189 430 1313 478 querit
1337 430 1514 476 leticiam,

204 497 243 525 ut
282 490 328 525 de
360 490 536 525 laudibus
577 489 770 525 hominum
810 487 1025 525 carnaliter
1055 488 1238 538 gaudeat.
1279 488 1382 523 Caro
1415 488 1514 523 enim

171 548 273 595 §que
310 547 477 583 subiecta
518 559 597 583 esse
642 547 762 594 debet,
802 546 906 582 nullo
945 546 1059 582 modo
1099 553 1155 581 est
1192 545 1313 581 tocius
1352 546 1517 581 humane

202 612 316 654 caput
354 612 503 640 nature.
549 605 671 640 Nemo
705 604 855 652 quidem
896 616 1058 653 unquam
1099 615 1253 639 carnem
1286 616 1395 639 suam
1428 603 1515 639 odio

201 662 344 708 habuit,
389 663 485 699 sicut
529 662 620 698 dicit
661 662 882 711 Apostolus,
927 674 1011 697 cum
1058 662 1103 697 de
1147 673 1272 697 uxore
1316 662 1514 711 diligenda

196 720 384 769 precipit:
433 721 502 756 sed
552 728 667 770 caput
716 720 890 756 mulieris
942 720 1014 766 vir,
1067 719 1129 755 cui
1179 719 1262 755 viro
1302 727 1416 768 caput
1460 727 1516 755 est

206 778 396 813 Christus.
446 778 611 814 Interius
649 790 746 828 ergo
783 778 956 828 gaudeat
991 777 1027 813 in
1060 777 1197 813 ieiunio
1230 789 1312 824 suO,
1357 789 1399 813 eo
1432 777 1514 825 ipso

148 848 186 868 10
200 836 254 871 sic
286 836 487 872 ieiunando
519 836 659 872 avertit
690 848 730 872 se
761 849 782 871 a
808 836 1003 884 voluptate
1032 835 1163 880 seculi,
1197 842 1236 870 ut
1264 835 1312 870 sit
1339 835 1514 871 subditus

206 893 361 930 Christo
412 894 477 943 qui
527 894 736 930 secundum
795 894 866 929 lzoc
912 900 1139 942 preceptum
1192 900 1307 942 caput
1358 900 1512 928 unctum

201 952 342 987 habere
375 952 580 988 desiderat.
615 952 672 988 Ita
705 951 802 987 enim
837 958 871 987 et
893 951 1043 999 faciem
1079 950 1234 998 lavabit,
1274 951 1313 986 id
1344 958 1412 998 est,
1446 963 1515 986 cor

201 1009 411 1057 mundabit,
444 1022 515 1058 quo
540 1010 695 1046 visurus
726 1017 781 1045 est
803 1010 930 1045 Deum
964 1021 1037 1045 non
1070 1009 1293 1058 interposito
1327 1009 1515 1045 velamine

200 1067 361 1103 alicuius
385 1068 518 1104 umbre
540 1067 778 1117 impedientis
796 1075 963 1116 propter
984 1067 1244 1116 infirmitatem
1275 1074 1511 1103 contractam

148 1127 184 1158 15
201 1125 247 1160 de
283 1125 474 1172 sordibus,
513 1126 583 1161 sed
602 1125 750 1174 firmus
788 1133 823 1160 et
858 1124 1022 1172 stabilis,
1060 1124 1237 1173 quoniam
1278 1125 1442 1160 mundus
1480 1131 1515 1160 et

199 1182 377 1232 simplex.
412 1183 629 1230 Lavamini,
658 1183 789 1232 inquit,
817 1182 952 1218 mundi
972 1190 1099 1230 estote,
1123 1183 1276 1231 auferte
1298 1182 1515 1231 iniquitates

200 1248 235 1275 et
279 1240 470 1288 nequicias
514 1241 560 1277 ab
598 1241 735 1276 animis
774 1240 912 1276 vestris
944 1248 979 1276 et
1016 1253 1038 1276 a
1076 1248 1278 1289 conspectu
1311 1241 1512 1277 oculorum

201 1311 386 1335 meorum.
420 1299 476 1334 Ab
510 1299 567 1335 his
599 1299 723 1349 igitur
743 1299 923 1334 sordibus
952 1299 1119 1334 lavanda
1153 1298 1349 1347 estfacies
1382 1306 1513 1334 nostra

201 1357 334 1404 quibus
366 1357 442 1392 Dei
471 1357 674 1406 adspectus
707 1357 924 1405 offenditur.
960 1357 1041 1392 Nos
1062 1364 1188 1392 autem
1220 1357 1390 1392 revelata
1403 1356 1515 1405 facie

143 1414 371 1464 20gl0riam
428 1414 586 1450 Domini
635 1415 713 1450 Dei
761 1415 887 1451 nostri
941 1415 1184 1463 speculantes
1243 1414 1278 1449 in
1337 1415 1509 1451 eamdem

200 1472 407 1522 imaginem
442 1472 827 1521 transformabimur.

259 1531 355 1579 Sepe
399 1531 512 1566 etiam
557 1530 746 1580 cogitacio
787 1543 918 1566 rerum
958 1530 1267 1566 necessariarum
1307 1531 1359 1565 ad
1396 1530 1507 1566 istam
1552 1536 1768 1572 Thoughtfor

201 1588 314 1623 vitam
344 1589 623 1637 pertinencium
656 1589 814 1635 sauciat,
853 1588 1044 1638 sordidat,
1083 1596 1297 1638 aggravat,
1328 1588 1507 1633 solicitat,
1523 1577 1791 1634 Offiaffgnugvssg'stss

199 1654 355 1682 excecat
398 1647 547 1683 oculum
597 1654 769 1683 nostrum
815 1646 1037 1682 interiorem
1079 1653 1111 1682 el
1146 1646 1377 1695 plerumque
1420 1658 1507 1682 con-
1550 1641 1780 1709 ᾗῗὲςὲἓέἓξῗ

143 1704 181 1735 25
200 1704 383 1752 duplicat,
417 1712 455 1739 ut
489 1717 531 1741 ea
564 1716 634 1752 que
667 1705 843 1740 videmur
875 1717 959 1739 cum
993 1704 1206 1740 hominibus
1240 1704 1508 1752 rectefacere‚
1606 1709 1721 1738 others.

199 1774 271 1797 non
316 1774 357 1797 eo
402 1763 519 1798 corde
554 1762 756 1810 faciamus
797 1775 870 1811 quo
910 1763 1102 1798 Dominus
1141 1762 1321 1810 precipit,
1366 1762 1406 1797 id
1443 1769 1510 1807 est,

198 1820 284 1868 quia
319 1832 386 1855 nos
418 1833 481 1856 eos
520 1821 732 1870 diligimus,
771 1821 840 1856 sed
871 1820 956 1868 quia
996 1821 1238 1857 commodum
1278 1821 1324 1855 ab
1357 1820 1410 1855 eis
1442 1820 1512 1854 ali-

198 1879 302 1925 quod
328 1885 496 1926 propter
528 1880 789 1914 necessitatem
814 1878 887 1914 vite
904 1879 1096 1926 presentis
1128 1878 1292 1927 adipisci
1322 1878 1508 1914 volumus.

201 1936 392 1971 Debemus
424 1944 549 1971 autem
583 1937 810 1984 benefacere
841 1936 918 1972 illis
946 1944 1112 1984 propter
1141 1937 1304 1972 salutem
1339 1936 1511 1985 ipsorum

143 1995 386 2037 30eternam‚
431 2006 502 2029 non
542 2002 709 2043 propter
761 1995 976 2042 temporale
1026 1995 1269 2030 commodum
1322 2001 1509 2030 nostrum.

199 2052 355 2087 Inclinet
400 2052 522 2102 igilur
565 2064 634 2087 cor
678 2060 849 2088 nostrum
891 2052 997 2088 Deus
1041 2053 1076 2087 in
1117 2052 1331 2088 testimonia
1370 2064 1439 2087 sua
1479 2059 1514 2087 et

199 2121 271 2144 non
316 2109 350 2144 in
404 2110 698 2145 emolumentum
748 2123 898 2145 vanum.
952 2110 1059 2145 Finis
1102 2111 1198 2146 enim
1239 2110 1415 2159 precepti
1459 2117 1515 2145 est

199 2167 344 2202 caritas
368 2167 413 2202 de
435 2168 552 2203 corde
570 2180 672 2216 puro
700 2175 733 2203 et
763 2168 996 2203 consciencia
1025 2169 1121 2203 bona
1151 2176 1185 2203 et
1201 2168 1287 2217 fide
1313 2180 1386 2203 non
1398 2167 1510 2216 ficta.

206 2225 282 2268 Qui
311 2232 434 2260 autem
463 2233 630 2274 propter
666 2238 773 2261 suam
809 2226 855 2261 de
887 2226 958 2261 lzac
992 2226 1067 2261 vita
1100 2226 1356 2261 necessitatem
1382 2225 1515 2273 fratri

143 2283 182 2315 35
200 2283 374 2326 consulit,
407 2295 478 2319 non
512 2283 637 2331 utique
659 2296 709 2319 ex
731 2283 893 2319 caritate
915 2284 1089 2327 consulit,
1118 2284 1204 2332 quia
1228 2296 1301 2319 non
1324 2283 1382 2318 illi
1403 2295 1510 2330 quem

207 2341 314 2375 debet
355 2348 547 2389 tamquam
585 2353 624 2376 se
657 2341 779 2389 ipsum
820 2341 996 2391 diligere,
1034 2342 1102 2377 sed
1132 2341 1204 2377 sibi
1240 2341 1414 2384 consulit,
1454 2341 1514 2376 vel

195 2398 331 2447 pocius
360 2411 426 2434 nec
456 2399 545 2434 sibi:
579 2399 885 2447 quandoquidem
920 2400 1005 2434 liinc
1036 2399 1108 2435 sibi
1129 2399 1235 2447 facit
1265 2411 1333 2434 cor
1366 2399 1513 2447 duplex

198 2468 271 2504 quo
304 2456 511 2505 impeditur
549 2457 600 2491 ad
634 2456 757 2493 Deum
793 2457 1018 2492 videndum:
1064 2457 1099 2492 in
1138 2470 1212 2506 qua
1249 2457 1332 2493 sola
1367 2456 1512 2492 visione

200 2521 255 2549 est
285 2522 390 2550 certa
423 2514 613 2550 beatitudo
646 2523 757 2563 atque
783 2523 985 2564 perpetua.
1022 2516 1104 2551 Hec
1136 2514 1394 2562 Augustinus.

269 2678 311 2696 22.
334 2670 372 2696 ss:
393 2678 465 2705 sepe
479 2674 515 2697 et.
590 2669 632 2696 23.
648 2671 692 2697 A:
709 2673 873 2706 aggravat
886 2671 980 2697 deest.
1054 2670 1095 2697 25.
1113 2671 1149 2697 ss:
1166 2674 1261 2698 recta
1344 2670 1386 2697 32.
1400 2672 1444 2698 A:
1459 2679 1508 2697 va-

199 2713 270 2732 num
290 2705 384 2732 deest.
455 2705 499 2732 35.
521 2706 564 2732 A:
577 2704 717 2741 fratrem
726 2716 736 2738 ,·
756 2707 796 2733 ib.
818 2706 935 2734 Codd.:
956 2714 1015 2732 non
1036 2706 1141 2740 utique
1160 2706 1290 2733 consulit
1311 2706 1404 2739 deest.

269 2786 300 2816 7.
332 2776 421 2817 Eph.
446 2777 487 2816 V,
522 2786 574 2818 29.
721 2776 753 2808 8.
785 2778 824 2808 ΙΙ.
857 2777 937 2808 Cor.
967 2777 1024 2816 XI,
1058 2778 1087 2809 3.
1240 2776 1291 2809 16.
1323 2778 1364 2808 Is.
1400 2778 1422 2817 Ι,
1460 2777 1510 2809 16.

206 2832 255 2865 ¹9·
282 2823 320 2854 11.
348 2822 427 2854 Cor.
454 2823 506 2863 ΙΙΙ,
538 2821 588 2854 18.
