2003 3322
195 208 285 236 CAp.
305 201 403 254 vl11.]
680 212 891 243 SECUNDA
920 212 1043 243 PARS.

196 319 341 354 litatem
385 318 541 368 generis
584 318 644 353 sui
688 324 722 352 et
767 329 880 366 opum
928 316 1234 352 habundanciam
1286 322 1320 351 et
1364 315 1512 364 plebeie

190 388 357 425 persone
400 375 607 419 nuditatem,-
651 382 789 423 quanto
828 374 955 424 magis
1000 386 1096 424 ergo
1142 373 1417 422 trepidandum
1457 380 1512 408 est

196 434 398 482 appellare
424 441 580 482 patrem
613 433 752 478 Deum,
785 432 819 468 si
849 439 955 468 tanta
989 439 1043 468 est
1077 432 1181 467 labes
1212 438 1394 479 tantaque
1423 443 1509 466 sor-

197 492 262 527 des
294 492 330 527 in
363 491 547 534 moribus,
594 498 633 526 ut
665 491 784 526 multo
818 490 951 526 iustius
984 502 1047 526 eas
1078 502 1100 524 a
1133 501 1200 524 sua
1243 488 1511 525 coniunccione

163 550 302 585 §Deus
341 549 525 598 expellat,
570 560 683 597 quam
724 548 788 583 ille
825 555 984 584 senator
1021 547 1186 583 cuiusvis
1225 547 1391 582 mendici
1421 558 1509 596 ege-

194 614 345 643 statem.
399 607 718 656 Quandoquidem
767 606 833 641 ille
879 607 950 642 hoc
989 604 1224 653 contempnit
1261 605 1296 640 in
1336 604 1509 640 mendico

195 665 247 700 ad
290 665 393 714 quod
436 672 471 700 et
508 664 588 714 ipse
626 671 755 713 potest
807 676 939 699 rerum
979 664 1238 699 humanarum
1275 662 1511 712 fragilitate

197 723 388 769 devenire,
424 724 528 758 Deus
559 734 650 758 vero
683 722 719 757 in
751 722 934 757 sordidos
966 733 1094 757 mores
1126 732 1316 769 nunquam
1350 720 1454 756 cadit
1476 727 1510 755 et

195 780 355 831 gracias
395 780 661 816 misericordie
699 779 830 828 ipsius,
873 779 938 828 qui
974 780 1044 815 hoc
1084 792 1106 814 a
1148 778 1254 814 nobis
1287 778 1426 828 exigit,
1471 785 1510 813 ut

144 846 307 887 10pater
339 846 469 874 noster
499 838 569 882 sit‚·
600 838 701 885 quod
734 837 839 873 nullo
871 844 1025 886 sumptu
1057 837 1125 872 sed
1145 836 1230 872 sola
1253 837 1350 871 bona
1374 836 1507 871 volun-

195 903 274 932 tate
300 903 427 945 potest
459 895 697 944 comparari.
730 895 1001 931 Admonentur
1033 895 1093 930 hic
1126 894 1246 930 eciam
1281 893 1416 929 divites
1449 893 1510 929 vel

193 966 338 1004 genere
375 954 518 990 nobiles
555 953 763 989 secundum
800 953 985 999 seculum,
1032 965 1117 988 cum
1168 951 1372 988 christiani
1402 951 1511 999 facti

185 1011 353 1060 fuerint,
401 1024 474 1048 non
518 1011 722 1060 superbire
765 1012 956 1047 adversus
995 1022 1192 1059 pauperes
1231 1017 1266 1045 et
1304 1009 1506 1059 ignobiles,

194 1070 372 1118 quoniam
404 1070 521 1105 simul
550 1070 679 1105 dicunt
705 1069 785 1105 Deo
809 1070 928 1104 Pater
956 1075 1098 1115 noster,
1131 1068 1231 1116 quod
1254 1079 1325 1102 non
1344 1074 1509 1116 possunt

144 1128 177 1160 [5
196 1139 284 1163 vere
316 1140 361 1163 ac
387 1127 452 1177 pie
484 1127 612 1163 dicere
643 1126 716 1162 nisi
744 1139 784 1162 se
806 1127 966 1174 fratres
998 1138 1078 1162 esse
1110 1132 1358 1176 cognoscant.

257 1185 397 1221 Utatur
435 1185 558 1236 igitur
596 1197 686 1221 voce
724 1185 814 1221 novi
850 1184 1069 1220 testamenti
1097 1184 1266 1233 populus
1304 1195 1424 1219 novus
1456 1183 1508 1218 ad

194 1250 366 1279 eternam
411 1243 662 1279 hereditatem
711 1249 879 1289 vocatus,
925 1249 959 1278 et
998 1242 1100 1278 dicat
1136 1242 1254 1277 Pater
1286 1248 1417 1277 noster
1446 1240 1508 1289 qui

194 1312 233 1337 es
264 1300 300 1336 in
333 1301 436 1348 celis,
469 1301 509 1336 id
540 1308 608 1347 est,
640 1301 677 1336 in
709 1300 852 1336 sanctis
884 1308 919 1335 et
951 1300 1069 1336 iustis.
1125 1300 1211 1335 Non
1245 1299 1343 1335 enim
1375 1298 1505 1347 spacio

195 1358 369 1395 locorum
416 1359 633 1395 continetur
676 1359 795 1394 Deus.
845 1359 943 1393 Sunt
986 1366 1113 1394 autem
1159 1357 1231 1393 celi
1273 1356 1506 1393 excellencia

138 1428 179 1449 20
194 1417 345 1465 quidem
398 1417 532 1453 mundi
581 1429 762 1466 corpora⁷
814 1416 882 1452 sed
932 1423 1058 1451 tamen
1106 1428 1275 1465 corpora
1320 1426 1390 1463 que
1434 1426 1507 1450 non

188 1482 350 1523 possunt
372 1487 453 1511 esse
479 1474 551 1510 nisi
581 1475 617 1509 in
650 1475 745 1520 loco,
779 1475 846 1510 sed
877 1474 910 1509 si
940 1474 976 1509 in
1006 1474 1096 1510 celis
1120 1481 1314 1522 tamquam
1338 1473 1374 1508 in
1396 1485 1507 1522 supe-

194 1532 362 1569 rioribus
394 1533 528 1568 mundi
552 1532 731 1582 partibus
764 1533 870 1568 locus
901 1532 977 1567 Dei
1007 1544 1087 1568 esse
1118 1531 1304 1577 creditur,
1338 1531 1509 1566 melioris

193 1591 323 1626 meriti
351 1598 438 1626 sunt
469 1603 559 1626 aves
581 1602 744 1639 quarum
776 1590 853 1625 vita
877 1597 932 1625 est
955 1590 1038 1626 Deo
1063 1589 1235 1626 vicinior.
1269 1589 1356 1624 Non
1380 1596 1507 1624 autem

191 1648 388 1698 scriptura
435 1649 545 1684 dicit:
583 1660 711 1697 prope
754 1655 809 1684 est
848 1647 1039 1683 Dominus
1083 1647 1247 1684 excelsis
1293 1647 1508 1683 hominibus

135 1706 175 1739 25
193 1714 260 1742 aut
310 1707 362 1742 eis
409 1707 475 1756 qui
520 1706 556 1742 in
610 1706 799 1742 montibus
843 1706 1028 1752 habitant,
1080 1706 1148 1742 sed
1198 1705 1385 1753 scriptum
1439 1712 1506 1751 est,

187 1776 313 1813 prope
345 1772 401 1800 est
418 1764 609 1801 Dominus
641 1764 712 1800 lziis
739 1763 804 1813 qui
822 1771 911 1800 sunt
932 1764 1065 1800 obtriti
1085 1764 1224 1808 corde;
1255 1763 1357 1811 quod
1379 1762 1507 1813 magis

186 1822 356 1871 pertinet
393 1823 444 1858 ad
481 1822 747 1858 humilitatem.
796 1823 873 1857 Sed
912 1822 1239 1870 quemadmodum
1285 1828 1394 1856 terra
1438 1832 1505 1869 ap-

186 1880 345 1929 pelatur
370 1887 568 1929 peccator,
601 1881 662 1917 cui
693 1880 835 1916 dictum
869 1887 944 1916 est.-
982 1880 1105 1915 Terra
1144 1891 1182 1915 es
1214 1886 1248 1915 et
1287 1879 1322 1914 in
1355 1886 1505 1914 terram

191 1938 272 1988 ibis,
295 1938 349 1974 sic
371 1939 492 1974 celum
516 1939 635 1974 iustus
657 1945 812 1974 econtra
829 1938 906 1973 dici
920 1945 1060 1987 potest.
1086 1937 1201 1974 Iustis
1224 1937 1321 1972 enit-n
1347 1936 1507 1972 dicitur:

135 1997 176 2029 30
197 1996 395 2045 Templum
420 1997 517 2032 enim
540 1996 619 2032 Dei
637 2003 812 2032 sanctum
841 2003 897 2032 est
925 1996 1029 2045 quod
1051 1996 1139 2032 estis
1164 2008 1242 2040 vos,
1265 2002 1505 2044 quapropter

190 2054 224 2090 si
254 2054 289 2089 in
322 2055 464 2103 templo
494 2067 562 2090 suo
586 2054 732 2090 habitat
754 2054 861 2090 Deus
882 2060 917 2089 et
938 2054 1064 2090 sancti
1084 2054 1267 2103 templum
1299 2053 1377 2088 eius
1404 2060 1505 2099 sunt,

192 2119 294 2148 recte
318 2112 458 2147 dicitur
480 2112 544 2161 qui
564 2124 603 2148 es
635 2112 670 2147 in
704 2112 807 2155 celis,
841 2112 904 2160 qui
934 2124 973 2148 es
1004 2112 1040 2147 in
1063 2111 1217 2148 sanctis.
1253 2111 1306 2147 Et
1328 2122 1503 2147 accomo-

192 2169 392 2206 datissima
425 2170 496 2206 ista
528 2170 738 2206 similitudo
772 2177 827 2205 est
860 2177 899 2205 ut
930 2169 1187 2218 spiritualiter
1215 2176 1362 2204 tantum
1386 2166 1503 2204 inter‘-

191 2239 272 2263 esse
304 2228 482 2264 videatur
513 2228 613 2264 inter
645 2227 763 2264 iustos
795 2235 831 2263 et
857 2235 1086 2276 peccatores
1108 2234 1290 2276 quantum
1314 2239 1503 2276 corpora-

135 2285 174 2318 35
192 2285 281 2321 liter
312 2285 411 2321 inter
442 2285 564 2322 celum
598 2293 633 2321 et
664 2293 826 2321 terram.

254 2343 370 2379 Cuius
402 2344 460 2379 rei
487 2344 680 2394 signande
709 2344 850 2393 gracia
884 2356 967 2379 cum
1003 2343 1054 2379 ad
1085 2343 1307 2379 oracionem
1340 2350 1502 2389 stamus,

190 2402 242 2436 ad
280 2401 464 2437 orientem
498 2401 782 2446 convertimur5
825 2402 924 2437 unde
955 2401 1076 2437 celum
1109 2401 1252 2451 surgit,
1298 2413 1370 2436 non
1403 2408 1502 2436 tam-

190 2470 303 2506 quam
362 2459 413 2495 ibi
470 2459 612 2495 habitet
654 2460 762 2496 Deus
812 2459 922 2508 quasi
978 2466 1128 2495 ceteras
1184 2459 1317 2495 mundi
1364 2465 1503 2508 partes

258 2634 283 2654 2.
305 2627 348 2654 A:
370 2627 473 2663 magis
492 2627 558 2654 sibi.
631 2625 657 2654 3.
673 2627 711 2654 B:
732 2629 820 2654 tanta
842 2630 886 2654 est
905 2634 961 2661 pro
981 2629 1138 2662 tantaque.
1212 2635 1241 2660 4.
1263 2626 1300 2654 B:
1323 2627 1353 2654 in
1368 2627 1503 2659 medico,-

188 2662 234 2688 A:
254 2670 313 2697 que
332 2664 362 2688 et
381 2662 457 2696 ipso.
561 2670 586 2696 7.
608 2662 651 2689 A:
674 2661 879 2689 humanarum
889 2661 1042 2697 framine.
1139 2661 1166 2696 8,
1189 2669 1217 2696 9.
1238 2663 1282 2689 A:
1304 2662 1450 2689 devenire
1468 2676 1501 2682 —-

188 2696 402 2724 misericordie
416 2697 509 2724 deest.
583 2695 626 2724 23.
641 2697 685 2723 A:
700 2704 772 2724 aves
785 2704 934 2732 quorum,·
948 2696 985 2724 B:
1001 2697 1080 2724 tales
1094 2704 1233 2731 quorum.
1306 2696 1351 2724 28.
1364 2697 1409 2724 A:
1424 2704 1500 2724 cum.

188 2729 232 2764 32,
253 2729 295 2758 33.
319 2731 356 2758 B:
378 2731 643 2759 accomodt'ssima.

259 2824 312 2855 24.
331 2815 457 2846 psalm.
479 2815 562 2855 LIII,
586 2825 635 2858 19·
732 2825 784 2858 29.
813 2815 897 2847 Gen.
923 2815 976 2855 III,
1001 2825 1048 2858 ¹9-
1147 2816 1199 2847 30.
1228 2816 1249 2847 I.
1278 2815 1355 2847 Cor.
1374 2815 1426 2855 III,
1451 2824 1500 2856 17.

1720 207 1799 250 269

1565 1181 1609 1209 ‘In
1630 1182 1756 1210 heaven'

1520 1216 1539 1244 i.
1562 1225 1586 1243 e.
1608 1217 1638 1244 in
1659 1217 1708 1244 the
1731 1217 1791 1245 'ust

1531 1252 1589 1278 and
1610 1252 1699 1291 holy;
1752 1253 1790 1280 od

1608 1295 1634 1313 ιε
1655 1292 1708 1314 not

1551 1322 1715 1349 contained
1735 1322 1765 1350 in

1610 1365 1711 1392 space.
