2062 3327
238 642 332 671 What
348 641 455 676 justice
475 641 510 668 is.

263 1058 287 1085 It
307 1058 439 1085 consists
459 1057 489 1084 in

267 1093 431 1127 rendering
450 1095 481 1118 to

247 1136 335 1163 every
355 1135 413 1154 one
433 1127 514 1153 What

326 1166 351 1192 is
372 1164 430 1191 his.

967 237 1085 270 opus
1110 239 1447 271 EVANGELICUM
1669 226 1776 281 [cmv.
1797 237 1847 264 xl.

527 345 729 381 scienciam
762 345 839 380 Dei
880 344 1089 392 adquirere
1127 345 1241 393 cupit,
1281 346 1382 394 quod
1414 352 1542 394 potest
1580 345 1757 394 consequi
1800 357 1850 381 ex

527 403 654 438 studio
687 403 990 451 scripturarum,
1030 403 1131 450 quod
1168 410 1224 438 est
1262 403 1397 439 docilis
1435 403 1522 451 viri,
1562 403 1739 451 quoniam
1779 403 1851 452 ipsi

527 461 821 507 saturabuntur,
856 460 1030 496 videlicet
1063 460 1251 510 largitate
1284 461 1611 497 remuneracionis
1633 461 1720 504 Dei,
1753 473 1843 509 quo-

527 519 628 554 niam
674 519 823 554 maiora
869 525 980 554 erunt
1020 519 1175 566 premia
1208 518 1284 554 Dei
1326 531 1439 567 quam
1484 519 1676 555 desideria
1721 531 1844 554 avara

526 584 761 612 sanctorum.
1865 579 1882 612 5

585 636 633 670 Et
665 643 708 670 ut
741 633 913 671 breviter
946 634 1301 681 comprehendam,
1328 634 1462 670 cuncti
1485 633 1647 669 termini
1675 633 1715 669 in
1739 633 1848 682 prin-

528 691 634 740 cipio
668 701 760 728 sunt
792 691 981 738 notandi;
1016 700 1053 728 et
1085 704 1166 728 non
1205 691 1371 727 dubium
1406 691 1504 740 quin
1537 691 1719 728 Christus
1752 700 1846 727 tunc

526 749 702 786 inculcat
736 750 799 786 hic
832 762 991 786 sensum
1016 749 1237 786 notabilem
1271 750 1311 785 in
1335 749 1409 785 hiis
1441 749 1584 786 verbis.
1620 750 1715 785 Vult
1750 761 1844 797 ergo

528 808 710 844 Christus
744 809 852 857 quod
886 807 941 844 illi
976 816 1068 844 sunt
1101 807 1164 844 hic
1196 808 1236 844 in
1255 820 1324 856 spe
1358 816 1394 844 et
1427 807 1614 844 arraliter
1646 807 1756 843 beati
1779 806 1847 855 qui

527 866 726 902 ferventer
759 875 796 902 et
820 865 1027 902 caritative
1051 865 1281 902 desiderant
1304 865 1460 902 iusticie
1485 866 1844 913 complementum.
1867 878 1908 901 10

529 926 609 960 Nec
642 924 809 960 dubium
844 923 941 972 quin
974 923 1156 960 Christus
1196 923 1259 960 hic
1299 923 1480 972 loquitur
1512 923 1778 971 spiritualiter
1810 931 1848 959 et

530 981 702 1029 mistice3
736 995 809 1030 pro
843 994 923 1030 quo
957 990 1117 1030 oportet
1140 982 1270 1029 primo
1292 990 1433 1018 notare
1458 981 1554 1030 quid
1587 990 1645 1017 est
1677 980 1847 1017 iusticia.

586 1039 747 1076 Iusticia
787 1040 949 1088 quidem
990 1041 1210 1076 secundum
1256 1039 1476 1088 vulgariter
1511 1040 1721 1087 loquentes
1755 1052 1849 1075 con-

529 1097 632 1134 sistit
666 1097 706 1134 in
738 1098 953 1134 tribuendo
985 1097 1204 1146 unicuique
1232 1100 1339 1146 quod
1373 1110 1490 1134 suum
1526 1106 1596 1144 est,
1632 1106 1669 1133 et
1702 1096 1758 1133 sic
1792 1105 1849 1133 est

529 1164 663 1192 creata
705 1156 865 1192 iusticia
903 1155 1106 1204 bipertita.
1161 1155 1340 1191 Primum
1388 1156 1615 1192 membrum
1663 1164 1720 1191 est
1765 1157 1906 1192 De015

528 1213 704 1250 tribuere
729 1215 838 1262 quod
871 1222 928 1250 est
957 1227 1088 1260 suum,
1115 1222 1151 1250 et
1173 1215 1395 1250 secundum
1430 1214 1657 1250 membrum
1693 1221 1750 1249 est
1784 1214 1850 1249 de-

528 1272 706 1308 siderare
739 1280 968 1320 competere
1002 1280 1183 1308 creature
1216 1273 1323 1320 quod
1370 1284 1413 1308 ex
1445 1272 1531 1319 lege
1564 1271 1699 1308 divina
1733 1272 1850 1307 debet

528 1331 694 1376 habere3
741 1339 777 1366 et
823 1330 930 1366 istud
975 1330 1125 1367 iustum
1172 1330 1418 1366 desiderium
1466 1329 1561 1365 facit
1593 1329 1739 1371 iustos:
1772 1341 1846 1365 nec

528 1388 694 1424 dubium
730 1387 825 1436 quin
862 1387 1011 1425 esurire
1045 1397 1081 1424 et
1115 1388 1226 1424 sitire
1259 1387 1458 1424 iusticiam
1492 1387 1687 1435 importat
1721 1387 1847 1423 multa

530 1446 663 1482 multis
696 1446 945 1483 abscondita.
979 1448 1079 1483 Nam
1107 1446 1256 1483 esurire
1280 1455 1316 1482 et
1340 1445 1449 1482 sitire
1474 1445 1613 1481 dicunt
1633 1446 1846 1482 vehemen-
1866 1460 1907 1482 20

529 1504 630 1540 ciam
667 1504 852 1552 corporei
886 1504 1103 1552 appetitus,
1149 1504 1205 1540 sic
1239 1505 1347 1552 quod
1394 1503 1545 1540 esurire
1591 1503 1774 1540 consistit
1806 1502 1847 1539 in

529 1562 712 1610 appetitu
752 1562 871 1598 calidi
904 1571 942 1598 et
975 1562 1083 1610 sicci,
1130 1562 1240 1598 sitire
1274 1575 1368 1598 vero
1414 1562 1454 1598 in
1499 1561 1683 1609 appetitu
1727 1560 1846 1598 calidi

529 1630 566 1656 et
599 1620 775 1667 humidi3
810 1629 846 1656 et
879 1633 949 1668 per
982 1622 1058 1657 hoc
1104 1622 1296 1657 docemur
1341 1621 1449 1668 quod
1484 1619 1666 1656 homines
1701 1621 1846 1656 debent

529 1678 791 1715 effectualiter
830 1687 1021 1726 appetere
1065 1678 1223 1714 iusticie
1257 1678 1614 1726 complementum,
1648 1677 1705 1713 sic
1739 1678 1847 1725 quod

530 1750 603 1785 pro
638 1736 916 1784 complecione
949 1736 1055 1772 illius
1101 1736 1258 1773 iusticie
1293 1735 1476 1772 homines
1512 1736 1658 1771 debent
1690 1735 1774 1783 pati
1808 1735 1848 1770 in
1865 1740 1904 1771 25

531 1807 713 1842 corpore,
748 1803 790 1830 ut
839 1803 948 1842 patet
993 1796 1041 1830 de
1087 1794 1221 1830 multis
1255 1794 1367 1841 penis
1402 1793 1609 1841 corporeis
1642 1806 1741 1842 quas
1777 1793 1847 1828 ho-

533 1853 658 1888 mines
703 1854 847 1888 debent
893 1852 1026 1888 subire
1071 1865 1143 1900 pro
1189 1852 1348 1888 iusticia
1393 1851 1671 1899 adimplenda3
1713 1859 1750 1887 et
1790 1850 1847 1886 illi

532 1911 719 1947 dicuntur
763 1910 872 1946 sitire
917 1910 1115 1946 iusticiam
1162 1910 1231 1958 qui
1277 1909 1511 1957 sanguinem
1560 1922 1674 1945 suum
1709 1909 1848 1945 volunt

533 1968 739 2005 effundere
773 1977 1026 2004 remanentes
1073 1968 1265 2004 sitibundi
1310 1968 1349 2003 in
1384 1980 1554 2015 corpore
1587 1980 1661 2014 pro
1693 1966 1849 2003 iusticie

533 2026 835 2074 complimento.
872 2029 919 2062 Et
953 2039 1033 2062 non
1067 2027 1232 2062 dubium
1259 2026 1356 2074 quin
1380 2025 1437 2061 illi
1462 2024 1530 2072 qui
1553 2025 1715 2061 racione
1748 2026 1848 2060 duce
1867 2031 1908 2062 30

532 2085 587 2121 sic
620 2084 799 2121 esuriunt
832 2093 868 2120 et
913 2084 1058 2120 siciunt
1103 2084 1301 2120 iusticiam
1350 2092 1480 2120 stante
1513 2084 1690 2131 perfecta
1723 2083 1849 2119 conti-

533 2142 731 2178 nuacione
776 2151 890 2178 erunt
930 2143 970 2178 in
1008 2142 1256 2179 beatitudine
1295 2141 1483 2187 saturati3
1523 2142 1631 2188 quod
1663 2142 1850 2189 sperabat

534 2200 759 2246 Psalmista,
809 2213 897 2236 cum
946 2200 1041 2235 dixit
1075 2201 1233 2236 Psalmo
1278 2202 1375 2247 XVI,
1416 2199 1484 2235 15:
1531 2199 1729 2245 Saciabor,
1763 2211 1847 2234 cum

534 2259 762 2307 apparuerit
783 2258 916 2309 gloria
947 2265 1023 2293 tua.
1059 2260 1106 2294 Et
1140 2258 1206 2295 illa
1239 2257 1413 2295 saciacio
1447 2256 1629 2292 consistit
1662 2256 1701 2292 in
1735 2256 1849 2292 bonis

534 2316 810 2363 spiritualibus
844 2315 1102 2352 beatitudinis
1133 2329 1210 2364 que
1243 2316 1397 2353 saciant
1429 2314 1584 2351 animas
1618 2316 1906 2360 beatorum335

536 2383 572 2409 et
605 2374 644 2410 in
677 2374 751 2410 ista
785 2374 913 2410 esurie
959 2382 996 2410 et
1029 2374 1093 2410 siti
1134 2375 1182 2410 sit
1228 2375 1379 2410 candor
1421 2372 1598 2409 vindicte
1631 2381 1668 2409 et
1700 2372 1848 2409 invidie

536 2432 804 2479 expellendus,
849 2445 898 2469 ne
943 2432 1065 2468 homo
1111 2441 1275 2480 appetat
1318 2439 1484 2480 propter
1526 2431 1744 2467 vindictam
1788 2430 1848 2467 vel

538 2490 687 2525 malum
735 2489 905 2537 proximi
952 2491 1023 2526 hec
1068 2490 1226 2538 impleri
1272 2491 1339 2526 sed
1374 2498 1541 2538 propter
1572 2501 1612 2525 se
1646 2488 1846 2524 iusticiam

536 2547 656 2583 divini
690 2547 944 2596 beneplaciti.
990 2550 1037 2583 Et
1070 2557 1165 2585 tunc
1198 2548 1400 2596 appetitus
1433 2556 1525 2583 sunt
1556 2559 1646 2584 vere
1678 2546 1771 2582 iusti
1805 2558 1849 2581 ex

536 2605 668 2641 divina
703 2605 858 2642 iusticia
894 2605 1141 2642 beatitudine
1174 2605 1432 2642 reformandi.
1863 2615 1908 2645 40

607 2796 634 2823 (j.
656 2798 683 2824 Λ
699 2797 727 2823 in
744 2805 858 2832 marg.:
878 2796 1045 2824 Jolmnnes.
1119 2805 1165 2830 24,
1181 2796 1222 2823 25.
1238 2798 1281 2824 A:
1303 2797 1551 2832 complementum
1568 2812 1596 2815 —
1613 2796 1733 2823 iusticie
1752 2796 1846 2822 deest.

538 2840 580 2866 27.
602 2834 650 2858 A:
668 2833 773 2858 volunt
791 2833 903 2858 subire.
1000 2832 1044 2867 37.
1066 2832 1103 2858 B:
1133 2833 1326 2866 expellenda.
1418 2831 1461 2859 38.
1485 2833 1528 2859 A:
1558 2831 1720 2865 compleri.-
1740 2830 1782 2857 ib.
1803 2831 1831 2857 A

532 2870 664 2902 propter
679 2875 738 2900 per
757 2875 799 2893 xe.
