2062 3327
101 410 182 454 357ιι

185 586 200 618 5

163 886 200 907 10

162 1165 197 1198 15

158 1466 199 1487 20

159 1746 197 1778 25

160 2316 202 2356 35

222 239 311 266 cAP.
333 228 428 285 xm]
721 241 862 273 PRIMA
888 241 1015 272 PARs.

219 355 284 384 aut
302 347 493 397 pupillum
517 355 582 383 aut
606 348 773 383 viduam.
807 348 893 384 Hec
924 348 1021 383 enim
1057 348 1325 383 misericordia
1358 355 1392 384 et
1425 349 1530 397 apud

220 406 308 442 illos
351 406 542 441 invenitur
575 406 810 454 frequenter
854 406 917 454 qui
958 418 1031 441 non
1076 413 1313 456 cognoscunt
1347 401 1351 458 Ι
1391 407 1527 442 Deum.

219 464 288 500 Ille
331 471 456 499 autem
502 475 591 499 vere
630 464 853 500 misericors
890 471 946 500 est
992 464 1054 512 qui
1092 464 1285 499 inimicum
1320 464 1528 513 proprium

219 522 425 558 miseretur
467 528 502 556 et
545 521 735 570 benefacit
779 521 812 557 ei
847 522 1055 558 secundum
1090 521 1192 570 quod
1228 522 1414 570 scriptum
1455 529 1531 558 est.-

218 580 381 630 Diligite
413 579 585 615 inimicos
617 587 779 626 vestros,
813 579 1022 627 benefacite
1053 580 1126 616 lziis
1154 579 1218 628 qui
1252 591 1319 615 vos
1351 580 1527 616 oderunt.

217 638 318 673 Nam
364 644 398 673 et
431 637 537 673 Deus
568 649 640 673 non
672 637 796 673 solum
835 649 953 686 super
977 645 1118 687 gratos
1144 637 1318 686 pluviam
1360 638 1426 673 dat
1465 645 1530 673 aut

215 696 333 731 solem
365 707 475 731 suum
507 695 606 730 iubet
643 695 743 731 oriri
776 696 845 731 sed
887 695 1006 731 eciam
1038 708 1156 744 super
1193 695 1384 745 ingratos.
1424 695 1531 732 Unde

217 761 251 789 et
288 753 340 789 ita
380 753 491 789 dicit:
533 753 669 789 Estote
707 753 991 800 misericordes,
1036 753 1132 789 sicut
1176 761 1210 789 et
1243 761 1360 802 pater
1404 761 1531 789 vester

216 811 363 847 celestis
401 810 623 847 misericors
666 818 731 847 est.
785 811 838 846 Et
883 823 973 847 vere
1015 811 1147 847 beatus
1190 818 1245 847 est
1292 811 1529 858 misericors,

216 869 393 917 quoniam
438 869 719 916 misericordia,
770 869 805 904 si
846 869 996 918 quidem
1042 881 1115 905 non
1159 869 1272 905 habet
1314 877 1528 918 peccatum,

215 927 317 976 quod
331 927 491 977 difficile
513 934 570 963 est
592 927 627 963 in
651 927 1049 977 hominibus-,proficit
1072 927 1131 962 illi
1149 927 1202 962 ad
1223 928 1528 964 additamentum

215 985 371 1031 iusticie,
414 985 558 1021 scilicet
597 986 649 1021 ad
686 985 948 1022 remissionem
989 985 1153 1034 peccati,
1191 986 1368 1034 quoniam
1402 993 1530 1034 potest

202 1043 446 1093 fiducialiter
478 1043 624 1079 dicere:
656 1043 817 1080 Dimitte
848 1043 942 1079 mihi
973 1043 1097 1080 debita
1129 1056 1226 1089 mea,
1259 1043 1356 1080 sicut
1388 1050 1423 1080 et
1455 1056 1527 1094 ego

216 1101 363 1137 dimitto
398 1101 631 1137 debitoribus
664 1101 767 1137 meis.

271 1158 438 1195 Videtur
490 1160 596 1196 hunc
648 1168 832 1196 sanctum
884 1159 1093 1196 intendere
1146 1161 1254 1208 quod
1306 1160 1429 1196 homo
1483 1172 1526 1196 ex

215 1216 490 1253 misericordia
512 1218 733 1254 secundum
757 1230 878 1266 quam
901 1217 1081 1267 sequitur
1106 1219 1233 1254 Deum
1256 1230 1371 1254 suum
1395 1226 1526 1266 potest

215 1275 427 1323 specialius
467 1283 505 1311 et
544 1275 770 1312 fiducialius
810 1275 942 1312 dicere
981 1276 1099 1312 istam
1134 1284 1288 1324 partem
1323 1275 1525 1312 oracionis

215 1332 415 1370 dominice
455 1342 492 1369 et
524 1346 594 1381 per
633 1346 880 1382 consequens
915 1347 937 1371 a
969 1346 1087 1371 sensu
1120 1333 1323 1370 contrario
1363 1346 1525 1370 conver-

213 1390 316 1427 tibili
339 1391 626 1428 immisericors
649 1392 709 1428 vel
731 1391 870 1428 odiens
894 1392 1103 1429 inimicum
1120 1400 1251 1440 potest
1270 1392 1525 1440 desperacius

215 1449 346 1486 dicere
379 1449 486 1486 istud
517 1450 697 1486 verbum.

1606 1163 1664 1191 On]

1568 1199 1660 1225 merci
1679 1199 1706 1225 ul
1727 1207 1783 1226 can

1575 1241 1629 1260 use
1650 1234 1700 1260 the
1720 1234 1783 1261 fisth

1554 1268 1681 1302 petition
1702 1269 1737 1295 of
1753 1269 1803 1295 the

1553 1303 1664 1330 Lord's
1685 1311 1805 1339 prayer.

1707 1164 1757 1191 the

1765 244 1811 276 41

272 1507 562 1544 Lincolniensis
591 1516 723 1544 autem
750 1508 790 1544 in
820 1509 997 1557 quodam
1024 1520 1208 1545 sermone
1239 1508 1294 1544 sic
1322 1508 1760 1556 loquitur2W11atmercy
1781 1512 1816 1539 is.

214 1566 486 1602 ffiIisericordia
525 1573 579 1603 est
618 1579 730 1602 amor
766 1567 845 1603 sive
884 1567 1060 1603 voluntas
1098 1567 1299 1603 relevandi
1342 1567 1524 1603 miserum

214 1637 235 1659 a
267 1636 336 1660 sua
369 1624 535 1660 miseria.
578 1626 626 1660 Et
658 1632 753 1660 tunc
787 1633 845 1661 est
877 1636 970 1661 vera
1003 1624 1294 1671 misericordia,
1329 1637 1418 1661 curn
1454 1626 1527 1662 hec

213 1682 398 1718 voluntas
442 1691 523 1718 tam
563 1681 721 1719 intensa
760 1682 878 1719 fuerit
923 1684 1031 1731 quod
1070 1683 1287 1731 compellat
1324 1683 1526 1720 volentem

215 1752 330 1776 suum
369 1740 469 1776 velle
507 1740 547 1776 in
581 1748 715 1777 actum
750 1742 972 1788 producere
1005 1740 1037 1777 si
1077 1740 1217 1789 possit,
1259 1742 1336 1778 hoc
1374 1749 1444 1787 est,
1485 1750 1528 1778 ut

216 1798 432 1845 compellat
471 1797 551 1834 sive
591 1798 804 1835 necessitet
843 1811 932 1835 eum
972 1812 993 1835 a
1034 1798 1194 1835 miseria
1239 1812 1310 1836 sua
1351 1799 1527 1836 relevare

216 1855 406 1892 miserum
439 1855 470 1892 si
504 1856 643 1904 possit.
688 1857 827 1893 Talem
868 1865 1001 1893 autem
1035 1857 1282 1893 voluntatem
1323 1858 1529 1894 relevandi

217 1913 407 1950 miserum
442 1927 463 1950 a
497 1914 660 1951 miseria
693 1914 733 1951 in
766 1915 928 1951 homine
968 1915 1120 1951 viatore
1160 1915 1379 1952 comitatur
1413 1916 1529 1952 dolor

216 1980 253 2007 et
291 1971 520 2020 compassio
569 1974 616 2009 de
657 1972 792 2009 miseri
832 1973 1006 2010 miseria.
1061 1974 1175 2010 Unde
1216 1986 1237 2010 a
1281 1973 1528 2022 proprietate

217 2029 435 2066 comitante
468 2030 524 2067 sic
557 2031 657 2067 solet
690 2030 875 2068 diffiniri:
909 2031 1187 2068 Misericordia
1220 2040 1276 2068 est
1301 2031 1528 2080 compassio

218 2087 375 2124 miserie
399 2101 477 2136 qua
510 2088 649 2137 utique
682 2089 715 2125 si
738 2102 953 2137 possumus
985 2089 1197 2126 subvenire
1231 2090 1525 2137 compellimur.

216 2145 330 2182 Prior
346 2145 450 2182 enim
471 2146 663 2183 diffinicio
683 2147 808 2195 magis
822 2147 1101 2184 substancialis
1117 2156 1174 2184 est
1189 2156 1226 2184 et
1245 2147 1428 2185 convenit
1445 2150 1528 2184 Deo

216 2213 253 2240 et
277 2203 402 2240 eciam
427 2204 637 2241 celestibus
659 2205 877 2253 spiritibus.
908 2207 1092 2242 Secunda
1116 2218 1208 2242 vero
1232 2205 1426 2242 diffinicio
1460 2206 1528 2242 ho-

216 2261 313 2297 mini
328 2261 472 2298 viatori
497 2262 695 2309 convenit,
720 2265 803 2300 Deo
819 2272 952 2300 autem
969 2272 1005 2300 et
1021 2263 1203 2311 supernis
1221 2263 1432 2300 virtutibus
1447 2277 1529 2300 non

215 2319 400 2356 convenit
422 2320 536 2356 dolor
559 2329 595 2357 et
619 2320 845 2369 compassio
868 2321 943 2357 nisi
967 2321 1200 2358 metaforice
1223 2330 1434 2358 sumantur
1456 2322 1528 2359 hec

214 2377 380 2414 nomina
404 2386 441 2414 et
465 2377 654 2426 equivoce
678 2379 863 2415 dicantur
885 2381 932 2416 de
954 2379 1031 2415 illis
1055 2388 1092 2415 et
1114 2379 1240 2416 nobis.
1272 2381 1371 2417 Cum
1392 2380 1528 2428 itaque

218 2435 491 2472 misericordia
524 2436 573 2472 sit
606 2449 720 2473 amor
753 2437 955 2474 relevandi
988 2437 1180 2474 miserum
1206 2450 1227 2474 a
1251 2451 1321 2474 sua
1352 2437 1526 2484 miseria,

286 2592 309 2620 5.
331 2593 374 2620 A:
396 2593 439 2620 eis
458 2593 519 2628 qui.
628 2601 657 2626 9.
678 2594 723 2620 A:
744 2594 864 2621 celestis
884 2594 986 2627 deest3
1014 2595 1042 2621 A
1070 2595 1099 2621 in
1129 2602 1225 2629 marg.
1254 2595 1354 2629 addit;
1386 2595 1416 2622 in
1444 2599 1526 2622 textu

217 2627 356 2663 Chryst.:
380 2627 483 2655 beatus
502 2631 547 2655 est
566 2628 617 2654 ille
637 2628 719 2655 talis.
817 2627 855 2655 13.
878 2628 996 2656 Codd.:
1018 2632 1047 2656 et
1066 2629 1160 2656 deest.
1253 2630 1288 2657 15.
1310 2631 1339 2657 A
1359 2629 1389 2657 in
1411 2638 1526 2664 marga

215 2661 379 2689 lohannes.
477 2662 518 2689 16.
540 2664 585 2689 A:
607 2662 805 2690 77zisericordz'
822 2663 907 2690 servi
925 2671 995 2698 qua.
1099 2671 1137 2691 21.
1160 2665 1187 2691 A
1207 2664 1237 2691 in
1259 2673 1373 2700 marg:
1395 2663 1525 2700 Lyncol-

216 2697 337 2724 niensis.
410 2704 452 2724 22.
474 2697 496 2724 B
517 2697 547 2724 in
569 2705 683 2732 marg:
705 2697 866 2734 Diffinicio
886 2698 1110 2726 misericordie.

285 2768 317 2800 6.
344 2769 458 2800 Lucae
483 2769 540 2809 VI,
568 2779 621 2811 27.
719 2780 749 2811 7.
778 2770 892 2801 Lucae
919 2770 974 2809 VI,
1004 2769 1056 2802 36.
1165 2772 1214 2803 13.
1241 2771 1360 2802 Matth.
1388 2771 1444 2811 Vl,
1477 2781 1526 2802 12.

218 2824 270 2845 21.
299 2815 376 2853 Que
407 2815 461 2846 hic
488 2823 651 2847 secuntur
682 2826 794 2857 usque
828 2817 869 2847 ad
904 2827 976 2858 cap.
1002 2817 1089 2848 XlV.
1130 2817 1385 2848 Lincolniensis
1422 2817 1527 2849 verba

217 2871 292 2891 esse
318 2861 494 2900 videntur;
523 2862 582 2892 sed
610 2868 740 2893 certum
767 2873 837 2893 non
863 2862 986 2893 habeo.
