2003 3322
149 225 168 250 ιο

176 228 199 260 ,μ

208 225 226 250 [Q

847 224 964 255 OPUS
989 223 1325 255 EVANGELICUM
1577 211 1683 265 [CAP.
1703 221 1740 248 11.

436 330 655 380 intelligens
688 331 796 366 vanis
829 330 1131 381 cogitacionibus
1162 331 1404 366 contradixit
1435 338 1469 367 et
1494 331 1633 380 repulit
1656 343 1742 367 con-

438 389 565 425 cilium
606 389 747 434 carnis,
793 389 858 424 ille
890 396 1059 437 propter
1096 388 1267 424 homines
1295 388 1443 436 fecisse
1474 400 1545 425 non
1579 389 1743 435 videtur,

438 447 524 495 quia
563 447 771 482 secundum
813 459 968 482 carnem
1008 447 1158 494 quidem
1199 447 1333 491 voluit,
1377 447 1584 483 secundum
1618 454 1743 482 autem

438 504 605 541 animam
645 505 765 540 noluit
803 512 837 540 et
868 505 971 553 quod
1002 504 1187 554 cogitavit
1215 506 1346 553 passio
1378 505 1508 540 carnis
1540 512 1607 551 est,
1647 506 1747 553 quod

439 563 555 612 elegit
595 563 773 598 iudicium
813 563 950 598 anime.
1001 562 1100 598 Nam
1128 570 1297 610 propter
1329 575 1466 598 vanam
1501 562 1629 598 carnis
1660 565 1779 598 con-5

440 621 718 670 cupiscenciam
759 620 921 657 dicimus
957 620 1202 656 elemosinam
1234 621 1388 668 factam
1422 632 1502 656 esse
1534 622 1746 671 ingratam,

441 679 587 715 nullum
622 679 759 714 bonum
784 678 949 714 hominis
975 685 1103 727 potest
1134 690 1214 713 esse
1243 679 1475 727 acceptabile
1498 686 1584 715 ante
1606 679 1746 722 Deum,

441 750 524 773 cum
558 736 704 772 nullum
738 737 874 772 bonum
909 736 1027 772 libere
1049 737 1162 771 homo
1176 736 1318 784 facere
1336 744 1475 785 potest,
1508 737 1576 772 sed
1597 748 1750 786 semper

441 802 575 831 contra
622 792 746 830 malas
792 794 1123 843 concupiscencias
1166 794 1296 830 carnis
1334 796 1519 830 certando
1548 794 1750 843 faciamus

443 854 592 889 bonum.
641 853 736 896 Quis
773 860 898 888 autem
939 859 994 888 est
1026 852 1138 887 homo
1170 852 1328 888 castus?
1370 852 1553 901 numquid
1583 853 1648 901 qui
1678 864 1749 887 non
1769 865 1808 886 10

444 910 706 959 concupiscit?
744 910 853 946 Absit
889 911 958 946 sed
995 910 1059 958 qui
1095 910 1443 960 concupiscenciam
1483 910 1607 946 vincit.
1656 910 1751 954 Quis

444 977 499 1005 est
538 968 790 1005 mansuetus?
832 968 1031 1016 Numquid
1069 968 1133 1016 qui
1168 981 1241 1005 non
1280 968 1493 1005 irascitur?
1535 968 1641 1004 Absit
1685 968 1752 1003 sed

446 1027 510 1075 qui
541 1027 715 1075 refrenat
747 1026 988 1062 iracundiam
1017 1038 1140 1061 suam.
1174 1027 1237 1063 Sic
1259 1038 1331 1062 non
1356 1027 1421 1063 ille
1437 1034 1604 1075 propter
1625 1027 1750 1062 Deum

447 1085 600 1121 videtur
632 1085 775 1133 facere
818 1084 1077 1131 elemosinam,
1123 1085 1187 1133 qui
1222 1084 1429 1120 humanam
1468 1084 1639 1134 gloriam
1679 1095 1751 1119 non

447 1143 677 1191 concupiscit
728 1143 796 1178 sed
846 1142 911 1191 qui
951 1143 1157 1179 humanam
1203 1142 1373 1193 gloriam
1424 1143 1549 1178 anime
1598 1143 1809 1178 contra—15

176 1203 236 1230 We
257 1208 341 1242 must
362 1206 415 1228 not
449 1201 617 1237 diccione
660 1201 888 1250 confringit.
943 1200 1120 1248 Alioquin
1154 1201 1189 1236 in
1235 1201 1339 1237 omni
1381 1213 1496 1249 opere
1539 1201 1635 1236 bono
1679 1212 1751 1235 non

160 1237 631 1310 dgfflsaffogff'gmhabemug
669 1259 885 1294 mercedem
924 1259 998 1294 nisi
1034 1259 1147 1294 malis
1184 1259 1393 1295 contrariis
1431 1270 1647 1308 urgeamur
1679 1270 1755 1307 per

185 1307 417 1369 ofshgzffigeggn
449 1329 618 1354 carnem.
664 1317 706 1352 In
755 1317 862 1352 omni
903 1317 1001 1352 enim
1047 1327 1163 1366 opere
1206 1317 1302 1353 bono
1346 1316 1571 1352 scandalum
1613 1315 1757 1351 diaboli

190 1376 304 1424 painted
325 1376 398 1423 xvi-tl)
449 1375 725 1425 iuxtapositum
754 1382 823 1418 est,
855 1375 952 1410 sicut
983 1375 1169 1424 scriptum
1200 1383 1255 1411 est
1289 1376 1335 1411 de
1365 1374 1607 1410 demonibus:
1638 1374 1753 1409 quta

169 1419 277 1447 wrong
297 1415 421 1438 mome.
448 1433 622 1470 semitam
655 1433 881 1468 scandalum
910 1441 1122 1482 posuerunt
1155 1432 1260 1480 milti,
1294 1440 1333 1468 ut
1365 1433 1487 1482 ipsum
1521 1433 1657 1468 bonum
1682 1443 1754 1467 non
1772 1444 1813 1464 20

449 1492 497 1528 sit
528 1503 706 1527 securum
741 1498 773 1527 et
807 1491 930 1527 solum
963 1491 1032 1527 sed
1064 1491 1173 1527 iuxta
1207 1491 1350 1527 malum
1380 1490 1563 1540 positum,
1603 1501 1756 1539 semper

450 1557 674 1598 temptatum
714 1549 761 1585 sit
800 1556 834 1584 et
860 1549 1082 1598 probatum.
1129 1549 1234 1585 Sicut
1266 1549 1362 1584 enim
1398 1548 1605 1597 ubicunque
1627 1547 1756 1596 suerit

450 1608 635 1653 triticum,
668 1618 818 1643 necesse
850 1615 904 1643 est
937 1614 975 1642 ut
998 1607 1215 1643 inveniatur
1247 1614 1280 1643 et
1313 1607 1391 1642 illic
1423 1607 1612 1659 ῖὶζαηηία,
1645 1605 1699 1641 sic
1721 1612 1755 1641 et

451 1666 660 1713 ubicunque
681 1665 811 1713 fuerit
844 1666 981 1701 bonum
1013 1665 1098 1709 Dei,
1131 1665 1208 1701 illic
1241 1665 1312 1701 erit
1344 1665 1569 1700 scandalum
1604 1663 1754 1699 inimici.

457 1723 561 1767 Quid
592 1723 715 1772 igitur
743 1723 985 1772 proposuisti
1005 1724 1148 1771 facere
1180 1723 1457 1759 elemosinam?
1490 1723 1567 1758 Sed
1588 1721 1755 1758 ascendit
1774 1723 1813 1754 25

451 1794 570 1830 super
601 1793 670 1817 cor
701 1788 806 1816 tuum
831 1781 928 1817 velle
951 1780 1166 1817 hominibus
1188 1792 1391 1830 apparere.
1428 1780 1624 1829 Numquid
1647 1780 1758 1815 debes

450 1840 678 1876 subtrahere
709 1851 863 1874 manum
887 1846 990 1874 tuam
1016 1846 1054 1874 ut
1077 1851 1121 1874 ne
1144 1840 1210 1875 des
1232 1839 1355 1874 locuni
1390 1851 1485 1874 vane
1516 1837 1759 1889 cogitacioni‚

453 1898 581 1934 dicens
612 1898 716 1946 apud
745 1904 799 1933 te:
832 1897 973 1933 Melius
1005 1904 1059 1932 est
1091 1898 1330 1946 nonfacere
1364 1897 1516 1943 bonum,
1545 1908 1590 1932 ne
1612 1902 1757 1931 tantum

453 1955 627 1991 inveniar
651 1967 777 2004 prope
811 1955 981 1991 homines
1002 1955 1174 2003 facere?
1205 1954 1316 1990 Absit
1348 1955 1416 1990 sed
1443 1954 1634 2004 perficere
1666 1965 1760 2002 opus

453 2022 572 2057 tuum,
606 2025 651 2049 ne
684 2013 772 2049 dum
806 2013 861 2049 vis
889 2012 1122 2063 cogitacioni
1152 2025 1248 2048 vane
1280 2012 1460 2048 resistere
1487 2012 1635 2061 perdas
1666 2023 1762 2060 opus
1777 2012 1819 2044 30

454 2079 571 2107 tuum.
614 2071 745 2106 Veniat
778 2071 845 2106 tibi
875 2071 911 2106 in
945 2078 1106 2106 mentem
1141 2071 1242 2118 quod
1274 2070 1452 2106 dominus
1483 2070 1534 2106 ait
1568 2069 1695 2105 tritico
1727 2076 1761 2105 et

452 2129 658 2181 :siqanniis-
702 2129 821 2165 Sinite
859 2136 1020 2177 utraque
1059 2140 1232 2165 crescere
1270 2140 1387 2177 usque
1418 2128 1469 2163 ad
1500 2139 1673 2174 messem,
1718 2139 1763 2163 ne

455 2187 698 2223 eradicantes
729 2187 904 2240 {iqannia
936 2187 1140 2223 eradicetis
1162 2187 1278 2222 simul
1298 2194 1333 2222 et
1355 2186 1537 2222 triticum.
1578 2185 1761 2221 Triticum

455 2253 509 2280 est
549 2245 726 2280 voluntas
764 2245 861 2280 bona
899 2257 1011 2293 quam
1050 2245 1251 2280 seminavit
1282 2245 1391 2280 Deus
1428 2244 1463 2279 in
1503 2243 1665 2289 lzomine,
1708 2242 1762 2295 :fi-

455 2303 593 2355 :fannia
633 2310 687 2338 est
726 2303 916 2353 cogitacio
955 2303 1057 2338 mala
1096 2314 1207 2351 quam
1249 2302 1424 2338 diabolus
1460 2301 1662 2338 seminavit
1688 2313 1764 2350 per
1779 2300 1818 2334 35

457 2372 625 2397 carnem.
682 2359 776 2396 Cum
816 2373 913 2411 ergo
952 2361 1055 2396 omni
1093 2360 1281 2396 voluntati
1317 2360 1411 2396 bone
1447 2360 1633 2395 adhereat
1666 2358 1762 2394 desi-

458 2418 607 2454 derium
641 2419 800 2464 malum,
833 2419 867 2454 si
898 2419 1066 2454 volueris
1097 2418 1240 2454 malam
1275 2417 1551 2468 cogitacionem
1586 2424 1689 2452 tuam
1713 2416 1765 2452 ad

452 2476 609 2525 plenum
649 2476 786 2512 tollere
822 2476 936 2512 simul
968 2477 1073 2512 tollis
1105 2484 1139 2512 et
1171 2488 1265 2525 opus
1297 2476 1457 2521 bonum;
1499 2487 1585 2511 nam
1619 2482 1653 2511 et
1685 2474 1765 2524 ipse

459 2533 633 2570 diabolus
656 2546 738 2570 cum
763 2535 921 2571 concilio
944 2534 1144 2571 seminavit
1175 2534 1391 2586 {izannium
1425 2546 1534 2570 suum
1568 2533 1603 2569 in
1636 2532 1765 2568 tritico

531 2696 550 2723 1,
571 2696 596 2715 2.
618 2689 660 2716 A:
693 2687 826 2715 ocilium.
929 2688 956 2715 8.
978 2688 1005 2715 A
1026 2688 1055 2715 in
1078 2695 1190 2723 marg:
1224 2687 1313 2715 Nola.
1414 2694 1453 2714 21.
1474 2686 1579 2714 Recte:
1611 2686 1641 2713 si
1657 2685 1765 2713 solum.

459 2730 504 2750 20.
519 2724 561 2750 A:
577 2723 653 2749 mihi
668 2723 761 2750 deest.
835 2722 877 2750 25.
893 2723 936 2750 A.
953 2723 1050 2784 intere
1075 2722 1192 2762 ositisti.
1217 2757 1220 2761 ³
1266 2729 1311 2757 29.
1329 2722 1366 2749 B:
1380 2720 1503 2757 persice.
1576 2719 1621 2748 38.
1638 2720 1675 2747 B:
1690 2727 1767 2755 opus=

459 2760 551 2785 tuum.
624 2757 671 2792 39.
693 2758 731 2785 B:
753 2766 788 2785 eo
808 2758 957 2791 constlto;
977 2766 984 2784 1
1011 2778 1016 2783 .
1072 2767 1076 2784 :
1099 2764 1271 2793 zzzannzam
1290 2765 1386 2783 suum.

534 2841 582 2873 m.
610 2831 736 2863 psalm.
764 2831 941 2871 CXXXIX,
968 2829 999 2863 (3.
1098 2832 1150 2863 32.
1179 2829 1296 2861 Matth.
1321 2830 1408 2870 XIII,
1436 2830 1489 2862 30.
