2003 3322
166 239 247 275 266
872 249 990 280 opus
1016 248 1350 280 EVANGELICUM
1567 237 1673 292 [CAP.
1695 247 1762 275 vn.

206 368 331 396 prayers
351 360 401 387 the
457 354 585 402 magis
624 366 836 402 pauperes,
883 354 974 392 Scio
1013 355 1175 403 quidem
1216 356 1325 403 quod
1371 355 1553 392 moderni
1603 364 1764 404 satrape

163 396 358 478 Theybaeitlieegre
378 442 443 469 that
457 411 688 449 innituntur
720 411 785 449 isti
820 422 1076 449 monstruoso
1109 412 1321 461 principio,
1362 426 1453 449 cum
1487 413 1624 450 oracio
1657 414 1764 450 bona

186 477 299 516 ‘Chri-st
319 481 410 512 spent
458 472 506 507 de
538 479 690 519 quanto
724 479 781 507 est
814 470 971 518 longior
998 470 1078 507 sive
1102 470 1295 518 prolixior
1319 472 1366 507 de
1388 480 1500 508 tanto
1525 480 1583 507 est
1606 471 1762 517 melior,

164 512 307 593 ⁰¹l{¹y¹tt¹h¹¹e
321 520 441 584 {2³:33¹
457 529 675 576 allegantes
708 529 806 565 illud
840 528 1033 576 evangelii
1066 530 1174 576 quod
1204 528 1386 565 Christus
1418 529 1490 565 fuit
1523 538 1764 577 pernoctans

173 593 237 620 rule
257 601 302 619 we
323 592 433 619 should
456 585 496 621 in
529 586 731 623 oracione.
767 588 845 623 Sed
877 585 1006 622 sciant
1037 586 1101 622 isti
1135 586 1249 623 deliri
1281 588 1387 635 quod
1420 588 1496 623 hoc
1520 586 1797 635 principium5

187 627 419 690 xffi‘t'h‘gsstdfssffi,
458 645 573 680 debet
608 657 651 681 ex
675 644 822 681 Christi
855 643 1061 692 sapiencia
1092 644 1292 681 moderari
1316 657 1404 680 cum
1430 657 1554 693 opera
1576 644 1764 681 oracione

457 701 525 738 tali
560 703 728 740 meliora
760 714 920 738 necesse
944 701 993 738 sit
1015 701 1078 738 hic
1102 715 1124 738 a
1146 701 1365 739 viatoribus
1390 702 1474 738 fieri
1498 702 1538 738 in
1562 715 1762 740 mensura.

457 761 537 796 Nec
575 761 678 797 valet
716 760 908 809 probacio
948 773 1026 808 qua
1066 760 1313 807 evangelium
1357 759 1452 796 dicit
1486 760 1691 797 Christum
1724 760 1765 797 in

454 818 710 855 oracionibus
744 826 993 866 pernoctare,
1029 817 1121 866 quia
1154 817 1210 854 sic
1244 817 1339 854 dicit
1372 818 1620 866 evangelium
1655 820 1763 867 quod

456 875 639 912 Christus
678 875 871 913 ieiunavit
910 875 1179 923 quadraginta
1217 875 1356 912 diebus
1390 884 1427 912 et
1459 875 1646 912 noctibus
1679 876 1763 912 sine
1783 890 1821 910 10

455 933 544 970 cibo
582 935 643 971 vel
681 943 791 982 potu.
837 933 1043 982 Numquid
1082 946 1154 970 nos
1189 934 1380 970 debemus
1414 933 1574 971 Christo
1607 933 1647 969 in
1678 933 1763 970 istis

454 1001 668 1040 propterea
692 991 907 1041 coequari?
939 991 1123 1039 Apostoli
1155 991 1384 1028 nescierunt
1416 991 1534 1028 istam
1558 992 1761 1040 sequelam

455 1049 617 1086 Domini
661 1062 733 1087 nec
781 1050 821 1086 in
865 1049 1052 1086 oracione
1096 1061 1170 1086 nec
1215 1049 1254 1085 in
1294 1049 1460 1086 ieiunio.
1517 1051 1603 1096 Que
1642 1049 1764 1098 igitur

455 1107 631 1144 stulticia
663 1108 765 1144 foret
797 1120 871 1144 nos
902 1107 1064 1155 ignaros
1099 1107 1346 1144 dimittentes
1378 1108 1577 1144 salubrius
1606 1116 1763 1144 tantum

457 1164 497 1201 in
532 1165 658 1214 magis
693 1166 824 1202 inutili
856 1165 1092 1202 immorari?
1125 1167 1173 1201 Et
1205 1164 1312 1202 istud
1344 1178 1508 1213 germen
1543 1165 1692 1202 diaboli
1725 1165 1820 1201 in15

457 1222 624 1260 ecclesia
668 1223 877 1272 patencius
921 1223 1099 1270 inolevit,
1138 1225 1304 1271 quando
1348 1223 1510 1272 quidem
1555 1236 1660 1272 papa
1707 1224 1766 1269 (ut

164 1286 230 1313 Evil
252 1286 391 1324 example
411 1281 592 1323 offertur)
632 1281 852 1318 construxit
884 1281 1115 1318 oracionem
1151 1283 1309 1318 brevem
1338 1294 1485 1318 novam
1510 1290 1547 1318 et
1570 1280 1765 1318 concessit

176 1321 258 1356 Pope
278 1320 432 1348 Bomfacc.
456 1340 536 1375 duo
570 1339 695 1376 millia
727 1352 925 1378 annorum
958 1339 1086 1387 ipsam
1120 1348 1228 1376 certo
1264 1341 1384 1376 modo
1414 1339 1637 1376 dicentibus
1671 1341 1764 1375 dum

454 1397 624 1433 confessi
664 1397 811 1434 fuerint
850 1406 887 1434 et
926 1397 1088 1434 contriti
1129 1406 1166 1434 et
1203 1397 1388 1434 vendicat
1426 1399 1535 1446 quod
1574 1397 1678 1434 istud
1717 1396 1765 1433 sit

454 1456 699 1492 credendum
724 1465 767 1491 ut
791 1455 889 1492 fides
917 1455 1126 1492 catholica.
1165 1457 1242 1492 Sed
1276 1468 1373 1503 rogo
1408 1468 1497 1492 cum
1530 1464 1607 1492 stat
1641 1455 1764 1491 eccle-
1781 1465 1823 1487 20

454 1512 637 1550 siasticos
666 1513 791 1549 eciam
818 1526 964 1561 papam
1000 1513 1039 1549 in
1068 1512 1142 1550 ista
1165 1513 1392 1561 prolixitate
1415 1512 1557 1549 orandi
1581 1512 1763 1558 deficere,

453 1583 530 1619 que
563 1570 767 1608 evidencia
801 1570 974 1608 racionis
1008 1572 1117 1619 quod
1149 1570 1189 1607 in
1222 1571 1297 1608 ista
1331 1570 1558 1619 prolixitate
1589 1583 1669 1607 non
1702 1583 1762 1606 ex-

454 1631 601 1665 cedunt
624 1629 801 1665 medium
825 1629 1062 1666 virtuosum.
1092 1629 1298 1677 Numquid
1323 1628 1432 1666 racio
1455 1629 1515 1665 vel
1539 1629 1763 1676 exemplum

454 1695 616 1735 captum
642 1688 689 1724 ab
713 1687 905 1735 apostolis
929 1688 1004 1723 hoc
1028 1686 1255 1723 concludit?
1289 1687 1444 1723 Scimus
1468 1686 1630 1735 quidem
1656 1687 1763 1735 quod

455 1753 533 1781 stat
570 1758 696 1793 papas
736 1754 773 1781 et
812 1745 910 1782 alios
950 1744 1206 1781 canonizatos
1239 1746 1288 1781 ab
1322 1744 1489 1781 ecclesia
1521 1744 1561 1781 in
1594 1745 1670 1781 hoc
1703 1756 1764 1780 ex·
1780 1747 1819 1778 25

455 1815 567 1839 cessu
599 1802 832 1839 notabiliter
864 1802 1102 1851 peccavisse.
1137 1804 1228 1838 Non
1263 1811 1395 1839 autem
1431 1802 1701 1850 presumimus
1725 1802 1764 1838 in

456 1860 625 1897 materia
670 1870 752 1897 tam
796 1861 911 1897 nobis
957 1860 1144 1907 ambigua
1190 1860 1428 1908 regulariter
1473 1859 1647 1896 diffinire
1694 1861 1763 1896 sed

454 1931 578 1954 unum
623 1918 740 1955 nobis
784 1918 940 1955 videtur
991 1919 1099 1967 quod
1145 1918 1271 1966 magis
1317 1920 1508 1955 debemus
1556 1918 1763 1954 intendere

457 1978 560 2012 bone
592 1975 670 2012 vite
704 1986 740 2012 et
773 1976 898 2024 operi,
934 1985 970 2012 et
1003 1985 1099 2012 tunc
1123 1978 1228 2012 Deus
1260 1989 1332 2013 nos
1357 1975 1515 2013 docebit
1541 1976 1761 2012 secundum

455 2035 634 2082 regulam
660 2033 807 2070 Christi
841 2044 1035 2083 quantum
1068 2035 1257 2070 debemus
1290 2034 1329 2070 in
1353 2033 1610 2070 oracionibus
1633 2033 1764 2070 taliter
1780 2035 1821 2068 30

455 2092 677 2129 immorari.

188 2151 410 2188 chrysostom:
514 2150 784 2187 Crisostomus
835 2159 969 2187 autem
1022 2162 1142 2197 super
1189 2150 1264 2186 isto
1310 2157 1416 2185 textu
1462 2148 1518 2185 sic
1563 2147 1761 2196 loquitur:

192 2186 408 2256 Ttpgklgelagggn
464 2206 681 2254 Videamus,
721 2207 863 2256 inquit,
903 2221 998 2257 quos
1030 2215 1147 2244 orant
1177 2208 1342 2258 gentiles
1375 2215 1415 2243 ut
1445 2207 1612 2243 sciamus
1645 2218 1765 2255 quare

164 2256 509 2326 p{‡{}s{dbcffi²³g¹s³⁶sz‘c
544 2273 680 2309 orant;
717 2274 832 2302 orant
870 2267 1049 2302 demones
1087 2266 1152 2314 qui
1183 2265 1254 2301 etsi
1283 2265 1445 2300 audiunt
1476 2264 1660 2300 exaudiri
1690 2276 1763 2300 non

176 2326 309 2361 helpless
331 2325 428 2353 Gods.
451 2331 626 2373 possunt,
660 2337 747 2360 nam
783 2336 899 2372 neque
931 2324 1034 2359 mala
1062 2331 1246 2372 prestare
1268 2330 1431 2372 possunt
1454 2321 1820 2371 n1'sipermiserit35

454 2381 574 2427 Deus,
615 2389 803 2430 orantque
834 2394 949 2432 reges
981 2389 1175 2418 mortuos:
1211 2381 1358 2426 Jovem,
1392 2380 1633 2417 Mercurium
1666 2387 1762 2416 cete-

455 2451 594 2489 rosque
631 2452 795 2488 quorum
831 2440 992 2475 crimina
1025 2447 1112 2475 sunt
1145 2439 1416 2487 manifestiora
1449 2450 1561 2486 quam
1596 2437 1763 2482 nomina,

454 2497 517 2545 qui
567 2509 633 2533 nec
681 2497 715 2533 si
758 2497 928 2533 viverent
971 2498 1107 2533 saltem
1155 2504 1341 2546 poterant
1385 2497 1584 2532 adiuvare.
1640 2495 1765 2531 Orant

522 2662 547 2682 2.
563 2655 606 2682 A:
624 2654 732 2682 oracio
747 2654 804 2681 scit
818 2654 904 2689 (sic);
922 2654 959 2681 B:
975 2653 1084 2681 oracio
1099 2654 1147 2680 sit.
1220 2653 1244 2681 5.
1260 2654 1303 2680 A:
1320 2661 1379 2689 quo
1395 2652 1462 2680 hoc.
1538 2660 1579 2687 ιο,
1594 2660 1627 2679 11.
1649 2652 1691 2678 A:
1708 2659 1765 2687 que

453 2700 532 2727 cibo:
604 2708 637 2727 ιι.
659 2701 703 2727 A:
725 2708 786 2727 non
807 2700 957 2727 debemus.
1039 2707 1085 2727 20.
1108 2699 1224 2728 Codd.:
1247 2698 1405 2726 creditum.
1485 2697 1528 2725 32.
1549 2699 1578 2726 A
1597 2698 1627 2726 in
1649 2705 1762 2732 marg:

454 2734 670 2763 Crisostomus.
742 2734 789 2769 34.
803 2735 848 2762 A:
869 2734 1048 2762 audiuntur.
1121 2734 1167 2762 36.
1188 2735 1232 2761 A:
1253 2741 1346 2768 reges
1365 2733 1454 2760 enim.

528 2806 578 2838 16.
620 2806 785 2838 Boniface
822 2806 915 2845 V111;
960 2816 1017 2837 see
1050 2806 1107 2839 Dr.
1134 2805 1269 2837 Todd's
1312 2811 1394 2836 note
1436 2805 1469 2836 in
1507 2804 1671 2847 Apology
1714 2804 1767 2835 for

456 2853 626 2897 LollardS‚
653 2863 686 2899 p.
719 2862 794 2884 122.
891 2854 943 2886 32.
969 2852 1036 2897 Op.
1064 2852 1160 2895 Imp.‚
1188 2851 1207 2883 l.
1236 2862 1263 2883 c.
1290 2862 1322 2894 p.
1349 2850 1425 2895 809.
