2003 3322
206 948 427 975 Chrvsostom:

179 982 246 1010 The
270 979 350 1018 fignt
373 983 453 1010 haud

891 258 1008 290 opos
1034 258 1369 291 EVANGELICUM
1603 245 1708 303 [CAP.
1728 256 1781 283 1v.

471 365 686 413 giliumque
729 376 860 400 rerum
906 376 1041 400 amore
1085 365 1305 401 obnubilet?
1351 366 1407 401 Sit
1445 378 1543 415 ergo
1576 366 1782 402 elemosina

471 430 534 457 tua
580 422 615 457 in
660 422 896 465 abscondito,
941 430 975 458 et
1019 430 1135 471 pater
1177 431 1265 458 tuus
1303 423 1368 471 qui
1405 423 1506 459 videt
1553 424 1588 459 in
1635 424 1783 459 occulto

471 480 607 516 reddet
630 480 708 517 tibi.
744 480 970 516 Rectissime
992 492 1089 530 ergo
1114 481 1267 516 omnino
1300 489 1332 517 et
1368 481 1576 519 verissime.
1612 481 1656 516 Si
1685 481 1781 517 enim

466 538 661 586 premium
686 538 731 573 ab
755 550 797 573 eo
821 545 1005 586 expectas
1028 538 1092 586 qui
1112 539 1342 574 consciencie
1365 539 1469 575 solus
1491 547 1523 574 et
1549 551 1663 575 verus
1677 540 1783 575 testis

471 603 505 630 et
543 596 738 644 inspector
775 603 842 641 est,
887 595 1033 645 sufficit
1072 596 1140 631 tibi
1174 597 1226 631 ad
1253 598 1558 645 promerendun·z
1588 597 1815 645 premium5

471 654 554 702 ipsa
587 653 834 689 consciencia.
869 654 995 689 thlta
1029 654 1147 689 latina
1180 654 1423 703 exemplaria
1455 655 1510 690 sic
1542 655 1701 690 liabent:
1731 655 1784 690 Et

465 719 582 760 pater
614 718 701 747 tuus
732 712 796 758 qui
827 711 928 746 videt
961 711 997 747 in
1030 712 1251 747 abscondito
1285 712 1413 747 reddit
1445 712 1512 747 tibi
1537 713 1685 761 palam„
1717 713 1785 748 sed

470 769 556 816 quia
601 769 636 804 in
676 769 813 804 Grecis
850 781 921 816 que
958 769 1098 818 priora
1141 777 1229 804 sunt
1271 782 1342 805 non
1386 770 1598 806 invenimus
1634 771 1783 818 palam,

470 838 542 862 non
571 827 794 875 putavimus
826 827 911 862 hinc
943 827 1089 875 aliquid
1117 827 1382 863 disserendum
1412 839 1503 863 esse.
1544 829 1627 863 Hec
1649 829 1784 875 Augu-

469 884 609 920 stinus.
1804 899 1842 919 10

529 943 800 978 Crisostomus
845 951 979 978 autem
1026 942 1082 978 sie
1120 942 1318 990 loquitur:
1364 943 1415 979 Te
1453 950 1579 978 autem
1609 943 1784 991 faciente

203 1018 228 1044 ig
248 1018 298 1045 the
318 1017 379 1044 will
401 1018 435 1045 ot·
470 1001 715 1036 elemosinam
750 1007 819 1037 etc.
866 1001 947 1036 Iam
981 1001 1125 1036 dudum
1169 1000 1410 1050 signavimus
1455 1001 1522 1036 hec
1564 1001 1690 1036 omnia
1733 1002 1785 1036 ad

205 1053 256 1079 ¹¹¹2
277 1052 637 1093 sonutheqfflffnmm
692 1058 768 1093 dici
818 1070 890 1093 non
935 1059 986 1093 ad
1029 1071 1185 1094 carnem
1231 1058 1333 1106 quod
1376 1058 1436 1093 hic
1478 1070 1607 1094 sermo
1660 1059 1781 1094 mani-

188 1087 240 1114 left
259 1087 309 1114 the
329 1087 390 1114 will
413 1089 444 1114 ot

238 1121 287 1149 the
309 1121 395 1149 flesh.

179 2104 292 2131 (mm-s
307 2104 454 2139 interpret

187 2139 237 2166 the
258 2140 338 2174 right
359 2140 440 2166 hand

206 2178 238 2200 to
259 2182 347 2201 mean
368 2174 418 2201 the

212 2208 350 2241 faithful:
371 2209 419 2236 the

249 2244 310 2277 lest,
335 2243 385 2270 the

214 2278 418 2305 unbelievers.

458 1117 566 1164 feste
599 1116 784 1151 declarat.
818 1115 995 1164 Alioquin
1028 1124 1208 1164 quantum
1242 1117 1293 1151 ad
1315 1128 1455 1165 corpus
1478 1117 1667 1164 quomodo
1687 1116 1787 1165 fieri

468 1181 592 1222 potest
626 1182 664 1209 ut
697 1174 841 1209 nesciat
871 1174 1028 1210 sinistra
1063 1175 1153 1222 quid
1176 1174 1307 1222 faciat
1341 1175 1519 1217 dextera,
1558 1186 1642 1210 cum
1675 1175 1841 1210 ambe15

469 1244 604 1267 manus
646 1232 681 1266 in
726 1231 961 1267 adiutorium
1001 1232 1073 1267 sibi
1111 1232 1270 1267 invicem
1309 1239 1395 1267 sunt
1428 1240 1557 1267 create
1588 1239 1628 1267 ut
1659 1232 1785 1267 altera

469 1290 586 1325 alteri
617 1290 845 1335 aministret‚
880 1302 946 1325 nec
976 1290 1048 1325 cito
1072 1290 1291 1325 inveniatur
1314 1302 1408 1338 opus
1431 1290 1532 1337 quod
1555 1302 1626 1325 una
1648 1302 1786 1325 manus

468 1348 548 1383 sine
586 1348 710 1383 altera
746 1348 869 1395 possit
908 1348 1082 1396 implere,
1117 1348 1184 1383 sed
1217 1348 1425 1383 secundum
1463 1348 1583 1395 (quod
1615 1347 1786 1383 diximus

468 1406 608 1453 supra)
648 1406 812 1440 dextera
846 1418 982 1441 manus
1014 1414 1069 1441 est
1107 1413 1141 1441 et
1181 1406 1356 1441 voluntas
1396 1407 1521 1441 anime
1551 1417 1704 1454 semper
1735 1406 1786 1440 ad

470 1464 607 1499 bonum
642 1464 893 1498 contendens:
924 1463 1082 1498 sinistra
1115 1471 1241 1499 autem
1278 1463 1455 1499 voluntas
1478 1463 1607 1499 carnis
1629 1475 1784 1512 semper
1801 1476 1843 1498 20

468 1521 519 1556 ad
558 1522 701 1556 malum
736 1521 820 1556 Deo
859 1521 1080 1561 contraria,-
1124 1522 1265 1557 nesciat
1305 1533 1402 1571 ergo
1443 1522 1619 1557 voluntas
1657 1521 1786 1556 carnis

469 1578 559 1626 quid
586 1579 716 1627 faciat
755 1579 932 1614 voluntas
970 1579 1104 1614 anime.
1162 1579 1326 1622 Quando
1366 1579 1463 1615 enim
1510 1580 1686 1614 voluntas
1730 1586 1785 1614 est

469 1637 575 1672 nobis
597 1637 779 1684 faciendi
809 1637 1035 1672 elemosinas
1063 1644 1229 1685 propter
1262 1637 1401 1680 Deum,
1450 1638 1626 1672 voluntas
1657 1644 1783 1672 autem

467 1694 595 1730 anime
621 1702 676 1730 est
710 1695 853 1730 dextra
878 1702 1010 1729 nostra
1035 1707 1192 1730 manus:
1223 1695 1257 1729 si
1277 1695 1383 1730 nobis
1404 1695 1625 1730 subeuntem
1651 1695 1782 1730 volun-

468 1760 582 1787 tatem
609 1765 761 1796 vanam,
794 1759 831 1786 ut
855 1753 901 1787 ab
926 1753 1141 1787 hominibus
1162 1752 1378 1796 videamur,
1410 1753 1450 1788 id
1472 1760 1524 1788 est
1549 1752 1782 1788 voluntatem
1801 1755 1840 1786 25

467 1810 597 1845 carnis
635 1818 668 1845 et
702 1823 856 1845 manum
889 1810 1085 1846 sinistram
1121 1811 1435 1858 represserinms,
1479 1811 1595 1846 nescit
1626 1810 1784 1846 sinistra

469 1868 646 1903 voluntas
668 1867 902 1915 quidsaciat
933 1869 1088 1903 dextra.
1130 1868 1174 1903 Si
1202 1876 1328 1903 autem
1360 1869 1537 1904 subeunti
1567 1868 1787 1904 huiusmodi

469 1925 660 1961 voluntati
683 1938 777 1961 vane
800 1926 1121 1969 consenserimus,
1145 1926 1416 1962 coniunximus
1437 1926 1635 1962 sinistram
1652 1926 1784 1961 volun-

468 1990 583 2018 tatem
609 1984 749 2019 dextre
772 1990 806 2019 et
830 1984 1011 2019 dextram
1035 1984 1203 2028 sinistre,
1236 1991 1270 2019 et
1293 1984 1608 2032 notumfecinzus
1630 1984 1785 2020 sinistre

469 2042 570 2089 quod
604 2042 746 2077 dextra
780 2041 1017 2090 operabitur.
1801 2046 1843 2078 30

527 2099 651 2134 Aliter
682 2099 990 2148 interpretantur
1021 2099 1190 2148 apostoli
1221 2100 1256 2134 in
1292 2100 1390 2134 libro
1425 2111 1611 2135 canonum
1646 2100 1709 2148 qui
1729 2107 1784 2135 est

470 2157 515 2192 de
556 2157 758 2205 episcopis,
801 2157 966 2192 dextera
1000 2165 1054 2192 est
1081 2157 1250 2205 populus
1289 2157 1523 2193 christianus
1555 2158 1620 2205 qni
1649 2165 1703 2193 est
1734 2158 1786 2192 ad

470 2215 674 2250 dexteram
714 2214 883 2258 Christi;
925 2215 1081 2250 sinistra
1120 2223 1244 2250 autem
1287 2215 1409 2250 omnis=
1436 2215 1605 2263 populus
1637 2215 1701 2263 qui
1731 2222 1786 2251 est

468 2273 519 2308 ad
550 2272 760 2308 sinistram.
800 2272 888 2308 Hoc
926 2285 1023 2322 ergo
1057 2272 1147 2308 dicit
1178 2285 1223 2308 ne
1254 2273 1506 2308 christianum
1539 2273 1783 2308 elemosinam

459 2330 673 2378 jacientem
726 2330 789 2378 qui
839 2338 895 2365 est
941 2331 1084 2366 dextra
1128 2331 1295 2379 infidelis
1338 2330 1499 2379 aspiciat
1542 2331 1607 2378 qui
1648 2338 1701 2366 est
1748 2330 1783 2365 in

467 2388 637 2423 sinistra.
695 2388 939 2423 Christianus
981 2396 1107 2424 autem
1152 2389 1187 2424 si
1227 2388 1479 2424 christianum
1525 2388 1665 2424 viderit
1710 2388 1783 2424 ele-

467 2446 655 2481 mosinam
678 2445 893 2494 facientem
926 2458 999 2481 non
1027 2453 1083 2482 est
1106 2453 1240 2482 contra
1267 2446 1341 2481 Dei
1356 2453 1583 2495 preceptum
1608 2445 1782 2494 quoniam

467 2503 579 2539 ambo
613 2504 755 2539 dextra
787 2511 886 2538 sunt.

537 2690 566 2715 9.
588 2682 615 2709 Α
636 2681 664 2708 in
690 2690 805 2717 marga
828 2682 1035 2710 Crtsostomus
1050 2682 1088 2709 de
1101 2682 1267 2709 elemosina
1277 2691 1288 2714 ‚·
1314 2682 1353 2708 ib.
1380 2682 1411 2709 in
1437 2685 1518 2709 textu
1545 2682 1576 2711 S.
1599 2681 1784 2715 Augustini:

467 2716 687 2744 disserendum.
798 2718 839 2744 ιδ.
861 2718 905 2744 A:
926 2717 1028 2744 altera
1049 2717 1149 2744 twice.
1253 2725 1291 2751 17.
1313 2718 1356 2744 A:
1381 2719 1414 2744 ut
1432 2716 1502 2743 cito.
1611 2716 1650 2743 18.
1673 2716 1712 2743 B:
1732 2724 1786 2743 nec

467 2751 581 2778 extinet
600 2754 651 2778 est.
743 2758 787 2777 20.
809 2752 836 2778 A
858 2752 887 2778 in
909 2760 1023 2785 marg:
1048 2760 1069 2778 1.
1160 2750 1204 2778 23.
1224 2751 1263 2777 B:
1285 2754 1386 2778 autem
1407 2751 1500 2778 deest.
1585 2758 1631 2783 24.
1652 2751 1696 2777 A:
1717 2758 1783 2778 nos.

469 2785 505 2812 [51.
528 2787 555 2812 A
581 2785 609 2812 in
633 2794 746 2820 marga
771 2794 807 2819 2,·
840 2786 879 2813 ib.
901 2787 945 2813 A:
967 2786 1218 2821 interpretenttff.
1254 2786 1390 2812 Rectius:
1419 2786 1498 2812 sicut
1526 2785 1783 2820 interpretantur.

546 2880 595 2900 11.
623 2869 690 2910 Op.
718 2870 814 2910 Imp.7
844 2870 863 2900 Ι.
891 2880 918 2900 c.
946 2880 979 2911 p.
1006 2867 1083 2911 807.
