2003 3322
215 190 303 217 CAP.
325 181 484 235 xxxvl]
687 193 898 224 SECUNDA
926 193 1052 224 PARS.

214 299 336 349 ipsum
380 311 451 335 non
497 299 577 334 vult
622 298 760 334 docere
802 311 883 335 esse
926 300 1028 347 quod
1071 299 1179 335 docet
1223 311 1289 335 nec
1326 312 1367 335 se
1404 300 1528 349 ipsum

213 369 385 408 arguere
430 357 475 393 de
527 356 630 392 omni
672 357 774 405 quod
824 357 971 406 arguit,
1024 369 1091 392 nec
1134 357 1232 394 alios
1277 358 1411 393 doceat
1463 370 1530 393 nec

214 421 361 465 arguat
404 426 644 463 quemquam⁷
693 421 732 449 ut
775 414 810 450 si
845 415 1028 450 iudicium
1069 415 1146 451 Dei
1182 428 1254 451 non
1296 416 1424 451 evadit
1470 416 1531 451 vel

214 473 410 509 hominum
444 472 697 521 opprobrium
730 485 803 508 non
832 473 1028 521 paciatur.

181 534 196 566 5
271 531 346 566 Aut
383 530 572 579 quomodo
614 530 709 566 dicis
731 530 865 578 fratri
901 537 986 566 tuo:
1024 531 1126 575 Sine,
1166 531 1300 566 eiciam
1329 531 1529 579 festucam

215 590 261 625 a'e
288 589 396 624 oculo
419 596 497 635 tuo,
530 595 565 623 et
596 600 681 624 ecce
712 588 841 624 trahes
874 588 908 623 in
942 589 1051 625 oculo
1089 589 1183 625 tuo?
1214 601 1299 624 cum
1332 601 1405 637 qua
1419 589 1531 636 facie

1573 539 1651 566 How
1671 544 1750 567 trust
1770 549 1786 567 a

1574 575 1695 602 teacher
1715 575 1785 603 who

1613 610 1687 636 does
1708 614 1761 637 not

214 659 364 697 arguas
398 653 596 695 peccatum
638 646 727 681 laici
749 646 902 694 fratris
940 647 1006 688 tui,
1049 647 1129 696 ipse
1161 647 1197 682 in
1231 647 1362 682 eodem
1396 653 1462 682 aut
1494 647 1529 682 in
1545 644 1650 672 follow
1670 645 1718 672 his
1739 653 1810 672 0W11

213 705 355 741 maiori
404 704 643 740 consistens?
693 704 780 740 Non
832 704 942 740 times
994 717 1038 740 ne
1081 705 1218 740 audias
1262 716 1313 740 ex
1357 704 1531 740 diverso:

212 762 363 798 Medice
405 774 500 798 cura
542 769 578 797 te
614 762 751 810 ipsum.
804 762 847 797 Si
883 762 1029 798 medico
1073 763 1325 811 opprobrium
1372 769 1427 798 est
1470 762 1533 811 qui

162 833 200 854 10
214 833 280 856 nec
317 820 478 856 alterius
515 820 716 855 sanitatem
754 820 867 856 hahet
904 820 939 855 in
973 827 1164 869 potestate
1194 833 1265 856 sua
1302 832 1370 856 nec
1406 833 1530 863 suam,

212 879 246 914 si
276 878 374 914 alios
405 890 548 914 curare
580 878 671 914 velit
708 885 742 913 et
774 878 854 927 ipse
886 878 1021 914 debilis
1052 879 1113 925 sit,
1155 878 1240 926 quia
1274 878 1531 914 testimonium

212 936 407 985 impericie
437 948 504 972 sue
530 943 667 984 portat
700 935 735 970 in
768 948 935 985 corpore
964 948 1033 972 suo
1062 936 1270 985 propriam
1294 936 1529 985 passionem.

219 994 422 1039 Quomodo
463 994 616 1030 doctori
652 1006 725 1030 non
764 994 812 1029 sit
845 994 1097 1043 opprobrium
1136 994 1234 1030 alios
1267 995 1364 1030 velle
1396 1006 1533 1030 eruere

212 1065 234 1088 a
262 1059 422 1101 peccato
457 1059 491 1088 et
523 1052 646 1100 ipsum
680 1052 716 1087 in
750 1052 960 1088 maioribus
990 1064 1073 1088 esse
1089 1052 1260 1101 peccatis
1290 1053 1379 1087 dum
1408 1052 1532 1101 possit

160 1114 196 1147 15
212 1110 379 1159 amplius
409 1122 450 1146 se
480 1110 604 1158 ipsum
638 1122 776 1146 eruere
806 1124 828 1146 a
852 1117 1013 1159 peccato
1041 1122 1155 1159 quam
1190 1110 1318 1146 alios?
1349 1110 1425 1145 Aut
1458 1110 1533 1146 ita.-

219 1169 420 1212 Quomodo
460 1168 554 1203 dicis
576 1168 712 1216 fratri
742 1175 817 1214 tuo,
857 1168 898 1203 ia'
930 1175 997 1215 est,
1038 1180 1109 1216 quo
1143 1168 1348 1217 proposito
1383 1168 1534 1217 putas?

213 1238 263 1262 ex
285 1226 449 1262 caritate
478 1226 609 1262 cordis
641 1226 748 1273 dicis,
782 1234 822 1262 ut
852 1226 980 1262 salves
997 1226 1228 1275 proximum
1262 1226 1400 1262 tuum?
1431 1226 1533 1273 Non,

212 1285 280 1320 sed
324 1291 364 1319 ut
407 1291 442 1320 te
483 1284 641 1320 simules
685 1284 837 1322 iustum.
887 1284 931 1319 Si
971 1292 1097 1319 autem
1143 1296 1233 1320 vere
1276 1296 1327 1320 ex
1371 1284 1534 1320 caritate

213 1342 344 1378 cordis
383 1354 575 1392 argueres
606 1342 837 1391 proximum
878 1349 983 1377 tuum
1023 1349 1062 1377 ut
1099 1342 1289 1389 salvares,
1335 1349 1371 1377 te
1408 1342 1532 1391 ipsum

156 1401 401 1436 2osalvares.
452 1400 651 1448 Numquid
684 1399 871 1448 possibile
909 1407 963 1436 est
1003 1407 1042 1435 ut
1086 1400 1376 1436 benevolencior
1418 1400 1535 1435 alteri

211 1458 263 1494 sis
286 1470 398 1506 quam
422 1458 518 1493 tibi?
555 1458 602 1493 Ut
624 1458 690 1507 qui
716 1465 750 1493 te
772 1458 896 1506 ipsum
927 1458 1025 1494 nolis
1055 1459 1226 1502 salvare,
1259 1458 1378 1493 alium
1409 1458 1533 1494 velis?

218 1513 354 1553 Omnis
387 1528 484 1566 ergo
509 1516 646 1552 doctor
677 1516 742 1564 qui
772 1516 891 1551 alium
925 1516 962 1551 in
994 1516 1249 1565 qualicunque
1282 1516 1533 1565 reprehendit

213 1574 351 1610 delicto
391 1581 426 1609 et
466 1574 546 1623 ipse
583 1574 619 1609 in
658 1586 700 1609 eo
738 1574 965 1610 constitutus
997 1586 1070 1610 non
1102 1586 1143 1610 se
1169 1574 1284 1623 prius
1316 1581 1530 1624 expurgat,

211 1639 358 1668 certum
402 1639 468 1679 est,
522 1632 608 1680 quia
652 1632 851 1680 alloquens
894 1632 930 1667 in
978 1632 1138 1668 ecclesia
1191 1644 1263 1668 non
1308 1632 1406 1668 alios
1450 1632 1532 1668 vult

156 1690 368 1726 25salvare
398 1691 468 1726 sed
494 1702 570 1738 per
591 1690 727 1726 bonam
752 1689 970 1726 doctrinam
1005 1690 1129 1726 malos
1160 1697 1269 1726 actus
1290 1702 1381 1726 suos
1403 1690 1531 1725 celare

213 1755 247 1783 et
284 1748 443 1784 sciencie
481 1748 633 1783 laudem
675 1748 720 1784 ab
766 1748 939 1784 omnibus
979 1748 1117 1796 querit,
1157 1761 1230 1784 non
1271 1748 1530 1797 edificacionis

214 1807 428 1842 mercedem
462 1818 483 1841 a
513 1806 596 1841 Deo
629 1813 665 1842 et
696 1814 751 1842 est
771 1806 974 1857 ypocrita.
1009 1807 1099 1842 Ideo
1132 1813 1393 1855 competenter
1419 1805 1530 1841 addit

213 1871 248 1899 et
280 1864 390 1899 dicit:
437 1864 629 1912 Ypocrita,
668 1864 743 1900 eice
776 1864 949 1912 primum
989 1864 1137 1900 trabem
1178 1865 1224 1900 de
1255 1864 1365 1900 oculo
1398 1871 1462 1899 tuo
1495 1871 1531 1899 et

212 1929 301 1957 tunc
339 1921 484 1957 videbis
522 1922 644 1958 eicere
664 1923 863 1970 festucam
904 1923 950 1958 de
987 1922 1097 1958 oculo
1124 1922 1277 1971 fratris
1315 1922 1382 1957 tui.
1432 1921 1528 1970 Ypo-

157 1984 198 2016 30
213 1980 311 2016 crita
344 1980 442 2016 enim
476 1987 531 2015 est
564 1980 687 2016 omnis
719 1981 857 2016 doctor
888 1980 952 2028 qui
982 1992 1054 2016 non
1082 1980 1197 2029 prius
1220 1980 1325 2028 facit
1364 1980 1461 2015 bona
1495 1987 1530 2015 et

208 2045 344 2087 postea
379 2038 498 2073 docet.
533 2038 637 2073 Dum
672 2038 769 2073 enim
803 2038 912 2073 docet
944 2038 1055 2082 bona,
1082 2038 1295 2087 profitetur
1326 2049 1366 2073 se
1387 2037 1528 2073 iustum

214 2108 345 2131 coram
385 2096 619 2139 lzominihus‚·
666 2096 755 2131 dum
795 2103 923 2132 autem
963 2096 1065 2131 mala
1099 2096 1184 2146 agit
1210 2103 1457 2145 peccatorem
1490 2107 1531 2131 se

214 2153 408 2189 constituit
440 2154 546 2202 infra
579 2166 619 2189 se
666 2153 754 2189 Hoc
785 2165 882 2204 ergo
917 2154 1027 2189 a'icit:
1066 2154 1128 2189 Vis
1161 2154 1280 2189 libere
1311 2153 1528 2202 etfiducia-

215 2211 304 2246 liter
336 2212 622 2260 reprehendere
660 2211 800 2247 laicum
841 2219 876 2247 et
908 2212 1030 2247 eicere
1062 2212 1108 2247 de
1140 2212 1250 2247 oculo
1283 2211 1419 2247 mentis
1451 2211 1530 2247 eius

159 2275 424 2318 35peccatum,
472 2269 586 2318 prius
631 2277 736 2304 tuam
781 2270 900 2319 ipsius
944 2276 1106 2305 mentem
1153 2281 1289 2319 purga
1334 2269 1380 2304 ab
1428 2269 1533 2304 omni

215 2328 331 2374 malo⁷
382 2334 422 2362 ut
465 2339 550 2363 cum
596 2327 785 2377 argueris
831 2327 971 2363 laicum
1012 2339 1088 2376 pro
1127 2327 1298 2376 peccatis
1343 2326 1435 2373 eius,
1480 2338 1532 2362 ex

216 2385 368 2421 diverso
401 2385 522 2421 laicus
553 2397 625 2421 non
658 2385 795 2420 habeat
826 2386 925 2421 unde
957 2386 1179 2435 redarguat
1210 2393 1245 2421 te
1266 2397 1343 2434 pro
1368 2392 1530 2434 peccato

215 2450 291 2481 tuo.
337 2443 439 2478 Nam
477 2443 630 2492 incipiet
673 2451 709 2479 te
752 2442 887 2480 timere
931 2443 966 2479 in
1005 2455 1056 2486 se,
1096 2455 1181 2479 cum
1225 2455 1298 2479 non
1343 2442 1531 2478 invenerit

216 2501 307 2549 quid
328 2508 571 2550 contempnat
587 2501 622 2537 in
645 2508 691 2536 te.
723 2500 844 2537 Omne
865 2508 991 2537 autem
1002 2508 1205 2550 peccatum
1230 2513 1302 2536 non
1322 2501 1530 2537 secundum

155 2571 200 2602 40
216 2565 342 2594 actum
374 2571 484 2594 suum
509 2559 747 2594 diiudicatur
779 2566 908 2594 utrum
942 2559 1135 2595 modicum
1168 2559 1217 2595 sit
1248 2572 1295 2594 an
1329 2571 1529 2609 magnum,

215 2617 283 2651 sed
325 2617 533 2652 secundum
573 2617 769 2666 peccantis
808 2629 1031 2666 personam.
1089 2617 1232 2653 Laicus
1281 2624 1409 2653 autem
1462 2616 1533 2652 etsi

289 2787 322 2805 Η.
344 2779 388 2806 A:
410 2779 465 2806 sed
482 2779 572 2806 alios.
653 2787 690 2806 12.
712 2780 756 2806 A:
779 2779 940 2814 importat.
1027 2786 1069 2814 19,
1091 2787 1138 2806 20.
1160 2780 1204 2807 A:
1227 2782 1256 2806 te
1275 2779 1373 2814 ipsum
1391 2779 1531 2806 salvares

218 2814 310 2840 deest.
382 2812 428 2847 39.
451 2813 490 2840 B:
512 2814 595 2848 quod
613 2817 817 2849 contempnat.

1604 679 1756 714 teaching.
