2003 3322
159 223 234 259 308
854 231 972 262 opus
998 230 1336 262 EVANGELICUM
1521 219 1628 273 [CAP.
1648 229 1760 257 xvm.

445 350 626 385 arguere,
651 337 758 385 quia,
783 347 825 372 ut
848 350 938 372 vere
962 337 1057 372 dicit
1078 339 1311 373 Decretum:
1337 337 1424 373 Non
1447 346 1554 373 caret
1576 339 1760 387 scrupulo

444 396 638 432 societatis
681 396 827 431 occulte
866 395 929 443 qui
967 395 1172 444 ammisesto
1204 395 1385 443 facinori
1422 395 1559 431 desinit
1604 396 1761 432 obviare

445 461 480 489 et
523 454 577 489 sic
621 454 805 489 cessando
858 453 1071 502 corripere,
1122 453 1280 489 videtur
1329 452 1384 489 sic
1437 465 1595 489 cessans
1640 463 1760 502 atque

446 511 648 548 sufficiens
688 524 759 547 suo
803 510 960 547 crimini
1000 511 1227 547 consentire
1261 520 1298 547 et
1331 523 1401 558 per
1434 524 1685 560 consequens
1718 524 1762 548 ex

445 571 581 606 favore
604 569 671 606 tali
696 578 816 617 atque
840 582 1037 605 consensu
1060 570 1289 605 accumulat
1312 577 1522 617 peccatum
1546 569 1760 618 pristinum
1778 573 1793 604 5

446 629 554 676 quod
576 641 657 664 non
681 636 738 663 est
761 627 891 674 ipsum
917 626 1120 663 dimittere
1144 628 1212 663 sed
1241 640 1385 664 novam
1411 627 1760 664 continuacionem

446 685 602 734 peccati
635 684 815 733 preteriti
849 685 1104 723 confirmare.

190 748 269 776 This
290 756 396 775 moves
505 746 553 780 Et
586 744 657 779 hec
696 743 805 779 racio
838 756 961 791 quare
1000 743 1165 791 quidam
1206 751 1349 791 putant
1389 744 1496 791 quod
1535 744 1681 779 debent
1714 745 1762 780 de

156 783 532 850 sffssefsisssssegffielege
576 801 754 837 caritatis
799 802 974 837 fraterne
1018 802 1088 837 has
1132 809 1307 849 quatuor
1351 810 1477 837 sectas
1517 814 1684 849 arguere
1725 810 1762 838 et

179 854 267 880 other
287 853 404 880 orders.
447 861 667 896 secundum
689 860 797 907 quod
823 858 1024 895 evidencie
1048 872 1149 895 nove
1172 859 1421 895 occurrerint
1444 858 1551 907 ipsos
1581 860 1761 896 modeste
1781 874 1819 894 10

447 927 484 953 et
517 917 721 953 humiliter
754 918 926 964 pulsare,
960 926 1003 953 ut
1032 917 1063 953 si
1086 918 1187 953 forte
1211 919 1316 953 Deus
1338 917 1510 953 voluerit
1539 930 1605 953 eos
1632 917 1761 954 facere

447 984 611 1023 peccata
637 975 853 1012 commissa
878 974 1090 1013 dimittere.
1125 977 1207 1011 Nec
1231 984 1389 1011 moveat
1413 977 1521 1023 quod
1551 984 1760 1023 peccatum

447 1042 503 1070 est
555 1035 705 1082 grande
750 1043 787 1070 et
830 1033 1054 1081 dispersum
1100 1046 1171 1081 per
1215 1033 1357 1069 fortem
1403 1034 1612 1081 populum,
1667 1033 1761 1082 quia

445 1105 545 1140 opus
579 1092 649 1127 Dei
691 1101 748 1128 est
793 1101 831 1128 et
868 1091 952 1155 ipse
992 1100 1123 1139 potest
1162 1105 1252 1127 cum
1292 1103 1535 1140 quocunque
1577 1091 1761 1128 ministro

446 1149 519 1186 sibi
553 1149 748 1198 placuerit
780 1151 841 1186 vel
873 1149 957 1186 sine
998 1149 1184 1185 ministro
1224 1162 1267 1185 ex
1300 1149 1571 1197 inspiracione
1604 1149 1762 1186 interna
1782 1153 1818 1184 15

446 1208 554 1256 ipsos
607 1220 768 1244 movere
820 1209 870 1244 ad
931 1216 1097 1255 peccata
1149 1207 1340 1256 preterita
1404 1216 1762 1256 quantumcunque

446 1266 613 1314 antiqua
647 1265 793 1302 fuerint
825 1265 1149 1314 relinquendum.
1195 1267 1287 1302 Ideo
1321 1267 1438 1302 debet
1470 1265 1598 1302 fidelis
1631 1265 1763 1302 immi-

446 1336 555 1360 scere
599 1324 830 1360 oracionem
877 1333 913 1360 et
951 1326 1070 1360 verba
1110 1324 1291 1370 humilia,
1332 1333 1374 1359 ut
1413 1324 1463 1360 sit
1496 1324 1637 1371 dignus
1679 1337 1762 1361 esse

448 1383 760 1418 instrumentum
785 1382 858 1418 Dei
891 1383 940 1418 ad
974 1391 1141 1430 peccata
1173 1382 1263 1418 talis
1296 1382 1436 1430 populi
1459 1383 1760 1419 destruendum.

178 1446 280 1474 These
301 1447 409 1474 01de1s
507 1443 554 1476 Et
593 1442 665 1477 hec
708 1440 818 1477 racio
858 1453 981 1489 quare
1021 1440 1186 1489 quidam
1226 1449 1308 1476 tam
1350 1442 1491 1476 crebro
1527 1441 1763 1477 continuant
1780 1455 1822 1476 20

173 1481 416 1552 gffgpydpaegtffsssnt
449 1500 655 1547 arguendo
709 1499 851 1534 fratres
904 1507 941 1534 et
993 1508 1073 1535 tres
1118 1507 1245 1535 sectas
1298 1498 1409 1544 alias,
1463 1498 1556 1546 quia
1603 1498 1763 1535 evidens

235 1552 346 1622 ὲῗεὲἶὲῗ
449 1557 607 1593 videtur
651 1557 835 1593 fidelibus
878 1558 987 1604 quod
1036 1570 1080 1593 ex
1133 1569 1267 1593 errore
1314 1556 1355 1593 in
1408 1557 1526 1593 fidem
1580 1566 1672 1593 sunt
1723 1556 1763 1593 in

448 1623 615 1663 peccato
650 1623 791 1651 contra
824 1615 1033 1651 ecclesiam
1068 1614 1258 1660 indurati,
1300 1614 1393 1663 quia
1426 1627 1507 1651 non
1540 1624 1596 1651 est
1629 1615 1764 1663 aliqua

448 1672 596 1721 peticio
612 1672 726 1708 istius
747 1672 947 1709 oracionis
964 1672 1178 1717 dominice,
1196 1672 1291 1721 quin
1315 1672 1523 1709 offendunt
1538 1672 1764 1721 specialiter

449 1740 589 1767 contra
628 1730 771 1778 ipsam.
813 1732 1030 1776 Quomodo
1070 1743 1194 1778 queso
1232 1731 1472 1780 sanctificant
1510 1730 1549 1766 in
1583 1744 1624 1768 se
1656 1731 1764 1778 ipsos
1780 1734 1820 1765 25

450 1801 584 1825 nomen
608 1789 768 1824 Domini
799 1788 866 1836 qui
899 1797 1048 1825 sectam
1084 1801 1196 1825 suam
1230 1789 1337 1825 velut
1376 1788 1557 1825 inutilem
1593 1798 1629 1825 et
1663 1790 1764 1825 blas-

446 1848 593 1882 femam
648 1848 836 1882 deserunt
889 1856 925 1882 et
973 1855 1123 1883 sectam
1169 1847 1290 1883 aliam
1341 1855 1480 1883 contra
1526 1849 1762 1884 mandatum

447 1904 610 1941 Domini
642 1904 919 1941 introducunt.
960 1905 1025 1941 Isti
1060 1904 1186 1941 eciam
1228 1917 1309 1941 non
1357 1905 1617 1942 effectualiter
1648 1914 1764 1942 orant

445 1963 636 1998 Adveniczt
675 1975 839 2013 regnum
879 1970 999 2007 tuum,
1045 1976 1135 1999 cum
1175 1975 1343 2011 regnum
1389 1963 1461 1999 Dei
1506 1976 1587 1999 non
1632 1972 1763 2012 potest

447 2020 634 2057 advenire
673 2020 713 2056 in
753 2020 926 2068 patriam
967 2021 1041 2057 nisi
1081 2033 1152 2069 per
1184 2021 1312 2068 legem
1348 2021 1509 2057 Domini
1542 2021 1694 2058 sincere
1728 2031 1764 2058 et
1781 2035 1822 2058 30

446 2079 529 2115 sine
554 2078 744 2115 mixtione
767 2079 1001 2115 tradicionis
1024 2079 1187 2115 alterius
1217 2081 1482 2116 observatam.
1514 2081 1600 2116 Hoc
1629 2088 1760 2116 autem

447 2136 522 2185 ipsi
568 2136 794 2184 impediunt
833 2145 1027 2185 quantum
1067 2136 1270 2174 sufficiunt
1314 2137 1354 2173 in
1394 2137 1549 2185 effectu,
1596 2146 1632 2174 et
1672 2151 1762 2174 cum

447 2195 624 2230 voluntas
662 2195 739 2230 Dei
780 2194 829 2230 sit
873 2204 917 2231 ut
969 2195 1104 2231 fideles
1150 2195 1442 2232 benefacientes
1486 2197 1763 2232 obmutescere

447 2252 596 2289 faciant
635 2252 963 2301 imprudencium
1006 2253 1215 2289 hominum
1256 2253 1533 2301 ignoranciam
1574 2254 1641 2302 qui
1682 2267 1763 2291 non

448 2312 495 2347 de
534 2311 619 2359 lege
660 2319 696 2347 et
729 2319 836 2347 secta
871 2311 1032 2347 Domini
1066 2320 1365 2358 contentantur,
1408 2320 1517 2360 patet
1550 2314 1657 2360 quod
1691 2314 1762 2349 hee
1779 2315 1818 2347 35

447 2377 553 2405 secte
585 2378 759 2417 quatuor
781 2369 977 2405 voluntati
1002 2370 1074 2405 Dei
1104 2369 1294 2406 resistunt
1318 2379 1513 2418 quantum
1545 2370 1760 2416 sufficiunt,

448 2436 485 2463 et
524 2427 580 2463 ita
625 2433 728 2469 (cum
770 2439 851 2463 non
892 2436 983 2463 sunt
1023 2427 1063 2463 in
1098 2430 1181 2464 Deo
1215 2435 1270 2464 est
1303 2437 1340 2464 et
1373 2432 1460 2472 non)
1505 2437 1613 2476 patet
1654 2430 1762 2477 quod

447 2494 645 2533 quantum
699 2486 746 2521 ad
803 2484 898 2521 istas
944 2494 1023 2521 tres
1068 2485 1290 2533 peticiones
1334 2495 1425 2523 sunt
1469 2486 1667 2523 inhabiles
1711 2488 1762 2524 ad

447 2542 601 2591 aliquid
635 2556 656 2579 a
690 2543 864 2579 Domino
897 2543 1176 2582 obtinendum.

515 2697 540 2716 2.
562 2690 605 2716 A:
633 2689 746 2716 desunt
771 2689 909 2716 obviare.
1017 2690 1044 2718 8.
1072 2690 1101 2717 A
1128 2690 1156 2716 in
1186 2698 1300 2725 marga
1335 2690 1453 2718 Contra
1479 2694 1614 2731 quatuor
1642 2693 1762 2723 sectas,-

446 2724 486 2750 ib.
521 2726 565 2751 A:
598 2730 696 2757 quare
728 2724 859 2758 quidem.
968 2732 1008 2751 10.
1038 2725 1082 2751 A:
1109 2728 1283 2752 occurrent.
1394 2734 1428 2752 Η.
1458 2726 1500 2752 A:
1533 2726 1616 2761 ipsos
1634 2724 1760 2761 facere.

448 2760 487 2791 18,
510 2766 550 2787 ιτ).
574 2760 616 2785 A:
632 2765 704 2786 'esse
724 2759 908 2785 ministrum.
996 2759 1039 2786 26.
1063 2760 1107 2786 A:
1129 2761 1212 2786 velut
1231 2760 1325 2787 deest.
1411 2767 1456 2791 21).
1479 2762 1522 2787 A:
1545 2769 1611 2787 cum
1631 2768 1760 2796 regnum

448 2793 507 2819 Dei
525 2793 619 2820 deest.
692 2792 731 2820 31.
753 2794 796 2820 A:
818 2793 884 2820 Hec
903 2797 1014 2821 aulem.

522 2864 547 2883 1.
575 2854 708 2884 Decret.
736 2854 745 2890 I
774 2864 863 2895 pars,
892 2855 968 2885 dist.
990 2854 1166 2893 LXXXIII,
1194 2865 1267 2897 cap.
1287 2855 1340 2886 III.
1428 2856 1479 2896 37.
1510 2855 1545 2886 II.
1565 2855 1643 2886 Cor.
1663 2855 1684 2894 I,
1710 2853 1757 2885 18.
