2003 3322
204 234 288 280 434
912 238 1029 271 opus
1055 238 1389 271 EVANGELICUM
1617 226 1722 281 [CAP.
1757 235 1802 264 [ΔΙ.

497 347 799 394 apprehendere
852 354 889 381 et
937 345 1162 381 doctrinam
1217 344 1364 381 Christi
1417 347 1607 381 audacter
1658 346 1809 393 populo

498 404 719 452 publicare.
754 406 801 439 Et
836 404 977 439 eodem
1012 404 1131 439 modo
1164 402 1310 439 dicitur
1349 404 1396 438 de
1434 402 1653 448 monachis,
1694 415 1811 440 cano-

498 461 598 498 nicis
631 474 676 498 ac
708 461 897 498 fratribus
921 462 1054 508 quoad
1077 473 1190 497 suam
1221 460 1452 497 oracionem
1476 469 1594 508 atque
1617 460 1809 497 ieiunium

497 522 545 555 de
603 519 842 555 excellencia
889 518 1094 555 meritoria
1136 518 1215 554 vite
1268 531 1405 554 eorum
1465 531 1544 566 qua
1593 518 1810 566 ypocritice

498 578 653 625 fingunt
693 590 733 613 se
775 579 962 613 excedere
1003 576 1102 613 alios
1142 578 1189 612 de
1228 585 1335 612 secta
1374 575 1545 624 simplici
1578 575 1843 613 christiana.5

249 635 432 698 &Ravssnoe
557 637 743 671 Secunda
787 648 881 671 vero
922 634 1106 670 condicio
1144 634 1295 682 lupina,
1341 633 1491 670 scilicet
1524 635 1630 682 quod
1670 647 1811 671 carnes

247 679 340 733 ibgeng
352 678 438 732 slgiif
499 693 687 739 comedit,
721 701 798 729 stat
821 693 861 728 in
884 694 958 728 hac
981 701 1086 728 secta
1112 691 1378 740 quadruplici,
1412 691 1506 739 quia
1527 700 1666 728 notato
1689 705 1810 740 quam

216 740 470 810 tiiffiiiiighenlissgfss
498 750 715 787 scienciam
750 750 825 786 ista
865 749 974 786 curia
1010 752 1192 786 Romana
1231 749 1372 797 diligit,
1413 749 1541 785 fidelis
1579 749 1713 786 statim
1753 750 1811 786 in-

227 810 381 872 Ε-,ἑῑ-Ιξῗΐ
400 809 455 871 1th
497 808 627 845 veniet
690 810 798 857 quod
850 820 931 844 non
983 808 1103 844 fidem
1156 807 1352 855 scripture
1405 809 1474 843 sed
1527 807 1811 844 contenciones

205 853 310 872 ”³¹¹⁰
361 852 397 871 an
423 852 481 871 ἐἶδ’
499 867 643 915 quibus
675 866 842 914 pingues
876 867 1102 902 mundanos
1142 874 1276 913 posset
1309 866 1538 912 comedere;
1584 874 1621 901 et
1653 867 1703 901 ad
1735 866 1811 903 hoc
1832 879 1870 900 10

496 926 648 961 vadunt
692 936 761 960 sue
807 936 986 973 censure,
1032 923 1250 960 citaciones
1290 932 1327 959 et
1365 922 1442 959 alia
1480 935 1556 971 que
1593 923 1812 971 ypocritice

498 983 725 1018 concedunt
747 981 966 1028 viantibus;
1002 990 1038 1018 et
1061 981 1232 1018 breviter
1265 980 1426 1017 difficile
1459 989 1517 1016 est
1550 980 1810 1017 christianum

497 1042 641 1076 docere
687 1041 795 1088 quod
839 1040 1021 1076 tirannus
1066 1052 1177 1076 cesar
1216 1041 1421 1075 Romanus
1459 1047 1503 1074 ut
1541 1038 1812 1076 Dioclicianus

495 1099 556 1134 vel
591 1098 692 1134 alius
726 1098 860 1146 plures
893 1098 1030 1133 fideles
1062 1097 1253 1134 occiderit
1283 1109 1402 1145 quam
1437 1096 1585 1133 occidit
1608 1099 1812 1134 Romanus

497 1156 722 1204 episcopus,
778 1155 936 1192 Occidit
982 1155 1087 1192 enim
1133 1156 1330 1203 quosdam
1376 1155 1513 1191 fideles
1554 1156 1688 1191 dando
1732 1154 1868 1191 suis15

496 1214 783 1262 irregularibus
828 1213 1119 1261 indulgencias,
1167 1222 1210 1249 ut
1256 1222 1365 1261 patet
1413 1214 1460 1248 de
1504 1212 1645 1249 occisis
1692 1213 1811 1249 Flan-

499 1272 703 1308 drensihus
737 1280 774 1308 et
808 1271 945 1307 multis
978 1271 1065 1308 aliis
1097 1270 1239 1308 occisis
1272 1271 1312 1307 in
1345 1270 1457 1307 bellis
1489 1270 1713 1318 papalibus.

230 1342 328 1370 Other
357 1341 464 1368 deaths
555 1329 713 1366 Occidit
757 1330 934 1366 secundo
983 1329 1144 1366 citando
1190 1329 1338 1365 multos
1384 1328 1519 1365 fideles
1564 1330 1614 1365 ad
1655 1328 1810 1365 curiam

258 1378 334 1404 have
355 1377 429 1403 been
497 1396 578 1424 tam
624 1387 665 1423 in
704 1400 809 1436 aqua
847 1400 967 1436 quam
1008 1387 1047 1423 in
1086 1387 1199 1424 arida
1239 1386 1374 1423 multis
1407 1386 1551 1423 modis.
1600 1389 1649 1423 Et
1686 1386 1811 1423 tercio

258 1412 370 1439 caused
393 1412 431 1439 bv

206 1447 349 1474 citations
364 1446 423 1473 and
445 1447 483 1482 by
499 1445 648 1482 occidit
693 1445 1018 1482 incarceracione
1063 1454 1100 1482 et
1140 1445 1334 1481 mortibus
1376 1444 1511 1481 multis
1550 1444 1636 1480 aliis
1675 1444 1811 1481 fideles
1828 1458 1869 1480 20

226 1481 467 1516 imprisonment
669 1503 674 1508 .
965 1503 972 1509 .
1268 1503 1275 1508 .
1443 1502 1450 1508 .
1486 1502 1493 1507 .
1708 1501 1715 1507 .

206 1516 339 1554 infliqted
362 1524 401 1542 on
433 1516 597 1552 thequos
643 1512 739 1540 eitat
787 1505 837 1540 ad
890 1516 1043 1540 curiam
1097 1504 1191 1539 dum
1239 1504 1376 1539 dicunt
1422 1504 1495 1538 Slbl
1540 1502 1809 1550 evangelicam

277 1551 407 1578 tauthful.
495 1561 717 1598 veritatem.
743 1561 914 1598 Dimitto
938 1570 1072 1598 autern
1095 1560 1340 1598 occisionem
1366 1560 1498 1597 anime
1517 1572 1587 1608 per
1608 1559 1810 1596 infidelem

496 1619 682 1665 heresim,
707 1619 801 1668 quia
820 1619 1125 1656 innumerabilis
1146 1628 1202 1655 est
1216 1630 1408 1655 numerus
1426 1618 1567 1655 talium
1584 1617 1810 1654 occisorum

498 1686 534 1714 et
557 1677 747 1713 delictum
782 1686 839 1713 est
863 1690 909 1713 eo
943 1677 1115 1725 amplius
1148 1689 1228 1726 quo
1263 1676 1410 1712 heresis
1443 1675 1691 1712 infidelitatis
1721 1688 1810 1712 cum

497 1744 695 1783 potestate
728 1745 914 1783 pretensa
949 1737 1155 1771 mundana
1188 1747 1259 1783 per
1291 1734 1385 1770 istos
1407 1733 1612 1782 ypocritas
1646 1733 1812 1770 commi·
1829 1737 1867 1770 25

495 1802 640 1830 scetus.

246 1861 271 1889 3.
293 1861 443 1889 Mischief.
556 1852 700 1896 Quoad
744 1850 910 1887 terciam
957 1849 1236 1887 condicionem
1283 1858 1392 1897 patet
1436 1851 1544 1897 quod
1587 1862 1660 1886 nec
1708 1862 1814 1897 papa

234 1896 321 1932 They
342 1898 381 1924 do
403 1901 456 1923 ”ot
498 1921 571 1945 nec
611 1918 719 1945 secta
759 1921 829 1945 sua
867 1921 940 1945 nec
980 1907 1123 1956 aliquis
1156 1908 1334 1955 prelatus
1366 1907 1486 1943 trium
1521 1916 1721 1944 sectarum
1754 1919 1812 1943 se-

240 1932 289 1959 the
310 1932 396 1958 work
416 1931 451 1958 of

220 1967 390 2001 shepherds
412 1966 465 1992 but
497 1966 715 2014 quencium
748 1979 926 2015 unquam
962 1966 1097 2003 visitat
1128 1965 1230 2002 ovile
1264 1965 1574 2002 christianorum
1599 1966 1648 2002 ad
1671 1978 1811 2002 eorum

234 2001 455 2063 lotzeafflcizlily
496 2026 670 2061 salutare
694 2026 954 2061 commodum
979 2025 1199 2061 secundum
1222 2023 1364 2071 triplex
1392 2023 1570 2059 officium
1599 2023 1811 2071 pastorale,
1829 2028 1870 2061 30

496 2084 564 2119 sed
610 2092 653 2119 ut
697 2083 861 2129 furetur,
907 2091 1054 2119 mactet
1094 2090 1130 2118 et
1175 2082 1328 2129 perdat.
1381 2082 1482 2117 Cum
1528 2081 1633 2117 enim
1673 2093 1820 2124 omnes⁸

497 2141 568 2177 hee
616 2149 721 2177 secte
761 2150 938 2189 quatuor
974 2153 1055 2176 non
1095 2139 1294 2176 intrarunt
1338 2152 1408 2187 per
1446 2139 1594 2175 ostium
1632 2138 1673 2175 in
1710 2138 1813 2175 ovile

496 2198 643 2244 ovium,
694 2199 950 2235 manifestum
1000 2207 1057 2234 est
1103 2210 1146 2233 ex
1185 2197 1293 2233 dicto
1333 2196 1481 2233 Christi
1518 2197 1605 2233 Joh.
1639 2198 1671 2233 X
1704 2198 1812 2245 quod

495 2265 586 2292 sunt
608 2257 729 2305 fures
761 2264 796 2292 et
829 2257 1014 2303 latrones,
1052 2264 1089 2291 et
1112 2268 1183 2303 per
1206 2267 1454 2303 consequens
1477 2254 1557 2291 sive
1578 2254 1618 2290 in
1641 2266 1810 2302 persona

494 2314 658 2363 propria
697 2314 776 2351 sive
816 2327 886 2362 per
924 2314 1092 2350 nuncios
1132 2322 1169 2350 et
1207 2314 1344 2350 literas
1378 2325 1467 2349 suas
1499 2311 1692 2359 venerint,
1738 2313 1812 2349 hoc
1828 2315 1867 2350 35

495 2381 552 2408 est
605 2372 883 2420 principaliter
928 2381 969 2408 ut
1016 2373 1198 2408 furentur
1246 2380 1283 2407 et
1340 2379 1516 2407 mactent
1561 2379 1598 2407 et
1642 2371 1812 2418 perdant

495 2430 650 2467 animas
690 2432 823 2478 quoad
856 2433 999 2475 Deum,
1038 2429 1132 2478 quia
1164 2430 1195 2465 si
1235 2442 1325 2466 cum
1367 2428 1453 2465 istis
1486 2428 1648 2477 paribus
1680 2427 1806 2465 vicem

495 2497 637 2535 gerunt
670 2488 838 2524 alicuius
871 2488 1058 2536 apostoli,
1093 2489 1168 2524 hoc
1203 2496 1259 2523 est
1292 2487 1549 2523 solummodo
1573 2485 1809 2532 ScariothiS,

496 2555 533 2582 et
562 2543 566 2598 Ι
596 2546 768 2582 breviter
813 2547 974 2582 attende
1022 2547 1071 2581 ad
1116 2546 1220 2593 leges
1260 2558 1364 2590 suas,
1412 2544 1692 2581 ordinaciones
1731 2543 1810 2581 sive
1847 2549 1932 2593 400⁶

497 2603 690 2640 miracula
738 2612 775 2640 et
820 2603 859 2639 in
904 2603 1047 2640 maiori
1092 2612 1205 2651 parte
1249 2616 1330 2639 non
1383 2603 1543 2650 sapiunt
1595 2601 1869 2639 utilitatem40

496 2662 629 2698 anime
662 2663 711 2698 ad
748 2662 1036 2698 beatitudinem
1077 2661 1368 2709 acquirendum
1407 2662 1475 2697 sed
1507 2661 1652 2696 fastum
1687 2658 1810 2695 seculi

565 2790 592 2816 6.
615 2790 686 2816 Ain
704 2797 817 2824 margi:
840 2789 873 2816 B.
961 2788 999 2816 13.
1021 2789 1061 2815 B:
1084 2789 1304 2816 Dioclt'sianus.
1398 2796 1438 2823 ¹9-
1460 2789 1503 2815 A:
1543 2788 1574 2815 in
1596 2787 1698 2815 before
1717 2787 1810 2814 arida

497 2824 590 2851 deest.
682 2832 726 2858 27.
747 2825 775 2851 A
801 2825 828 2851 in
847 2832 959 2858 marg:
984 2825 1015 2850 C.
1096 2832 1141 2858 29.
1164 2824 1202 2851 B:
1225 2831 1391 2859 nunquam.
1497 2821 1535 2850 31.
1557 2824 1601 2849 A:
1623 2830 1701 2849 emm
1717 2822 1808 2849 deest.

498 2858 544 2886 3⁶.
567 2861 608 2885 Λ·
631 2862 767 2886 meclent.
858 2866 899 2891 211.
924 2861 966 2885 A:
999 2858 1054 2885 ‚ced
1072 2861 1214 2890 stastunm
1236 2859 1265 2885 ib
1288 2861 1313 2885 Α
1335 2858 1362 2884 in
1386 2866 1498 2892 marg.z
1532 2858 1578 2884 De
1598 2857 1808 2883 Eucltartstia.
