2003 3322
181 224 269 254 CAP.
290 216 446 271 XXXIV]
692 228 831 259 PRIMA
858 228 983 259 PARS.

239 337 382 372 Utrum
417 343 549 371 autem
573 334 716 382 prelati
738 334 805 382 qui
842 347 924 371 non
947 333 1157 371 docuerint
1188 334 1315 382 legem
1342 335 1489 372 Christi

182 406 232 430 an
260 392 402 441 prelati
435 392 501 428 alii
525 392 592 440 qui
616 394 759 429 docent
782 394 887 429 bona
909 392 949 429 in
970 392 1099 429 verbis
1123 400 1160 428 et
1183 401 1273 428 sunt
1296 392 1370 429 sibi
1393 393 1489 441 ipsis

183 449 382 487 contrarii·
404 450 446 486 in
477 462 611 498 opere,
646 458 737 487 sunt
770 450 927 498 peiores
959 451 1093 498 quoad
1112 452 1255 496 Deum,
1288 449 1380 487 licet
1412 450 1489 487 sint

181 508 221 544 in
253 507 420 545 ecclesia
453 508 662 553 militante,
697 516 753 544 est
793 508 1008 545 difficultas
1047 508 1155 556 apud
1187 507 1358 556 aliquos.
1413 509 1489 544 Sed

149 565 336 602 5videtur
367 578 440 613 pro
481 566 556 602 hoc
599 566 688 602 loco
732 566 913 603 sufficere
960 567 1069 614 quod
1113 565 1255 613 prelati
1300 567 1490 602 docentes

180 636 318 661 verum
352 635 511 659 sensum
545 623 787 660 catholicum
812 633 849 660 et
871 623 1044 660 viventes
1069 623 1281 674 contrarie,
1315 625 1490 661 secundo

181 680 324 730 prelati
358 682 544 718 docentes
577 682 726 729 dogma
758 682 902 718 falsum
937 691 975 718 et
1006 681 1180 722 viventes
1214 682 1330 727 male,
1365 681 1490 718 tercio

182 751 276 776 vero
308 738 452 786 prelati
485 740 806 776 obmutescentes
852 739 892 775 in
926 739 1109 776 doctrina
1153 751 1230 788 que
1274 739 1492 787 pertineret

182 809 254 833 suo
277 796 415 844 statui3
440 809 591 844 omnes,
616 797 794 845 inquam,
825 797 889 833 isti
912 806 991 834 tres
1012 806 1209 834 vocantur
1231 798 1337 846 apud
1362 799 1490 834 Deum

128 868 166 889 xo
183 863 220 891 et
253 854 355 891 cives
389 855 554 891 ecclesie
577 855 864 903 triumphantis
898 855 1054 891 minimi
1086 854 1127 891 in
1149 867 1272 903 regno
1296 856 1488 901 celorum,

183 912 275 961 quia
308 921 399 948 sunt
432 912 593 960 pessimi
627 912 834 949 existentes
867 922 909 949 ut
943 913 1058 961 palea
1103 912 1143 949 in
1176 913 1343 949 ecclesia
1389 912 1491 949 mili-

181 979 302 1007 tante.
337 971 448 1006 Unus
472 979 607 1007 tamen
629 970 798 1007 istorum
832 970 953 1007 trium
977 979 1139 1019 superat
1162 971 1203 1007 in
1226 984 1305 1007 una
1330 971 1491 1007 racione

183 1027 339 1064 malicie
373 1036 409 1064 et
443 1027 543 1064 alius
576 1027 616 1064 in
649 1028 751 1073 alia;
783 1030 888 1065 Deus
921 1037 1055 1065 autem
1089 1028 1163 1065 scit
1196 1029 1284 1077 quis
1329 1028 1491 1065 illorum

181 1085 230 1122 sit
261 1085 377 1134 peior
408 1085 669 1133 simpliciter;
700 1087 769 1122 sed
800 1086 958 1123 videtur
989 1087 1098 1135 quod
1131 1086 1274 1134 prelati
1310 1086 1491 1123 moderni

129 1146 164 1178 15
181 1143 248 1192 qui
280 1144 341 1180 vel
378 1153 604 1180 mutescunt
637 1157 659 1180 a
692 1144 875 1181 doctrina
908 1144 1000 1180 fidei
1034 1144 1249 1181 christiane
1279 1145 1341 1181 vel
1364 1144 1494 1192 predi-

181 1210 273 1238 cant
321 1200 450 1249 ipsam
483 1202 579 1238 false
628 1202 775 1238 habent
820 1202 1025 1238 racionem
1074 1201 1290 1250 pessimam
1335 1202 1376 1238 in
1419 1202 1495 1239 hiis

182 1259 323 1304 tribus,
361 1258 455 1307 quia
498 1271 570 1295 nec
616 1260 760 1296 docent
803 1272 876 1296 nec
920 1259 1083 1298 faciunt.
1131 1259 1312 1297 Christus
1360 1269 1496 1297 tamen

183 1316 279 1353 dicit
302 1318 350 1353 de
378 1316 587 1365 phariseis:
628 1317 764 1353 Omnia
787 1330 1017 1367 quecumque
1039 1318 1211 1354 dixerint
1239 1318 1344 1355 vobis
1355 1319 1494 1367 facite.

183 1376 270 1411 Hoc
305 1383 444 1410 tamen
476 1387 556 1411 non
589 1375 739 1412 diceret
771 1377 819 1412 de
852 1374 938 1412 istis
960 1375 1068 1412 falsis
1091 1375 1254 1424 prelatis
1279 1376 1494 1413 modernis.

125 1445 167 1467 20
184 1431 225 1469 Si
259 1441 394 1469 autem
428 1432 570 1480 prelati
605 1433 788 1469 moderni
821 1434 882 1470 vel
914 1442 1065 1470 veteres
1098 1434 1324 1470 habuerunt
1356 1447 1378 1470 a
1410 1436 1494 1471 Deo

184 1490 382 1527 maiorem
427 1490 603 1538 graciam
650 1499 770 1539 atque
815 1491 1007 1528 noticiam
1055 1500 1092 1528 et
1135 1491 1241 1540 ipsas
1289 1493 1494 1529 abutendo

182 1556 415 1596 receperant
466 1548 554 1596 plus
611 1548 778 1597 ingrate,
831 1558 927 1586 tunc
979 1549 1134 1586 videtur
1187 1551 1295 1597 quod
1349 1551 1495 1586 habent

181 1605 375 1642 maiorem
400 1605 603 1642 racionem
629 1606 795 1654 peccati.
832 1608 909 1644 Sed
935 1620 1017 1643 non
1051 1616 1107 1643 est
1131 1616 1314 1644 nostrum
1337 1616 1492 1656 partem

182 1662 349 1700 istarum
383 1664 549 1700 alteram
585 1664 820 1712 simpliciter
854 1664 1037 1703 diffinire.

124 1723 163 1756 25
239 1721 508 1758 Crisostomus
537 1730 670 1758 autem
695 1722 750 1759 sic
773 1722 971 1771 loquitur:
1007 1723 1151 1770 Primo,
1185 1722 1329 1771 inquit,
1365 1723 1491 1759 videa-

179 1791 264 1815 mus
295 1791 364 1828 que
393 1787 481 1816 sunt
511 1780 668 1816 minima
700 1780 771 1816 ista
804 1781 1000 1827 mandata,
1037 1788 1071 1817 et
1103 1781 1171 1817 alii
1198 1781 1348 1829 quidem
1379 1781 1493 1817 aliter

180 1836 426 1886 interpretati
454 1845 555 1884 sunt,
588 1838 656 1873 alii
685 1845 810 1873 autem
845 1839 970 1876 aliter.
1012 1839 1110 1875 Puto
1142 1846 1266 1875 autem
1300 1839 1380 1888 ipse
1410 1839 1492 1875 Do-

179 1894 303 1931 minus
334 1895 536 1944 manifeste
568 1896 744 1932 ostendat
777 1896 905 1932 dicens
946 1896 1290 1933 demonstratorie:
1338 1897 1381 1932 Si
1410 1897 1493 1945 quis

178 1952 338 1988 solverit
370 1965 484 1988 unum
519 1953 565 1989 de
588 1954 781 1989 mandatis
804 1953 885 1990 istis
908 1954 1087 2001 minimis,
1121 1955 1160 1990 id
1181 1961 1249 2000 est,
1283 1966 1353 2003 que
1375 1955 1492 1991 modo

60 2009 141 2053 367b
180 2009 353 2046 dicturus
374 2023 470 2047 sum.
505 2011 606 2046 Nam
630 2011 718 2047 talis
741 2018 796 2047 est
820 2012 955 2048 modus
982 2010 986 2058 Ι
1017 2012 1196 2060 loquendi
1223 2012 1258 2048 in
1281 2012 1492 2061 scriptura,

179 2068 263 2116 quia
309 2080 379 2116 que
419 2076 508 2117 post
552 2068 743 2105 modicum
789 2076 875 2105 sunt
920 2069 1063 2105 dicturi
1107 2070 1217 2119 quasi
1258 2070 1334 2105 iam
1392 2071 1492 2106 dicta

180 2126 452 2171 demonstrent,
485 2126 581 2162 sicut
603 2127 699 2162 enim
723 2127 794 2162 ibi:
825 2127 964 2163 Audite
987 2128 1054 2164 hec
1076 2140 1206 2164 omnes
1227 2135 1375 2178 gentes,
1412 2128 1494 2172 Que

179 2183 276 2219 hec?
319 2183 406 2220 Nisi
448 2196 517 2232 que
560 2184 595 2219 in
642 2185 881 2232 sequentibus
925 2185 1124 2221 versiculis
1176 2192 1261 2221 erat
1307 2185 1491 2222 dicturus.

179 2241 369 2276 Mandata
402 2241 524 2291 igitur
555 2242 692 2292 Moysi
722 2243 757 2278 in
792 2250 878 2278 actu
901 2243 1043 2291 facilia
1075 2251 1183 2279 sunt:
1214 2243 1302 2279 Non
1330 2244 1490 2289 occides,

123 2298 161 2332 35
179 2310 251 2334 non
295 2299 546 2346 adulterabis,
594 2306 628 2335 et
672 2300 755 2336 ideo
809 2300 845 2335 in
886 2301 1201 2337 remuneracione
1244 2301 1410 2346 modica,
1455 2302 1490 2337 in

175 2363 333 2404 peccato
378 2369 534 2406 magna.
580 2356 769 2393 Mandata
816 2365 940 2394 autem
979 2357 1137 2404 Christi,
1183 2359 1222 2394 id
1261 2366 1328 2403 est,
1376 2372 1493 2408 neque

180 2413 365 2450 irascaris
408 2426 524 2461 neque
567 2415 825 2463 concupiscas,
871 2416 907 2451 in
946 2416 1027 2465 ipso
1061 2424 1149 2452 actu
1182 2417 1356 2465 difficilia
1388 2425 1490 2463 sunt,

180 2478 215 2507 et
246 2471 330 2507 ideo
364 2472 398 2507 in
433 2473 746 2508 remuneracione
778 2485 922 2523 magna
955 2481 1055 2520 sunt,
1095 2474 1130 2510 in
1158 2482 1319 2523 peccato
1363 2482 1489 2511 autem

180 2528 347 2564 minima.
393 2529 581 2573 Quoniam
615 2530 806 2566 abstinere
848 2531 894 2567 ab
941 2531 1145 2568 homicidio
1188 2539 1254 2568 aut
1296 2532 1491 2569 adulterio

248 2669 273 2688 2.
295 2661 412 2689 Codd.:
432 2670 473 2690 an
494 2663 586 2690 deest⁴
696 2671 725 2698 9.
745 2665 789 2691 A:
823 2664 948 2699 inquam
968 2664 1061 2692 deest.
1171 2673 1213 2692 22.
1235 2665 1273 2693 B:
1304 2666 1489 2701 reciperant.

179 2695 223 2765 Ξξ.
245 2696 489 2759 ἑεεὶζῖῑὲιὲαενὲιέῒ.
571 2696 617 2733 30,
650 2696 689 2725 31.
720 2699 766 2726 A:
797 2699 962 2734 scripturis
994 2707 1061 2734 que.
1175 2699 1218 2727 32.
1250 2701 1294 2728 A:
1327 2701 1408 2729 sicut
1436 2704 1489 2728 est.

178 2789 317 2868 ΧΙᾸΙῙῗΠ
328 2791 447 2822 Matth.
466 2792 584 2832 XXIII,
614 2793 642 2825 3.
717 2794 768 2826 25.
789 2793 856 2835 Op.
876 2793 974 2835 Imp.,
997 2793 1018 2824 l.
1039 2804 1066 2824 c.
1086 2804 1118 2835 p.
1138 2804 1215 2837 794.
1292 2796 1344 2828 31.
1360 2795 1488 2827 Psalm.

322 2861 330 2877 ,
357 2846 385 2868 2.

1704 231 1771 258 121

1549 343 1663 371 Which
1684 351 1734 370 are

1531 382 1643 410 worst;
1664 378 1753 406 those

1539 413 1609 440 who
1631 412 1670 439 do
1691 417 1744 440 not

1511 447 1609 481 mach,
1629 455 1665 475 or
1684 448 1772 475 those

1551 482 1622 509 who
1642 482 1728 510 teach

1518 517 1629 552 rightly
1651 517 1703 544 but
1723 516 1762 544 do

1557 551 1718 588 wrongly?

1569 919 1637 947 God
1659 920 1731 956 only

1585 956 1704 982 knows.

1537 1730 1752 1763 chrysostom.

1593 1777 1707 1805 ‘These

1554 1812 1736 1840 command-

1588 1847 1699 1874 ments'

1564 1890 1614 1909 are
1633 1883 1721 1909 those

1507 1916 1609 1944 which
1631 1917 1736 1945 Christ
1756 1917 1782 1944 is

1571 1952 1665 1979 about
1684 1957 1715 1979 to

1583 1986 1712 2014 declare.
