2003 3322
170 862 207 882 10

174 2296 213 2328 35

218 213 308 242 CAP.
329 204 456 258 xxm]
738 216 877 247 PRIMA
905 216 1031 248 PARS.

219 323 355 358 scindit
388 323 642 371 disciplinam.
678 323 783 358 Sicut
807 323 933 358 tunica
958 330 1077 357 totum
1103 335 1244 371 corpus
1262 330 1400 371 preter
1423 330 1536 371 caput

220 381 378 429 tegitur,
403 381 453 416 ita
479 380 679 429 disciplina
704 380 865 428 quelibet
895 381 1062 423 ecclesie,
1088 387 1225 428 preter
1253 380 1449 415 Christum
1476 380 1539 428 qui

220 438 375 474 ecclesie
407 445 520 487 caput
552 445 606 474 est
639 446 674 473 et
705 439 772 474 sul)
807 439 1007 487 disciplina
1043 450 1114 473 nau
1149 446 1216 483 est,
1244 438 1472 487 protegitur
1504 445 1538 472 et

220 503 395 533 ornatur.
443 497 530 544 Ipsa
572 508 663 532 vero
703 503 883 531 contexta
924 497 1090 544 desuper
1113 496 1254 543 suerat
1292 508 1366 544 per
1404 502 1539 539 totum,

220 554 305 602 quia
340 555 471 589 eadem
507 554 707 602 disciplina
741 554 897 589 ecclesie
920 566 940 588 a
965 554 1132 589 Domino
1166 554 1212 589 a⁷e
1245 554 1324 589 celo
1357 553 1540 588 tribuitur

221 618 255 646 et
288 612 522 661 integratur.
568 612 630 646 De
663 624 734 660 qua
768 612 971 651 Dominus,
1013 624 1097 647 cum
1132 612 1183 646 ad
1216 611 1373 646 Patrem
1407 623 1536 646 ascen-

221 669 338 705 disset
364 677 568 718 postquam
612 670 832 705 resurrexit
871 682 892 704 a
933 670 1096 704 mortuis
1134 670 1185 704 aa'
1223 670 1418 718 apostolos
1450 681 1538 705 suos

222 727 467 775 loquebatur:
507 727 579 762 Vos
611 734 736 762 autem
771 728 897 762 sedete
936 728 970 762 in
1014 728 1165 762 civitate
1201 727 1447 775 quoadusque
1485 727 1538 762 in-

222 785 393 819 duamini
437 785 577 820 virtute
624 797 673 821 ex
717 785 807 822 alto.
862 786 1001 820 Tunica
1048 797 1137 820 vero
1182 785 1359 833 corporis
1397 785 1544 820 Cliristi

223 843 424 891 disciplina
464 843 619 878 ecclesie
657 850 724 882 est,
772 843 835 891 qui
872 851 996 878 autem
1037 850 1151 878 extra
1192 843 1433 891 disciplinam
1473 850 1541 885 est,

222 901 368 936 alienus
400 908 454 936 est
477 914 497 936 a
522 913 686 949 corpore
715 900 871 936 Clzristi.
907 902 992 936 Non
1025 901 1248 936 scindamus
1271 900 1394 950 igitur
1418 901 1537 944 illam⁷

223 959 290 994 sea'
328 959 547 994 sorciamur
586 959 631 994 cle
670 959 736 994 illa
776 959 881 993 cuius
924 959 985 1001 sit,
1032 959 1070 993 ia'
1114 966 1180 1004 est,
1228 971 1300 994 non
1344 959 1542 994 solvamus

224 1016 422 1064 quicquam
465 1018 511 1052 ale
550 1017 742 1051 mandatis
774 1017 943 1059 Domini,
989 1018 1057 1052 sed
1101 1016 1357 1064 zmusquisque
1395 1017 1430 1051 in
1470 1028 1541 1064 quo

226 1082 382 1109 vocatus
410 1082 476 1117 est,
505 1075 540 1109 in
563 1087 604 1110 eo
624 1082 852 1122 permaneat
875 1075 979 1123 apud
1001 1075 1139 1109 Deum.
1175 1076 1257 1109 Hec
1281 1073 1540 1121 Augustinus.

284 1134 337 1167 Ex
361 1131 444 1168 istis
469 1132 584 1168 dictis
601 1132 812 1179 Augustini
837 1145 926 1167 cum
953 1133 1078 1168 abusu
1103 1133 1351 1180 prelatorum
1377 1132 1541 1167 ecclesie

226 1199 335 1237 patet
375 1192 483 1238 quod
522 1191 708 1226 scindunt
748 1190 925 1225 tunicam
968 1203 1088 1237 quam
1124 1190 1304 1225 Christus
1343 1190 1542 1226 ordinavit

176 1260 185 1271 0
226 1248 519 1293 inconsutilem,
559 1247 651 1296 quia
684 1249 811 1296 legen]
837 1248 907 1283 Dei
937 1244 940 1300 Ι
969 1248 1146 1284 lacerant
1169 1248 1229 1283 vel
1254 1257 1542 1295 contempnunt

226 1314 262 1341 et
296 1315 547 1354 exequuntur
584 1307 689 1353 leges
730 1306 937 1342 hominum
979 1319 1053 1353 que
1092 1306 1247 1341 lucrum
1290 1306 1343 1342 eis
1384 1306 1543 1353 sapiunt

225 1364 285 1399 vel
318 1364 528 1400 honorem.
574 1366 685 1400 Patet
718 1363 948 1411 incipiendo
982 1377 1003 1400 a
1038 1366 1218 1400 Romano
1253 1364 1444 1412 pontifice
1477 1364 1544 1411 qui

226 1421 466 1458 tradiciones
511 1435 601 1458 suas
642 1422 849 1469 exequitur
889 1431 924 1457 et
970 1422 1136 1457 dimittit
1181 1422 1401 1469 practicam
1448 1422 1544 1469 legis

227 1479 387 1516 Christi.
423 1481 535 1516 Unde
569 1480 779 1528 tripliciter
813 1480 1007 1527 contingit
1040 1480 1206 1516 clericos
1240 1481 1341 1516 hanc
1365 1479 1541 1516 tunicam

228 1538 430 1573 defedare:
487 1538 659 1583 Quidam
715 1537 818 1573 enim
873 1538 1111 1574 Antichristi
1165 1538 1352 1585 discipuli
1407 1538 1544 1574 dicunt

228 1604 264 1631 et
297 1595 475 1642 garriunt
521 1598 627 1644 quod
672 1596 730 1631 lex
765 1595 911 1631 Christi
963 1604 1019 1631 est
1069 1595 1453 1643 impossibilissima3
1509 1604 1546 1631 et

228 1654 442 1701 deturpant
476 1663 670 1702 quantum
704 1653 744 1689 in
777 1653 872 1701 ipsis
906 1662 961 1690 est
995 1655 1097 1690 hanc
1130 1654 1307 1690 tunicam
1342 1662 1543 1690 screantes

228 1711 544 1748 antichristivum
586 1711 780 1749 vomitum
821 1721 863 1747 ut
894 1724 1104 1748 venenum.
1160 1714 1237 1748 Sed
1270 1711 1397 1748 sciant
1437 1713 1543 1760 quod

230 1770 302 1806 hec
354 1770 490 1806 tunica
548 1770 744 1817 scripture
804 1779 860 1806 est
919 1770 1169 1807 inconsutilis
1229 1771 1399 1818 desuper
1452 1782 1544 1805 con-

227 1837 333 1864 texta
381 1840 452 1876 per
501 1836 644 1864 totum.
703 1827 876 1864 Secundi
932 1840 1025 1864 vero
1082 1828 1259 1864 videntes
1305 1829 1413 1876 quod
1464 1840 1546 1863 non

227 1895 394 1933 possunt
426 1886 528 1922 hanc
562 1885 738 1922 tunicam
773 1887 951 1922 lacerare
984 1886 1153 1922 dilatant
1196 1898 1283 1921 eam
1324 1886 1543 1922 secundum

228 1944 376 1980 formas
419 1944 618 1980 indebitas
663 1953 700 1980 et
744 1956 812 1979 sue
857 1943 1158 1980 conversacioni
1197 1943 1401 1991 applicant
1446 1943 1545 1979 dila-

228 2010 367 2040 tatam.
421 2004 469 2037 Et
509 2001 550 2037 in
584 2001 659 2038 isto
693 2003 819 2038 abusu
852 2002 988 2038 vivunt
1020 2002 1162 2038 fratres
1202 2011 1238 2037 et
1272 2001 1445 2049 religiosi
1479 2001 1545 2037 alii

229 2072 300 2095 suo
323 2059 478 2107 privato
511 2059 641 2096 ordini
666 2060 856 2108 quicquid
889 2059 1054 2096 fecerint
1088 2061 1135 2095 de
1168 2059 1358 2107 operibus
1383 2059 1545 2096 Domini

229 2118 489 2165 applicantes.
536 2117 666 2154 Tercii
711 2130 803 2154 vero
847 2117 1025 2153 videntes
1071 2119 1177 2165 quod
1223 2119 1295 2153 hec
1341 2119 1419 2153 duo
1464 2130 1546 2153 non

229 2175 446 2223 proficiunt
479 2188 551 2211 nec
585 2177 730 2211 cedunt
763 2175 966 2211 utentibus
1000 2177 1047 2211 ad
1083 2177 1293 2215 honorem,
1340 2175 1545 2223 accipiunt

229 2242 383 2281 partem
431 2234 628 2281 scripture
673 2243 880 2281 tamquam
928 2242 1081 2281 partem
1129 2233 1265 2269 tunice
1297 2233 1460 2269 Domini
1510 2242 1545 2268 et

231 2303 348 2338 super
381 2291 489 2327 illam
523 2291 739 2327 investiunt
772 2292 877 2339 leges
911 2293 1107 2327 humanas
1140 2301 1177 2327 et
1209 2291 1264 2327 sic
1300 2291 1471 2327 militant
1504 2300 1546 2326 ut

232 2349 449 2389 deformes:
504 2358 540 2385 et
584 2349 624 2385 in
662 2349 739 2385 isto
779 2351 904 2396 gradu
944 2349 1120 2385 invenies
1167 2350 1314 2385 multos
1359 2351 1544 2384 doctores

230 2406 463 2443 tradicionis
508 2408 681 2443 humane
722 2407 788 2455 qui
828 2420 965 2443 omnes
1004 2408 1107 2443 ultra
1147 2407 1292 2443 milites
1332 2406 1547 2455 paganicos

231 2465 409 2501 tunicam
443 2465 604 2501 Domini
638 2465 918 2501 inconsutilem
954 2466 1219 2501 dehonorant.

308 2652 332 2671 2.
354 2645 472 2672 coda:
494 2645 628 2680 quilibet.
650 2646 681 2672 In
703 2649 784 2671 textu
807 2645 989 2677 Augustini:
1011 2645 1118 2672 omnis.
1200 2653 1237 2672 12.
1260 2645 1377 2673 Codd.:
1399 2646 1485 2672 cuius
1510 2645 1550 2672 sit

235 2680 327 2741 <Inestx
358 2713 386 2750 s
409 2679 510 2741 maliis:
533 2679 742 2716 Augustinus:
762 2682 788 2706 Λ
810 2681 838 2707 iu
862 2689 975 2714 marga
996 2679 1162 2707 Jolzannes.
1241 2681 1286 2707 28.
1308 2681 1351 2707 A:
1373 2680 1452 2707 lianc
1471 2680 1547 2707 tuni.

234 2722 279 2745 20-
302 2722 312 2741 i
339 2724 344 2742 :
383 2723 447 2741 orni
483 2724 515 2741 ze.

303 2794 334 2816 2.
359 2786 437 2817 Joh.
461 2787 549 2826 XIX⁷
584 2796 636 2828 24.
783 2797 816 2827 4.
844 2787 887 2818 ib.
922 2787 976 2819 23.
1123 2785 1156 2817 8.
1191 2787 1305 2817 Lucae
1331 2787 1451 2826 XXIV,
1491 2796 1548 2829 49.

240 2843 289 2864 11.
314 2832 392 2864 Joh.
418 2833 504 2873 X1X‚
532 2843 585 2874 24.

1774 220 1824 255 70

1592 1128 1789 1155 Antichrist‘s

1582 1164 1728 1198 disciples
1749 1168 1813 1190 tear

1567 1199 1616 1225 the
1637 1203 1775 1232 garment
1795 1198 1829 1225 of

1637 1233 1757 1266 Christ3

1567 1786 1602 1804 or
1623 1778 1735 1805 stretch
1759 1778 1780 1804 it
1801 1782 1830 1804 to

1585 1821 1675 1839 cover
1697 1813 1777 1839 what
1797 1813 1817 1839 it

1613 1848 1706 1882 ought
1727 1852 1790 1881 not,

1567 2191 1603 2210 or·
1623 2183 1797 2210 dishonour
1817 2183 1839 2209 it

1610 2219 1646 2253 hy
1670 2219 1782 2244 human

1614 2253 1781 2279 additions.
