2062 3327
224 251 275 286 42
930 251 1049 283 OPUS
1074 252 1410 284 EVANGELICUM
1623 240 1728 294 [CAP-
1750 249 1829 276 XIII.

515 358 617 394 sicut
663 357 956 406 multiplicatur
1000 358 1129 394 dictus
1175 371 1302 404 amor,
1348 358 1403 395 sic
1457 367 1494 394 et
1542 358 1831 407 multiplicatur

515 415 806 454 misericordia.
853 416 1014 453 Miseria
1060 429 1152 453 vero
1197 416 1504 464 multiplicatur,
1551 416 1652 453 sicut
1697 417 1830 454 multi-

514 474 688 522 plicatur
727 474 877 511 malum
916 474 1105 520 hominis,
1153 474 1246 523 quia
1286 474 1445 510 miseria
1483 473 1583 510 nihil
1621 474 1730 511 aliud
1773 483 1830 511 est

514 545 636 580 quam
672 532 766 568 boni
800 532 978 569 defectus
1010 533 1071 569 vel
1102 532 1294 580 privacio.
1336 535 1493 569 Bonum
1526 544 1620 569 vero
1654 532 1829 569 hominis

514 599 581 627 aut
620 599 678 627 est
720 591 870 626 bonum
913 590 1046 627 anime
1092 600 1160 627 aut
1205 593 1354 628 bonum
1402 590 1630 639 corporale3
1679 593 1863 628 bonum5

512 661 605 685 vero
648 647 781 685 anime
827 649 970 697 duplex
1015 658 1086 695 est,
1143 648 1391 686 illuminacio
1449 648 1601 685 scilicet
1645 657 1829 698 aspectus

514 707 658 743 mentis
693 715 729 743 et
762 707 962 743 rectitudo
995 706 1174 746 affectus.

221 769 498 817 -Sppiritualnrisery
571 765 725 813 Duplex
757 764 877 813 igitur
912 774 969 801 est
1001 765 1126 801 animi
1167 765 1341 811 miseria,
1377 764 1528 802 scilicet
1562 765 1829 802 tenebrositas

221 803 745 874 xisgggrtgsscgekffds‚ignorancie
770 834 806 859 et
828 823 1044 860 voluntatis
1069 837 1091 860 a
1115 823 1355 860 rectitudine
1379 823 1572 860 deviacio.
1603 825 1829 872 Utrumque

233 874 392 909 perverted
415 873 486 901 ΜΗ·
513 890 647 918 autem
682 883 832 917 bonum
861 881 993 918 anime
1017 881 1057 918 in
1081 882 1198 918 unius
1221 882 1452 918 intencione
1474 882 1574 918 solet
1598 881 1828 930 complecti,
1850 894 1888 914 10

511 939 664 976 scilicet
696 939 735 975 in
770 940 844 976 hoc
877 939 1041 976 nomine
1073 941 1264 990 sapienca,
1300 949 1337 976 et
1368 948 1538 989 utraque
1562 939 1644 976 eius
1669 939 1829 977 miseria

513 1007 570 1035 est
601 997 643 1034 in
666 998 742 1034 hoc
774 998 937 1035 nomine
969 999 1150 1035 stulticia.
1200 1000 1330 1035 Unum
1364 1007 1494 1035 totum
1519 999 1670 1034 bonum
1694 998 1827 1035 anime

512 1065 569 1093 est
601 1056 804 1104 sapiencia
839 1065 875 1093 et
907 1065 993 1093 tota
1026 1056 1110 1093 eius
1143 1056 1306 1094 miseria
1339 1065 1397 1093 est
1430 1055 1619 1093 stulticia.
1665 1056 1826 1093 Miserie

511 1127 606 1151 vero
647 1115 878 1163 corporales
919 1123 1010 1151 sunt
1049 1116 1227 1152 defectus
1269 1115 1359 1162 eibi,
1395 1123 1431 1151 et
1464 1116 1540 1151 hoc
1574 1123 1631 1150 est
1664 1114 1826 1161 esuries,

513 1183 549 1210 et
583 1173 759 1209 defectus
790 1182 920 1221 potus,
967 1182 1004 1209 et
1037 1174 1111 1209 hoc
1146 1182 1202 1210 est
1235 1173 1333 1221 sitis,
1368 1182 1411 1209 ut
1443 1172 1475 1209 si
1507 1173 1698 1209 vellemus
1731 1173 1826 1209 istas
1848 1174 1884 1207 15

514 1233 611 1268 duas
631 1231 811 1268 miserias
831 1231 957 1279 magis
976 1244 1046 1279 per
1067 1244 1106 1268 se
1130 1231 1316 1278 diffinire,
1333 1231 1555 1268 diceremus
1579 1243 1644 1267 eas
1663 1243 1746 1267 esse
1762 1232 1827 1267 de-

513 1291 638 1327 fectus
653 1289 855 1326 sacietatis
871 1289 1074 1338 appetitus
1090 1290 1208 1327 calidi
1228 1299 1265 1326 et
1288 1290 1383 1327 sicci
1403 1298 1440 1326 et
1456 1289 1587 1337 frigidi
1605 1297 1642 1325 et
1657 1289 1825 1326 humidi.

514 1348 656 1385 Omnis
690 1348 795 1385 enim
837 1348 998 1385 miseria
1031 1357 1089 1385 est
1122 1348 1289 1385 alicuius
1328 1348 1384 1384 rei
1419 1347 1596 1396 appetite
1636 1348 1827 1395 privaciO.

234 1409 490 1458 ‚Issodily'mise¹·y,
571 1409 682 1453 Item,
709 1406 867 1443 miserie
885 1407 1114 1454 corporales
1138 1415 1229 1443 sunt
1250 1406 1425 1453 nuditas,
1450 1404 1618 1453 hospicii
1635 1406 1827 1453 defectus,

233 1445 487 1514 lssiiaiiifftiiiiiigm
515 1464 711 1513 egritudo,
758 1465 797 1501 id
831 1473 902 1515 est,
949 1464 1130 1501 sanitatis
1174 1464 1354 1513 privacio
1401 1472 1437 1500 et
1483 1464 1660 1500 defectus
1705 1464 1828 1501 libere
1845 1476 1886 1497 20

296 1514 427 1541 needful.
512 1523 723 1571 potestatis
761 1522 821 1559 sui
862 1523 1045 1571 corporis
1090 1532 1127 1559 et
1173 1536 1337 1559 suorum
1384 1523 1673 1570 membrorum,
1719 1524 1828 1571 quod

512 1582 554 1618 fit
587 1594 657 1630 per
680 1581 1066 1618 incarceracionem.
1101 1583 1251 1618 Omnes
1274 1581 1411 1629 itaque
1434 1587 1644 1617 numerate
1668 1580 1827 1617 miserie

510 1648 664 1688 septem
710 1648 815 1686 sunt,
861 1652 940 1676 una
985 1639 1134 1676 scilicet
1180 1639 1313 1676 anime
1347 1652 1423 1688 que
1468 1647 1525 1675 est
1570 1638 1745 1675 stulticia
1790 1647 1827 1675 et

509 1698 710 1746 sapiencie
743 1697 920 1746 privacio
962 1707 999 1734 et
1037 1710 1101 1734 sex
1134 1710 1364 1746 corporum,
1400 1710 1498 1745 quas
1533 1709 1598 1733 sex
1630 1697 1826 1734 Dominus

510 1756 594 1805 ipse
627 1756 668 1792 in
701 1756 906 1804 evangelio
941 1755 1107 1793 Matthei
1140 1757 1244 1792 XXV
1277 1764 1498 1792 enumerat.
1843 1756 1882 1787 25

226 1815 323 1866 Sey-en
346 1816 489 1877 ¹³¹¹5³58i
569 1814 828 1863 Septemplici
862 1827 956 1862 ergo
990 1813 1183 1851 divisione
1209 1813 1495 1862 comprehendi
1520 1822 1651 1861 potest
1676 1812 1826 1850 miseri-

230 1856 445 1921 nutrlfcylaelxmgr
474 1861 487 1877 δ
511 1873 648 1910 cordia
672 1885 749 1922 que
773 1885 867 1921 ergo
882 1872 991 1909 vivos
1016 1881 1232 1910 exercetur.
1258 1874 1347 1909 Non
1371 1871 1476 1908 enim
1501 1880 1597 1908 tunc
1621 1871 1826 1919 loquimur

511 1933 558 1967 de
591 1931 658 1967 illo
692 1943 813 1979 opere
847 1930 1123 1967 misericordie
1156 1930 1307 1967 scilicet
1340 1938 1595 1966 mortuorum
1618 1929 1825 1978 sepultura

512 1991 559 2025 de
605 2002 685 2038 quo
732 1989 882 2026 Tobias
922 1989 1123 2035 laudatur⁷
1164 2002 1240 2037 que
1280 1987 1558 2025 misericordia
1596 1988 1698 2024 forte
1736 1988 1824 2036 plus

510 2047 607 2085 vivis
641 2047 920 2096 superstitibus
954 2060 1077 2095 quam
1111 2047 1207 2095 ipsis
1240 2046 1412 2083 mortuis
1445 2045 1705 2094 impenditur.
1841 2048 1883 2080 30

219 2106 496 2157 Preachi1ig)istl1e
570 2105 703 2142 Prima
736 2105 858 2154 igitur
893 2114 928 2142 et
951 2105 1143 2153 precipua
1178 2104 1456 2142 misericordia
1490 2113 1546 2140 est
1580 2117 1694 2140 amor
1726 2104 1825 2140 rele-

229 2142 628 2212 fgirigtcitiissiiffclgi.vandi
673 2165 838 2201 stultum
878 2176 899 2200 a
938 2163 1111 2200 stulticie
1157 2163 1329 2210 miseria,
1376 2172 1419 2199 ut
1462 2174 1533 2210 per
1577 2161 1823 2210 sapienciam

509 2222 759 2259 illuminetur
803 2221 886 2258 eius
932 2222 1076 2258 mentis
1121 2230 1306 2270 aspectus
1345 2223 1395 2257 ad
1433 2233 1571 2257 veram
1619 2220 1738 2256 fidem
1787 2228 1824 2256 et

509 2280 725 2317 scienciam
762 2289 799 2316 et
832 2279 1076 2317 rectificetur
1111 2279 1194 2315 eius
1228 2279 1393 2316 affectus
1417 2280 1467 2315 ad
1491 2277 1705 2314 iusticiam.
1740 2279 1824 2314 Hec

510 2348 643 2376 autem
677 2338 947 2384 illuminacio.
979 2346 1163 2386 aspectus
1197 2346 1233 2373 et
1273 2336 1516 2374 rectificacio
1557 2336 1720 2372 affectus
1753 2337 1878 2383 per35

509 2399 673 2434 verbum
699 2396 880 2433 doctrine
910 2405 946 2432 et
970 2395 1261 2444 predicacionis
1290 2394 1549 2443 proveniunt3
1574 2402 1823 2442 quapropter

511 2455 699 2491 eximium
748 2468 849 2502 opus
895 2454 1170 2490 misericordie
1217 2462 1273 2490 est
1310 2452 1539 2501 predicacio
1580 2465 1699 2500 quam
1740 2465 1821 2488 non

511 2513 715 2549 immerito
760 2512 958 2548 Dominus
1003 2512 1086 2560 ipse
1131 2512 1170 2547 in
1215 2524 1333 2548 carne
1378 2523 1576 2558 apparens
1622 2509 1739 2557 elegit
1787 2518 1823 2546 et

512 2571 739 2619 pastoribus
771 2570 935 2606 ecclesie
967 2569 1182 2606 commisit.
1217 2570 1327 2606 Sicut
1353 2569 1457 2605 enim
1483 2568 1618 2604 anima
1643 2567 1822 2616 precellit

512 2642 656 2677 corpus
680 2637 717 2665 et
745 2630 895 2665 bonum
929 2628 1061 2664 anime
1086 2630 1236 2663 bonum
1272 2626 1467 2675 corporis,
1502 2626 1557 2662 sic
1591 2634 1628 2661 et
1663 2625 1880 2668 miseria4o

511 2687 644 2723 anime
690 2686 863 2722 deterior
909 2695 944 2722 et
979 2685 1244 2722 miserabilior
1283 2694 1339 2721 est
1374 2684 1531 2721 miseria
1565 2683 1744 2731 corporis
1785 2692 1821 2719 et

579 2822 606 2847 8.
622 2822 691 2847 Ain
710 2829 822 2855 marga
839 2819 929 2848 Nola.
998 2828 1036 2848 12.
1050 2820 1148 2848 Codd.
1161 2830 1166 2846 z
1180 2822 1225 2846 est
1238 2820 1332 2846 deest.
1348 2819 1476 2846 Addidi.
1547 2827 1586 2851 14.
1602 2818 1645 2845 A:
1662 2820 1707 2844 est
1720 2817 1820 2850 (ἱερεῖς

512 2856 532 2882 12
554 2856 647 2882 addit.
723 2856 758 2882 15.
781 2855 898 2882 Codd.:
921 2855 968 2882 vel
980 2856 1016 2882 si.
1093 2855 1131 2882 18.
1154 2855 1191 2881 1'1:
1214 2854 1382 2888 appetitile.
1458 2852 1496 2881 31.
1512 2854 1536 2879 A
1552 2853 1581 2880 in
1598 2851 1818 2887 ma1-g.:N0m.

510 2889 552 2919 32.
575 2889 689 2917 Codd.:
713 2893 741 2917 et
757 2898 825 2927 per.
900 2898 948 2925 40.
971 2891 1012 2917 A:
1035 2890 1080 2917 sic
1098 2889 1191 2916 deest.
