2003 3322
157 246 235 271 212

173 358 251 386 This
271 358 414 391 teaching

182 392 352 427 supported
376 392 392 418 b

156 428 188 456 S*
210 427 311 454 Pnul's
332 431 362 454 to
382 431 431 453 tic

191 462 401 490 Corinthians.

850 241 968 272 opus
995 240 1331 272 EVANGELlCUM
1537 228 1643 282 [cmx
1665 238 1757 265 Lvn.

504 349 579 384 Hic
612 348 769 384 videtur
802 346 1046 395 quibusdam
1081 348 1191 395 quod
1225 346 1433 382 conclusio
1468 346 1542 382 ista
1575 346 1624 383 sit
1657 349 1764 395 apud

447 408 659 444 cordatum
696 404 894 442 catholice
928 405 1202 441 concedenda.
1237 405 1352 441 Unde
1385 406 1410 440 Ι.
1438 406 1530 443 Cor.
1554 406 1617 451 Vl,
1658 418 1668 440 1
1709 405 1764 442 sic

446 464 585 501 scribit
617 464 854 512 Apostolus:
890 462 1016 499 Audet
1038 462 1178 511 aliquis
1202 470 1372 498 vestr-unz
1397 462 1540 498 habens
1562 464 1764 513 negocium

446 524 635 559 adversus
651 522 818 558 alterurn
833 521 1000 557 iudicari
1019 521 1125 570 apud
1147 520 1293 569 iniquos
1316 527 1351 556 et
1373 533 1444 556 non
1464 521 1570 569 apud
1590 529 1766 567 sanctos,-

448 580 562 630 quasi
596 580 767 616 diceret:
802 578 1026 627 Culpabilis
1059 578 1265 615 temeritas
1298 587 1357 614 est
1391 579 1500 626 quod
1532 579 1658 626 legem
1694 579 1798 615 Dei5

446 639 487 675 in
502 637 650 675 sanctis
674 637 754 674 suis
778 636 1003 685 relinquitis
1027 645 1065 672 et
1087 636 1213 684 legem
1231 636 1441 672 hominurn
1467 636 1764 673 contenciosam

448 706 486 733 et
518 696 713 732 incertam
739 696 788 732 ab
812 694 960 743 iniquis
985 702 1191 731 executarn
1216 693 1412 742 accipitis.
1448 695 1562 731 Unde
1585 694 1767 743 sequitur

448 754 488 790 in
521 762 629 790 textu
662 752 866 801 Apostoli:
900 752 1102 788 Secularia
1135 759 1261 788 autem
1298 752 1439 788 iudicia
1478 752 1513 787 si
1542 752 1765 799 habueritis,

448 811 764 861 contemptibiles,
814 810 879 859 qui
914 817 1003 846 sunt
1040 810 1075 845 in
1115 810 1289 857 ecclesia,
1334 810 1422 846 illos
1464 810 1679 846 constituite
1716 812 1768 846 ad

449 869 720 914 iudicandum5
750 867 820 905 ubi
854 868 1078 904 notandum
1103 869 1212 916 quod
1236 868 1453 916 Apostolus
1477 880 1557 904 non
1579 868 1767 905 licenciat
1786 881 1824 901 10

449 936 492 964 ut
523 926 734 963 inferiores
767 925 935 963 ecclesie
967 927 1189 962 secundum
1222 926 1328 973 leges
1362 925 1495 962 civiles
1518 927 1578 962 vel
1602 926 1767 975 papales

449 985 571 1022 hodie
603 985 855 1021 introductas
889 983 1081 1030 iudicent,
1127 985 1196 1020 sed
1229 985 1339 1032 quod
1373 984 1693 1032 contemptibiles
1727 984 1768 1020 in

449 1043 632 1089 ecclesia,
665 1043 741 1079 hoc
775 1051 845 1088 est,
879 1041 1107 1090 indispositi
1131 1043 1181 1078 ad
1205 1041 1560 1090 evangelizandum
1582 1043 1643 1079 vel
1667 1055 1768 1090 opus

449 1101 672 1150 perfeccius
705 1101 959 1149 operandum
993 1099 1071 1136 sint
1103 1100 1208 1137 circa
1231 1099 1399 1148 negocia
1423 1100 1620 1137 secularia
1652 1113 1768 1137 occu-

449 1159 546 1208 pati,
593 1167 630 1195 et
676 1160 849 1195 doceant
888 1159 1095 1206 quomodo
1141 1157 1328 1194 doctrina
1368 1158 1515 1194 Christi
1560 1167 1617 1195 est
1660 1160 1825 1207 quod15

451 1217 692 1254 christianus
725 1216 905 1253 remittat
938 1215 1023 1252 sine
1057 1215 1319 1252 contencione
1351 1215 1463 1252 fratri
1492 1228 1564 1252 suo
1587 1215 1766 1253 iniurias.

450 1278 498 1313 Et
530 1275 605 1312 ista
636 1275 696 1311 lex
719 1283 777 1311 est
799 1273 926 1311 facilis
950 1283 987 1311 et
1009 1274 1248 1319 communis,
1274 1282 1311 1310 et
1333 1273 1400 1322 qui
1423 1273 1538 1311 istam
1564 1273 1771 1323 reliquerit

450 1347 496 1371 ac
533 1334 662 1382 legem
704 1333 934 1381 perplexam
967 1333 1028 1369 vel
1068 1332 1199 1369 minus
1238 1333 1385 1369 bonam
1420 1341 1604 1369 executus
1636 1332 1768 1379 fuerit,

450 1400 591 1441 peccat
619 1391 624 1442 1
653 1391 837 1437 indubie;
871 1389 961 1427 ideo
995 1390 1091 1427 dicit
1114 1391 1331 1439 Apostolus
1365 1399 1675 1439 consequenter:
1709 1392 1771 1427 Ad
1818 1394 1897 1436 377⁰

452 1450 727 1487 verecundiam
761 1457 931 1486 vestram
966 1449 1063 1486 dico.
1098 1449 1162 1485 Sic
1194 1461 1266 1485 non
1299 1456 1355 1485 est
1387 1449 1487 1484 inter
1519 1461 1586 1486 vos
1617 1450 1769 1499 sapiens
1785 1462 1828 1484 20

451 1509 650 1558 quisquam
684 1507 749 1557 qui
781 1514 909 1557 potest
951 1507 1125 1543 iudicare
1164 1507 1264 1543 inter
1292 1507 1471 1556 fratrem
1520 1515 1555 1543 et
1589 1507 1769 1556 fratrem

450 1579 585 1611 suum3
615 1566 685 1602 sed
707 1566 849 1614 frater
881 1565 1122 1614 cumfratre
1154 1565 1189 1601 in
1222 1565 1361 1601 iudicio
1395 1565 1599 1612 contendit,
1633 1573 1668 1602 et
1700 1566 1770 1602 hoc

452 1625 557 1674 apud
590 1624 795 1674 infideles?
827 1624 908 1659 Iam
931 1623 1083 1672 quidem
1118 1623 1270 1659 omnino
1305 1623 1485 1659 delictum
1519 1630 1574 1660 est
1606 1624 1641 1659 in
1665 1624 1771 1660 vobis

453 1683 554 1731 quod
586 1681 726 1717 iudicia
751 1681 897 1717 habetis
929 1681 1030 1717 inter
1062 1693 1141 1717 vos.
1182 1682 1315 1725 Quare
1337 1693 1409 1718 non
1433 1682 1561 1732 magis
1590 1682 1769 1718 iniuriam

452 1740 638 1790 accipitis,
671 1751 792 1788 quare
825 1751 896 1775 non
930 1739 1262 1789 nzagissraudenz
1290 1739 1500 1788 patimini?
1528 1739 1606 1775 Sed
1637 1747 1673 1776 et
1705 1753 1772 1776 vos
1788 1744 1827 1774 25

453 1798 633 1834 iniuriam
669 1797 810 1846 facitis
853 1805 889 1833 et
922 1796 1151 1845 fraudatis.-
1195 1805 1230 1833 et
1274 1798 1346 1834 hoc
1380 1797 1607 1846 fratribus;
1657 1798 1771 1846 quasi

453 1856 598 1892 Paulus
631 1856 850 1892 secundum
885 1854 1004 1891 istum
1040 1867 1200 1891 sensum
1225 1855 1498 1903 alloqueretur
1521 1855 1769 1893 Corinthios:

452 1914 580 1950 Nimis
626 1914 897 1950 verecundum
943 1921 1000 1949 est
1043 1912 1155 1949 vobis
1193 1915 1300 1961 apud
1341 1914 1468 1950 Deum
1513 1922 1551 1949 et
1595 1914 1769 1962 angelos,

453 1972 549 2020 quia
582 1972 820 2008 detestanda
852 1970 1042 2017 stulticia,
1082 1972 1189 2019 quod
1230 1984 1311 2008 non
1350 1979 1442 2008 sunt
1480 1971 1687 2008 inferiores
1731 1971 1771 2008 in

453 2029 565 2066 vobis
598 2029 666 2078 qui
699 2038 861 2078 possent
894 2028 934 2064 in
967 2028 1053 2065 istis
1086 2028 1244 2065 casibus
1277 2029 1456 2065 iudicare
1496 2029 1638 2066 fratres
1677 2042 1770 2066 suos
1787 2034 1828 2066 30

455 2087 719 2124 conformiter
750 2087 828 2136 legi
862 2086 1022 2124 Christi.
1070 2088 1148 2123 Sed
1181 2086 1273 2123 estis
1307 2087 1622 2135 dampnabiliter
1655 2088 1771 2124 aliter

454 2145 642 2194 occupati
658 2145 766 2194 quod
781 2158 884 2181 unus
899 2145 1020 2181 frater
1038 2144 1243 2181 contendit
1260 2158 1348 2181 cum
1374 2145 1452 2181 alio
1469 2147 1575 2193 apud
1591 2145 1771 2182 infideles

454 2203 607 2240 iudices
647 2211 684 2239 et
717 2202 920 2239 dimittitis
952 2203 1080 2251 legem
1114 2202 1278 2240 Domini
1311 2203 1467 2240 facilem
1504 2212 1541 2240 et
1573 2215 1770 2240 securam.

513 2263 561 2297 Et
604 2273 647 2297 ex
699 2260 784 2297 istis
827 2260 945 2298 infert
986 2261 1203 2309 Apostolus
1246 2262 1355 2309 quod
1402 2261 1452 2297 sit
1496 2261 1662 2298 omnino
1705 2263 1771 2298 de-

455 2319 593 2356 lictum
633 2318 737 2356 inter
781 2318 1010 2356 Corinthios
1050 2320 1158 2368 quod
1203 2320 1390 2355 deserunt
1434 2319 1489 2356 sic
1534 2320 1659 2367 legem
1700 2320 1826 2356 Dei35

455 2377 613 2414 facilem
648 2386 684 2414 et
707 2379 815 2425 quod
847 2377 949 2413 foret
982 2376 1037 2413 eis
1071 2376 1284 2425 eligibilius
1308 2376 1447 2425 pocius
1470 2386 1513 2414 ut
1536 2386 1771 2426 paterentur

456 2434 636 2481 iniurias,
681 2435 775 2483 quia
815 2439 873 2481 (ut
905 2436 1021 2471 docet
1061 2435 1346 2481 Crisostornus)
1388 2435 1503 2472 aliter
1534 2444 1772 2472 accusarent

456 2505 497 2529 se
550 2492 658 2541 ipsos
712 2494 820 2541 quod
874 2493 962 2541 plus
1014 2502 1151 2529 amant
1212 2493 1451 2541 temporalia
1504 2502 1540 2529 et
1592 2493 1770 2530 seculare

457 2551 719 2587 commodum
764 2563 885 2599 quam
929 2552 1033 2587 bona
1077 2550 1302 2599 spiritualia
1350 2559 1485 2588 eterna
1534 2559 1571 2587 et
1620 2552 1768 2588 bonum

527 2739 547 2758 1.
570 2732 597 2759 A
617 2731 646 2758 in
669 2739 782 2765 marga
805 2732 984 2767 Responsio.
1060 2732 1096 2759 15.
1118 2732 1155 2759 B:
1180 2730 1298 2758 Christi
1311 2732 1404 2759 deest.
1478 2731 1520 2759 25.
1537 2733 1580 2759 A:
1602 2732 1768 2767 accipistis.

458 2764 500 2793 33.
522 2767 564 2793 A:
586 2765 703 2793 iudices
723 2766 816 2793 deest.
891 2766 936 2793 36.
959 2767 1001 2793 A:
1024 2769 1058 2793 ut
1076 2766 1179 2800 deest3
1201 2766 1221 2793 Β
1242 2767 1336 2794 addit.

528 2848 559 2879 8.
588 2849 609 2881 1.
639 2850 718 2881 Cor.
744 2849 800 2889 VI,
826 2859 859 2890 4.
961 2860 1009 2894 19.
1036 2850 1080 2882 ib.
1110 2850 1209 2883 5-8.
