2062 3327
185 590 200 622 5

100 821 180 855 358³

164 891 201 912 10

165 1182 200 1203 13

160 1471 201 1493 20

219 235 308 263 CAP.
330 226 428 280 xlv]
730 237 870 268 PRIMA
898 237 1023 270 PARS.

218 344 414 382 relevacio
453 358 475 381 a
515 344 676 380 miseria
715 343 848 380 anime
887 356 963 391 que
1004 342 1285 391 predicacione
1327 343 1532 391 peragitur

218 403 359 439 melior
392 412 429 439 et
462 402 711 450 expetibilior
744 410 801 437 est
833 401 1084 438 relevacione
1105 414 1126 437 a
1152 400 1312 437 miseria
1336 401 1530 448 corporis.

218 461 409 498 Omnium
439 460 561 508 igitur
588 473 755 509 operum
790 459 1064 496 misericordie
1100 458 1285 505 nobilius,
1321 459 1462 495 melius
1496 468 1533 495 et

218 519 466 567 expetibilius
500 528 557 555 est
590 517 832 566 predicacio.
868 518 973 563 Quid
998 517 1119 565 igitur
1142 517 1236 565 ligat
1259 517 1530 554 litteratorum

218 577 372 614 animas
406 578 514 625 quod
547 586 629 613 tarn
664 576 820 624 trepide
850 585 887 612 et
912 575 1129 612 enormiter
1153 584 1221 612 aut
1244 576 1347 611 forte
1370 584 1532 612 natura-

215 635 304 671 liter
336 644 462 671 artem
499 634 734 683 predicandi
772 643 809 670 et
844 634 1052 682 predicare
1093 643 1299 682 appetunt.
1338 633 1378 670 Si
1402 643 1533 670 essent

217 693 307 741 puri
341 693 435 729 boni
470 702 684 739 amatores,
719 706 820 740 opus
854 693 964 740 quod
997 692 1099 728 inter
1133 701 1264 728 cetera
1299 692 1441 728 melius
1475 701 1532 728 est

214 750 497 788 vehemencius
538 759 720 788 amarent
758 760 795 787 et
833 750 981 787 forcius
1015 752 1065 786 ad
1098 750 1195 786 illud
1228 750 1466 797 niterentur,
1500 750 1532 786 si

217 811 425 846 crederent
459 822 498 845 se
532 810 581 845 ad
614 809 713 845 illud
742 805 746 861 Ι
776 821 891 857 posse
925 808 1165 856 pertingere.

273 869 351 904 Sed
395 876 487 903 sunt
519 866 682 915 plurimi
720 866 886 903 litterati
920 867 988 915 qui
1021 868 1110 915 plus
1155 875 1293 903 amant
1338 866 1530 903 admirari

215 926 276 962 vel
309 925 427 962 ditari
451 938 571 974 quarn
597 925 691 961 boni
716 925 801 961 fieri
826 934 863 961 et
886 933 1100 973 propterea
1125 933 1313 973 expetunt
1338 924 1531 961 sciencias

218 993 254 1020 ct
287 992 505 1021 accurrunt
544 984 594 1020 ad
634 996 699 1020 eas
739 996 810 1031 per
844 996 1014 1031 quarum
1055 982 1319 1031 operaciones
1364 984 1532 1020 credunt

217 1055 257 1079 se
277 1043 384 1090 quod
408 1041 575 1090 cupiunt
597 1041 789 1089 perficere
814 1054 943 1089 posse.
977 1041 1089 1077 Alius
1116 1041 1290 1078 accurrit
1324 1043 1374 1077 ad
1408 1041 1533 1077 medi-

217 1100 348 1137 cinam
382 1109 424 1136 ut
458 1101 637 1136 curando
671 1108 830 1148 egrotos
864 1108 901 1136 et
933 1100 1038 1136 velut
1076 1100 1154 1136 iam
1197 1108 1377 1135 mortuos
1411 1099 1533 1136 susci-

187 1160 339 1195 ·tando
375 1157 567 1195 mirabilis
602 1167 796 1206 appareat
824 1158 884 1194 vel
915 1157 1022 1194 dives
1057 1158 1266 1194 efficiatur.
1300 1157 1411 1194 Alius
1436 1170 1530 1194 vero

217 1225 381 1265 propter
423 1218 582 1252 easdem
623 1229 763 1253 causas
808 1215 980 1252 addiscit
1027 1216 1243 1253 alkemiam
1290 1229 1369 1264 qua
1409 1215 1535 1264 possit

218 1276 265 1311 de
309 1274 476 1322 plumbo
516 1287 659 1311 aurum
699 1275 829 1311 facere
872 1283 908 1310 et
948 1275 1019 1310 hec
1057 1274 1263 1310 terrestria
1306 1283 1343 1310 et
1375 1274 1535 1322 impura

218 1341 255 1368 et
287 1335 500 1369 tenebrosa
533 1333 734 1368 abluendo
768 1341 806 1369 et
838 1332 1094 1369 sublimando
1121 1334 1318 1381 depurare
1353 1341 1390 1368 et
1419 1331 1534 1369 clari-

218 1390 351 1437 ficare,
376 1399 419 1427 ut
442 1390 555 1439 quasi
571 1390 612 1426 in
635 1390 840 1427 celestium
858 1403 1072 1438 corporum
1094 1390 1331 1438 qualitatem
1348 1391 1532 1427 deducat.

275 1448 409 1485 Alium
443 1461 535 1485 vero
570 1449 741 1485 delectat
775 1448 981 1485 addiscere
1015 1448 1189 1485 musicas
1230 1448 1534 1485 modulaciones

218 1506 362 1555 quibus
394 1515 528 1555 potest
568 1507 751 1543 homines
791 1506 831 1543 in
870 1507 1071 1555 quaslibet
1110 1506 1349 1543 affecciones
1390 1507 1534 1543 mentis

218 1574 468 1601 commutare
515 1573 552 1601 et
597 1566 834 1613 plerumque
877 1578 898 1601 a
943 1565 1129 1613 gravibus
1170 1565 1321 1601 morbis
1367 1565 1533 1613 eripere.

216 1623 351 1658 Alium
394 1635 487 1659 vero
532 1623 703 1659 delectat
738 1623 996 1671 philosophia
1040 1635 1117 1671 que
1161 1622 1277 1659 discit
1321 1632 1453 1659 motus
1499 1632 1535 1659 et

216 1693 336 1729 vagos
365 1694 549 1717 recursus
582 1681 774 1728 siderum,
808 1694 888 1729 quo
922 1690 1079 1718 motore
1110 1683 1302 1728 ferantur,
1336 1690 1379 1717 ut
1407 1681 1535 1717 discat

186 1751 196 1755 ”
217 1739 342 1775 eciam
375 1739 454 1776 vim
483 1748 709 1789 ventorum,
743 1748 915 1776 terrores
948 1740 1163 1788 fulgurum,
1198 1740 1276 1776 iras
1300 1739 1532 1785 bestiarum,

216 1806 380 1834 naturas
424 1798 606 1846 lapidum
651 1806 688 1833 et
733 1798 983 1845 plantarum3
1024 1798 1080 1834 sic
1131 1806 1286 1834 ceteros
1332 1798 1533 1834 delectant

216 1864 346 1891 cetera
380 1868 455 1903 que
501 1856 602 1892 mira
640 1864 732 1892 sunt
772 1855 934 1903 cognitu
980 1865 1017 1892 et
1057 1856 1284 1904 cognitores
1329 1868 1420 1892 suos
1464 1857 1532 1892 ad-

216 1913 422 1950 mirandos
455 1913 686 1950 hominibus
720 1913 911 1950 efficiunt.
961 1915 1037 1950 Sed
1069 1926 1188 1962 quem
1224 1915 1427 1950 delectant
1460 1915 1532 1950 hec

216 1980 252 2007 et
299 1971 373 2008 hiis
418 1971 564 2008 similia
609 1971 859 2018 admiranda,
905 1972 1087 2009 addiscat
1130 1972 1392 2020 theologiam,
1439 1971 1533 2020 quia

215 2029 351 2065 omnia
375 2029 470 2066 talia
494 2029 548 2066 ibi
572 2030 753 2066 sciuntur
778 2030 934 2076 melius,
969 2030 1144 2066 nobilius
1168 2040 1205 2066 et
1231 2030 1530 2078 expectabilius,

218 2096 253 2123 et
292 2100 431 2123 omnes
480 2088 731 2124 mutaciones
777 2101 876 2136 quas
928 2089 1023 2125 facit
1068 2097 1213 2125 natura
1256 2089 1317 2124 vel
1362 2088 1531 2124 alicuius

215 2144 386 2181 sciencie
420 2146 570 2192 artifex,
610 2159 687 2194 que
728 2146 817 2182 dico
852 2146 1100 2183 mutaciones
1140 2155 1232 2183 sunt
1272 2159 1292 2182 a
1333 2146 1459 2194 priori
1492 2146 1532 2182 in

217 2203 369 2248 melius,
403 2203 521 2240 faciet
550 2204 760 2251 theologus
784 2217 904 2252 opere
928 2204 1219 2253 predicacionis
1243 2204 1533 2252 proporciona-

216 2260 304 2297 liter
337 2261 479 2298 melius
513 2271 549 2298 et
581 2262 755 2299 nobilius
780 2275 901 2310 quam
938 2263 1055 2299 faciet
1087 2272 1231 2300 natura
1267 2263 1327 2299 vel
1363 2262 1531 2299 alicuius

186 2331 197 2335 ·
216 2319 387 2356 sciencie
420 2319 572 2356 artifex.

714 2431 855 2473 CAP.
888 2432 1023 2474 XIV.

275 2528 368 2563 Post
400 2540 493 2564 vero
527 2527 599 2564 iste
633 2536 794 2564 sanctus
835 2528 975 2564 diffuse
1015 2529 1273 2578 prosequitur
1314 2530 1389 2566 hoc
1429 2543 1530 2578 opus

218 2584 492 2622 misericordie
545 2587 764 2622 secundum
829 2587 1107 2623 excellenciam
1163 2588 1424 2625 declarendo:
1489 2589 1530 2624 In

286 2732 314 2765 6,
335 2740 361 2766 7.
393 2733 578 2760 naturaliter
608 2733 674 2767 (sic)
710 2733 744 2760 13:
785 2736 850 2765 n?;
887 2734 931 2761 A:
966 2734 1053 2761 nilzil.
1205 2743 1246 2761 10.
1285 2735 1329 2762 A:
1370 2735 1527 2763 adiuvari.

218 2774 250 2793 ιι.
273 2766 391 2793 Codd.:
414 2770 442 2793 et
454 2770 594 2802 propter.
670 2776 710 2801 14.
728 2768 766 2794 B:
789 2776 893 2804 egros.
969 2768 1003 2795 15.
1026 2770 1069 2796 A:
1091 2776 1161 2795 vero
1182 2769 1276 2797 deest.
1351 2778 1389 2803 17.
1411 2771 1455 2797 A:
1477 2771 1531 2797 lzec

218 2801 311 2828 deest.
407 2809 450 2836 27.
472 2804 515 2829 A:
538 2802 616 2829 mira
638 2803 734 2829 twice.
826 2810 872 2837 29.
896 2803 932 2830 13:
954 2804 1014 2830 illis
1032 2803 1156 2830 similia.
1250 2804 1295 2832 30.
1317 2806 1361 2832 A:
1385 2807 1416 2832 et
1434 2806 1529 2833 deest.

288 2860 339 2893 36.
366 2862 431 2892 Iste
457 2869 595 2893 sanctus
621 2863 641 2893 i.
668 2873 697 2894 e.
726 2863 991 2895 [incolniensis.

1608 870 1763 897 Common

1545 904 1662 940 objects
1682 906 1716 932 of
1733 905 1824 941 study

1579 948 1694 976 among
1715 948 1794 967 men.

1581 1869 1741 1905 Theology
1764 1869 1790 1896 is

1590 1905 1698 1940 higher
1718 1905 1789 1932 than

1548 1941 1628 1975 they,
1650 1940 1708 1966 and
1722 1941 1825 1967 works

1576 1975 1606 2002 in
1629 1975 1797 2009 preacbing

1557 2010 1665 2037 nobler
1684 2010 1818 2044 changes

1581 2045 1654 2072 than
1677 2053 1735 2080 any
1757 2045 1791 2071 of

1643 2080 1736 2106 them.

1583 2534 1788 2573 G1·ossetete⁷s

1610 2577 1712 2604 pralse
1732 2571 1767 2597 of

1598 2604 1776 2640 preaching.
