2003 3322
232 194 322 224 CAP.
344 184 428 240 LV]
713 195 926 230 sEcUNDA
951 195 1078 230 PARS.
1764 189 1814 237 45
1831 204 1839 226 1

288 307 456 354 Propter
487 304 583 341 talia
626 304 956 342 inconveniencia
989 318 1065 353 que
1099 305 1285 342 videntur
1329 318 1473 342 sonare
1508 305 1548 341 in
1579 301 1654 364 &bei
1676 302 1831 365 Ξὶὲζδῑῑξῇξῖ

230 363 301 400 Dei
334 363 627 412 blasphemiam
677 363 849 399 dicimus
880 376 954 399 nos
988 376 1079 400 cum
1104 363 1281 412 antiquis
1305 365 1415 411 quod
1439 365 1547 400 Deus
1563 372 1672 400 ordain
1705 373 1750 399 sin
1779 373 1844 413 'and

230 434 310 458 non
340 423 424 458 vult
456 429 668 469 peccatum
714 433 787 457 nec
832 421 1045 458 necessitat
1090 422 1140 457 ad
1185 423 1450 469 peccandum,
1510 430 1548 457 et
1581 407 1649 475 ⁰¹5¹ss
1667 416 1827 470 ἲῇξῃςξὲὲἓ

229 488 364 516 tamen
397 492 486 516 cum
529 480 603 515 hoc
636 478 895 515 concedimus
941 480 1050 527 quod
1082 479 1220 515 omnia
1253 491 1331 527 que
1364 478 1549 516 evenient
1631 474 1635 478 ’
1665 477 1738 504 will.

196 538 278 574 §de
311 537 548 574 necessitate
581 536 774 583 evenient,
834 537 928 585 quia
961 536 1098 573 omnia
1143 536 1315 584 positiva
1348 550 1369 574 a
1402 537 1549 585 quibus

228 604 439 642 peccatum
473 594 679 642 excipitur,
724 607 860 642 ymmo
893 595 1031 631 omnia
1064 604 1244 642 peccata,
1294 608 1384 632 curn
1426 596 1549 632 homo

229 653 446 690 omissione
478 665 518 689 se
552 652 683 700 ipsum
709 652 925 689 necessitat
957 654 1008 689 ad
1030 654 1297 700 peccandum,
1322 652 1549 690 necessario

228 720 318 747 sunt
359 712 505 761 futura,
552 719 588 747 et
637 723 726 747 cum
775 711 850 747 hoc
884 710 1132 759 impossibile
1165 719 1222 747 est
1262 712 1370 759 quod
1404 710 1550 759 aliquis

227 778 365 816 peccet
398 769 474 805 nisi
509 777 724 816 propterea
757 768 1059 805 racionabiliter
1092 769 1142 805 sit
1182 769 1420 817 culpandus,
1457 781 1548 805 curn

175 827 304 863 1ohoc
336 826 386 863 sit
430 826 471 863 in
517 826 600 863 eius
645 827 771 863 libera
803 826 1021 863 voluntate.
1075 826 1174 863 Dico
1215 835 1349 863 autem
1383 835 1549 875 propter

227 893 437 932 peccatum
492 884 701 932 originale,
749 885 858 933 quod
892 885 970 921 hoc
1016 893 1073 920 est
1122 884 1163 921 in
1212 884 1296 921 eius
1349 893 1550 933 potestate

227 942 354 978 libera
385 943 447 979 vel
479 942 539 979 sui
571 942 729 990 generis
762 944 871 991 quod
907 951 964 979 est
996 942 1100 990 ipse3
1134 951 1171 979 et
1194 942 1249 979 ita
1271 955 1354 979 non
1377 942 1548 979 dicimus

229 1002 337 1048 quod
371 1003 476 1037 Deus
509 1001 591 1037 vult
624 1009 849 1049 peccatum,
896 1001 992 1049 quia
1037 1009 1132 1037 tunc
1167 1003 1273 1037 Deus
1311 1001 1431 1037 vellet
1465 1013 1549 1037 esse

227 1058 401 1106 primum
450 1058 605 1107 peccati
651 1059 712 1095 vel
745 1060 855 1107 quod
888 1060 1010 1095 homo
1051 1067 1237 1106 peccaret
1282 1060 1408 1107 (quod
1441 1058 1547 1095 idem

174 1116 300 1163 15est)
333 1118 401 1153 sed
425 1119 530 1154 Deus
563 1116 761 1164 permittit
794 1125 1006 1165 peccatum
1042 1125 1080 1153 et
1111 1116 1210 1153 illud
1243 1129 1288 1153 ex
1319 1129 1391 1153 sua
1414 1116 1548 1164 gracia
1565 1113 1776 1177 (3ἷῇᾕάἃέὲέῐέἒὸ
1794 1124 1841 1178 ῗὲῐ]

227 1174 421 1211 convertit
453 1174 493 1210 in
526 1176 691 1220 bonum,
737 1174 826 1211 ideo
868 1187 987 1211 nemo
1019 1174 1059 1211 in
1092 1176 1299 1222 peccando
1332 1173 1427 1211 facit
1467 1176 1547 1210 Do·
1563 1184 1650 1211 work
1680 1185 1729 1212 for
1748 1185 1840 1220 good.

228 1231 325 1268 mini
357 1233 605 1269 voluntatem
639 1233 709 1268 sed
741 1232 801 1269 sui
835 1232 1013 1281 precepti
1054 1232 1315 1272 contrarium,
1350 1232 1548 1280 Verump-

226 1298 362 1326 tamen
419 1303 462 1327 ex
508 1289 813 1338 magnificencia
858 1290 975 1327 huius
1023 1290 1179 1326 domini
1232 1298 1391 1338 oportet
1436 1291 1547 1339 quod

226 1347 395 1396 ipsemet
427 1348 607 1396 graciose
640 1348 761 1385 faciat
794 1358 838 1385 ut
861 1361 931 1385 sua
966 1348 1112 1385 volicio
1153 1348 1203 1385 sit
1248 1348 1426 1396 impleta,
1452 1347 1548 1396 quia

170 1420 211 1441 20
228 1407 322 1442 dum
356 1406 471 1454 punit
503 1406 686 1443 homines
711 1405 1025 1443 misericorditer
1053 1419 1127 1455 pro
1150 1415 1331 1454 peccato,
1356 1405 1549 1454 impletur

228 1477 299 1500 sua
332 1473 470 1501 eterna
501 1464 659 1511 volicio,
703 1473 739 1500 et
772 1464 829 1501 sic
869 1464 1061 1513 impletur
1093 1477 1164 1501 sua
1195 1465 1380 1501 voluntas
1403 1476 1480 1513 que
1506 1476 1550 1500 ex

230 1521 313 1558 eius
346 1522 556 1559 eternitate
589 1521 861 1571 consequitur.
914 1525 963 1559 Et
1007 1522 1062 1559 ita
1108 1535 1188 1559 non
1234 1522 1406 1558 dicimus
1439 1523 1549 1570 quod

230 1581 351 1617 homo
384 1579 424 1616 in
456 1590 654 1629 quantum
689 1589 829 1628 peccat
865 1580 960 1617 facit
995 1581 1057 1617 vel
1093 1580 1235 1629 implet
1270 1579 1435 1616 Domini
1481 1592 1549 1617 vo-

229 1638 428 1675 luntatem
480 1640 548 1675 sed
594 1638 665 1674 Dei
709 1638 906 1675 voluntati
952 1638 1112 1685 resistit,
1174 1651 1256 1675 non
1304 1638 1359 1675 sic
1412 1646 1548 1675 tamen

173 1701 212 1733 25
230 1695 327 1744 quin
365 1708 409 1732 ex
449 1696 521 1733 Dei
553 1695 855 1744 omnipotencia
898 1697 1082 1733 voluntas
1115 1696 1277 1733 Domini
1309 1696 1546 1744 impleatur3

229 1766 301 1791 nec
346 1754 602 1791 concedimus
655 1754 685 1791 si
738 1755 859 1791 homo
924 1754 973 1791 sit
1030 1754 1189 1791 occasio
1227 1766 1298 1802 per
1337 1762 1546 1802 peccatum

229 1813 337 1860 quod
369 1812 585 1861 impleatur
624 1812 694 1848 Dei
743 1813 937 1860 voluntas,
991 1814 1099 1861 quod
1143 1821 1186 1849 ut
1219 1812 1274 1849 sic
1307 1812 1380 1849 Dei
1427 1811 1547 1848 faciat

227 1871 488 1918 voluntatem,
533 1879 570 1907 et
608 1870 662 1907 sic
705 1870 864 1907 videtur
909 1870 1204 1907 Crisostomum
1245 1869 1393 1907 sentire
1438 1863 1837 1918 quodThesinnerdoes

228 1928 424 1976 prescitus
467 1928 515 1965 sit
560 1928 719 1965 occasio
764 1941 786 1965 a
837 1931 921 1965 Deo
973 1929 1152 1977 graciose
1204 1936 1369 1976 accepta
1422 1940 1546 1976 quare
1578 1899 1814 1969 aqltlydguffgdog

172 1991 213 2022 30
229 1987 455 2034 completur
487 1986 557 2023 Dei
596 1986 758 2032 volici03
813 1996 849 2023 et
895 1996 1031 2023 tamen
1079 1995 1246 2035 propter
1286 1985 1544 2034 iniquitatem
1561 1970 1670 2032 mazeiss
1687 1970 1834 2033 {ssfssnffflffl

228 2044 287 2080 sui
319 2044 516 2092 propositi
548 2044 632 2092 ipse
664 2057 746 2080 non
779 2045 873 2081 facit
905 2044 978 2081 Dei
1010 2046 1256 2081 voluntatem
1297 2045 1364 2080 sed
1398 2043 1545 2079 resistit

228 2102 482 2150 culpabiliter
504 2111 700 2151 quantum
726 2111 873 2150 potest3
908 2111 945 2139 et
977 2102 1032 2139 ita
1065 2103 1280 2139 dicendum
1305 2110 1362 2138 est
1386 2102 1433 2138 de
1457 2101 1544 2137 aliis

227 2159 451 2196 obiectibus
483 2160 551 2209 qui
590 2169 682 2196 sunt
715 2160 917 2197 contrarie
949 2160 1154 2197 sentencie
1188 2172 1309 2208 quam
1344 2168 1542 2197 tenemus.

228 2219 334 2254 Deus
367 2218 473 2254 enim
508 2218 575 2267 qui
608 2227 667 2255 est
698 2230 770 2266 per
802 2231 843 2255 se
875 2218 1003 2254 iustus
1049 2230 1131 2254 non
1162 2219 1246 2254 vult
1289 2218 1351 2254 vel
1383 2216 1543 2253 ordinat

170 2280 210 2314 35
227 2275 304 2312 nisi
337 2276 486 2312 iustum
518 2275 611 2313 velit
642 2276 703 2313 vel
741 2276 903 2313 ordinet
948 2288 1094 2324 penam
1130 2288 1174 2312 ex
1212 2274 1413 2312 iniusticia
1447 2287 1543 2311 con-

227 2343 472 2381 sequentem.
519 2336 567 2370 Et
600 2334 655 2370 ita
700 2334 886 2370 dixerunt
919 2333 1046 2370 sancti
1080 2342 1173 2370 ante
1205 2346 1277 2370 nos
1311 2333 1419 2382 quod
1451 2344 1541 2380 pec-

227 2400 361 2428 catum
395 2404 478 2428 esse
511 2405 592 2428 non
625 2400 683 2429 est
714 2392 862 2429 veritas
895 2400 963 2428 sed
996 2391 1163 2438 falsitas,
1209 2391 1301 2428 licet
1347 2392 1397 2428 ad
1430 2390 1541 2426 illam

225 2449 439 2487 falsitatem
472 2450 616 2487 veritas
651 2462 694 2486 ex
726 2449 799 2486 Dei
831 2449 1132 2498 omnipotencia
1176 2456 1461 2498 consequatur.
1494 2450 1542 2483 Et

225 2506 315 2544 ideo
349 2507 445 2545 dicit
467 2507 714 2557 Augustinus
748 2509 856 2556 quod
889 2520 933 2544 ex
964 2507 1141 2544 veritatis
1162 2506 1420 2545 vehemencia
1443 2505 1542 2544 veri-

294 2684 315 2705 1.
341 2677 370 2704 A
390 2676 421 2704 in
442 2684 556 2716 marg.3
588 2676 669 2705 Nota
698 2676 735 2703 de
755 2676 922 2716 'voluntate
940 2675 1000 2716 Dei
1017 2678 1049 2703 et
1070 2679 1210 2716 peccato.
1329 2675 1415 2709 4—6.
1452 2676 1481 2702 A
1509 2675 1540 2702 in

225 2719 338 2751 marg:
363 2711 452 2746 Quod
469 2718 573 2751 qmpza
594 2719 652 2746 que
669 2714 810 2738 evenzent
829 2718 1004 2739 necessarzo
1019 2714 1160 2750 evenzent
1172 2713 1205 2738 et
1226 2713 1329 2738 tamen
1370 2718 1479 2738 eccare
1498 2713 1544 2749 est

226 2754 256 2773 zn
278 2746 375 2773 lzhera
397 2746 521 2773 homzmz
548 2748 714 2773 voluntate.
826 2745 853 2773 8.
884 2746 928 2773 A:
958 2745 1041 2780 quod
1068 2753 1147 2780 quzs.
1268 2753 1306 2780 17-
1376 2753 1382 2770 :
1415 2745 1472 2772 sed
1493 2752 1537 2771 ιη.

224 2781 272 2808 26.
294 2779 410 2807 Codd.:
432 2781 515 2816 quod
531 2781 569 2807 si.
659 2779 700 2807 35.
722 2780 848 2815 Aliquot
867 2780 961 2808 verba
983 2779 1174 2807 exciderunt.
1255 2778 1301 2815 39.
1322 2781 1351 2807 A
1371 2779 1401 2807 in
1423 2787 1520 2814 marg.
1533 2788 1557 2806 :f

223 2817 303 2842 Nota
323 2815 457 2850 logicam
476 2814 654 2851 Augustini.

1334 2863 1400 2905 29*
