<?xml version="1.0" encoding="UTF-8"?>
<!DOCTYPE html PUBLIC "-//W3C//DTD XHTML 1.0 Transitional//EN"
    "http://www.w3.org/TR/xhtml1/DTD/xhtml1-transitional.dtd">
<html xmlns="http://www.w3.org/1999/xhtml" xml:lang="en" lang="en">
 <head>
  <title>
</title>
<meta http-equiv="Content-Type" content="text/html;charset=utf-8" />
  <meta name='ocr-system' content='tesseract 3.04.00' />
  <meta name='ocr-capabilities' content='ocr_page ocr_carea ocr_par ocr_line ocrx_word'/>
</head>
<body>
  <div class='ocr_page' id='page_1' title='image "./opusevangelicum12wycl/opusevangelicum12wycl_0149.png"; bbox 0 0 2003 3322; ppageno 0'>
   <div class='ocr_carea' id='block_1_1' title="bbox 218 183 1018 237">
    <p class='ocr_par' dir='ltr' id='par_1_1' title="bbox 218 183 1018 237">
     <span class='ocr_line' id='line_1_1' title="bbox 218 183 1018 237; baseline 0.008 -17"><span class='ocrx_word' id='word_1_1' title='bbox 218 191 307 220; x_wconf 82' lang='lat' dir='ltr'><em>CAP.</em></span> <span class='ocrx_word' id='word_1_2' title='bbox 329 183 483 237; x_wconf 70' lang='lat' dir='ltr'><em>xxxix]</em></span> <span class='ocrx_word' id='word_1_3' title='bbox 726 194 865 226; x_wconf 76' lang='lat' dir='ltr'><strong>PRIMA</strong></span> <span class='ocrx_word' id='word_1_4' title='bbox 893 194 1018 226; x_wconf 74' lang='lat' dir='ltr'><em>PARS.</em></span> 
     </span>
    </p>
   </div>
   <div class='ocr_carea' id='block_1_2' title="bbox 165 301 1536 1915">
    <p class='ocr_par' dir='ltr' id='par_1_2' title="bbox 165 301 1536 1915">
     <span class='ocr_line' id='line_1_2' title="bbox 218 301 1530 348; baseline 0.001 -12"><span class='ocrx_word' id='word_1_5' title='bbox 218 302 364 337; x_wconf 88' lang='lat' dir='ltr'><em>amicus</em></span> <span class='ocrx_word' id='word_1_6' title='bbox 395 308 462 348; x_wconf 86' lang='lat' dir='ltr'><em>est,</em></span> <span class='ocrx_word' id='word_1_7' title='bbox 495 309 530 337; x_wconf 91' lang='lat' dir='ltr'><em>et</em></span> <span class='ocrx_word' id='word_1_8' title='bbox 561 301 620 336; x_wconf 93' lang='lat' dir='ltr'><em>illi</em></span> <span class='ocrx_word' id='word_1_9' title='bbox 649 313 721 337; x_wconf 86' lang='lat' dir='ltr'><em>non</em></span> <span class='ocrx_word' id='word_1_10' title='bbox 756 303 836 337; x_wconf 88' lang='lat' dir='ltr'><em>vult</em></span> <span class='ocrx_word' id='word_1_11' title='bbox 868 313 948 337; x_wconf 82' lang='lat' dir='ltr'><em>esse</em></span> <span class='ocrx_word' id='word_1_12' title='bbox 979 301 1138 348; x_wconf 85' lang='lat' dir='ltr'><em>amicus,</em></span> <span class='ocrx_word' id='word_1_13' title='bbox 1171 301 1258 348; x_wconf 83' lang='lat' dir='ltr'><em>quia</em></span> <span class='ocrx_word' id='word_1_14' title='bbox 1286 301 1354 337; x_wconf 87' lang='lat' dir='ltr'><em>tibi</em></span> <span class='ocrx_word' id='word_1_15' title='bbox 1383 301 1530 337; x_wconf 85' lang='lat' dir='ltr'><em>amicus</em></span> 
     </span>
     <span class='ocr_line' id='line_1_3' title="bbox 218 358 1531 409; baseline 0 -14"><span class='ocrx_word' id='word_1_16' title='bbox 218 366 284 395; x_wconf 86' lang='lat' dir='ltr'><em>est.</em></span> <span class='ocrx_word' id='word_1_17' title='bbox 333 359 448 409; x_wconf 86' lang='lat' dir='ltr'><em>Ergo</em></span> <span class='ocrx_word' id='word_1_18' title='bbox 481 366 517 395; x_wconf 93' lang='lat' dir='ltr'><em>te</em></span> <span class='ocrx_word' id='word_1_19' title='bbox 549 358 716 409; x_wconf 87' lang='lat' dir='ltr'><em>diligens</em></span> <span class='ocrx_word' id='word_1_20' title='bbox 753 359 812 395; x_wconf 88' lang='lat' dir='ltr'><em>illi</em></span> <span class='ocrx_word' id='word_1_21' title='bbox 848 366 903 394; x_wconf 88' lang='lat' dir='ltr'><em>est</em></span> <span class='ocrx_word' id='word_1_22' title='bbox 946 359 1121 394; x_wconf 87' lang='lat' dir='ltr'><em>inimicus</em></span> <span class='ocrx_word' id='word_1_23' title='bbox 1152 365 1188 393; x_wconf 91' lang='lat' dir='ltr'><em>et</em></span> <span class='ocrx_word' id='word_1_24' title='bbox 1220 358 1328 394; x_wconf 88' lang='lat' dir='ltr'><em>illum</em></span> <span class='ocrx_word' id='word_1_25' title='bbox 1364 359 1531 409; x_wconf 81' lang='lat' dir='ltr'><em>diligens</em></span> 
     </span>
     <span class='ocr_line' id='line_1_4' title="bbox 219 416 1530 466; baseline 0 -14"><span class='ocrx_word' id='word_1_26' title='bbox 219 417 286 453; x_wconf 89' lang='lat' dir='ltr'><em>tibi</em></span> <span class='ocrx_word' id='word_1_27' title='bbox 316 424 370 453; x_wconf 89' lang='lat' dir='ltr'><em>est</em></span> <span class='ocrx_word' id='word_1_28' title='bbox 402 416 585 453; x_wconf 90' lang='lat' dir='ltr'><em>inimicus.</em></span> <span class='ocrx_word' id='word_1_29' title='bbox 633 417 716 453; x_wconf 89' lang='lat' dir='ltr'><em>Nec</em></span> <span class='ocrx_word' id='word_1_30' title='bbox 750 424 919 466; x_wconf 91' lang='lat' dir='ltr'><em>propter</em></span> <span class='ocrx_word' id='word_1_31' title='bbox 957 429 998 453; x_wconf 94' lang='lat' dir='ltr'><em>se</em></span> <span class='ocrx_word' id='word_1_32' title='bbox 1029 417 1138 452; x_wconf 90' lang='lat' dir='ltr'><em>Deus</em></span> <span class='ocrx_word' id='word_1_33' title='bbox 1175 416 1336 466; x_wconf 77' lang='lat' dir='ltr'><em>suscipit</em></span> <span class='ocrx_word' id='word_1_34' title='bbox 1370 429 1530 453; x_wconf 88' lang='lat' dir='ltr'><em>munera</em></span> 
     </span>
     <span class='ocr_line' id='line_1_5' title="bbox 219 474 1529 524; baseline -0.001 -13"><span class='ocrx_word' id='word_1_35' title='bbox 219 481 360 522; x_wconf 88' lang='lat' dir='ltr'><em>vestra,</em></span> <span class='ocrx_word' id='word_1_36' title='bbox 404 475 473 510; x_wconf 90' lang='lat' dir='ltr'><em>sed</em></span> <span class='ocrx_word' id='word_1_37' title='bbox 504 482 672 524; x_wconf 87' lang='lat' dir='ltr'><em>propter</em></span> <span class='ocrx_word' id='word_1_38' title='bbox 710 487 776 511; x_wconf 92' lang='lat' dir='ltr'><em>vos</em></span> <span class='ocrx_word' id='word_1_39' title='bbox 820 475 932 524; x_wconf 90' lang='lat' dir='ltr'><em>ipsos.</em></span> <span class='ocrx_word' id='word_1_40' title='bbox 986 474 1113 510; x_wconf 86' lang='lat' dir='ltr'><em>Alteri</em></span> <span class='ocrx_word' id='word_1_41' title='bbox 1149 474 1398 522; x_wconf 74' lang='lat' dir='ltr'><em>adversatur,</em></span> <span class='ocrx_word' id='word_1_42' title='bbox 1440 476 1529 510; x_wconf 89' lang='lat' dir='ltr'><em>dum</em></span> 
     </span>
     <span class='ocr_line' id='line_1_6' title="bbox 186 532 1532 582; baseline -0.001 -14"><span class='ocrx_word' id='word_1_43' title='bbox 186 532 335 568; x_wconf 80' lang='lat' dir='ltr'><em>5alteri</em></span> <span class='ocrx_word' id='word_1_44' title='bbox 374 533 647 569; x_wconf 79' lang='lat' dir='ltr'><em>conscienciam</em></span> <span class='ocrx_word' id='word_1_45' title='bbox 690 540 823 568; x_wconf 91' lang='lat' dir='ltr'><em>servat</em></span> <span class='ocrx_word' id='word_1_46' title='bbox 861 540 896 569; x_wconf 92' lang='lat' dir='ltr'><em>et</em></span> <span class='ocrx_word' id='word_1_47' title='bbox 935 533 1024 568; x_wconf 88' lang='lat' dir='ltr'><em>dum</em></span> <span class='ocrx_word' id='word_1_48' title='bbox 1071 532 1204 567; x_wconf 88' lang='lat' dir='ltr'><em>ambos</em></span> <span class='ocrx_word' id='word_1_49' title='bbox 1237 532 1392 582; x_wconf 89' lang='lat' dir='ltr'><em>diligat,</em></span> <span class='ocrx_word' id='word_1_50' title='bbox 1436 533 1532 568; x_wconf 87' lang='lat' dir='ltr'><em>nulli</em></span> 
     </span>
     <span class='ocr_line' id='line_1_7' title="bbox 220 590 1530 640; baseline 0 -14"><span class='ocrx_word' id='word_1_51' title='bbox 220 591 299 626; x_wconf 88' lang='lat' dir='ltr'><em>vult</em></span> <span class='ocrx_word' id='word_1_52' title='bbox 331 602 411 626; x_wconf 86' lang='lat' dir='ltr'><em>esse</em></span> <span class='ocrx_word' id='word_1_53' title='bbox 441 591 588 626; x_wconf 90' lang='lat' dir='ltr'><em>amicus</em></span> <span class='ocrx_word' id='word_1_54' title='bbox 605 597 772 640; x_wconf 89' lang='lat' dir='ltr'><em>propter</em></span> <span class='ocrx_word' id='word_1_55' title='bbox 794 590 1018 626; x_wconf 82' lang='lat' dir='ltr'><em>inimicicias</em></span> <span class='ocrx_word' id='word_1_56' title='bbox 1039 590 1255 626; x_wconf 92' lang='lat' dir='ltr'><em>amborum.</em></span> <span class='ocrx_word' id='word_1_57' title='bbox 1289 591 1404 640; x_wconf 89' lang='lat' dir='ltr'><em>Ergo</em></span> <span class='ocrx_word' id='word_1_58' title='bbox 1423 591 1530 626; x_wconf 89' lang='lat' dir='ltr'><em>Deus</em></span> 
     </span>
     <span class='ocr_line' id='line_1_8' title="bbox 218 648 1533 697; baseline 0 -14"><span class='ocrx_word' id='word_1_59' title='bbox 218 649 331 688; x_wconf 74' lang='lat' dir='ltr'><em>fidem</em></span> <span class='ocrx_word' id='word_1_60' title='bbox 365 649 470 685; x_wconf 91' lang='lat' dir='ltr'><em>nobis</em></span> <span class='ocrx_word' id='word_1_61' title='bbox 513 660 675 685; x_wconf 89' lang='lat' dir='ltr'><em>servans</em></span> <span class='ocrx_word' id='word_1_62' title='bbox 714 648 958 684; x_wconf 89' lang='lat' dir='ltr'><em>inimicorum</em></span> <span class='ocrx_word' id='word_1_63' title='bbox 997 655 1223 684; x_wconf 92' lang='lat' dir='ltr'><em>nostrorum</em></span> <span class='ocrx_word' id='word_1_64' title='bbox 1261 648 1409 684; x_wconf 89' lang='lat' dir='ltr'><em>amicus</em></span> <span class='ocrx_word' id='word_1_65' title='bbox 1433 648 1533 697; x_wconf 86' lang='lat' dir='ltr'><em>fieri</em></span> 
     </span>
     <span class='ocr_line' id='line_1_9' title="bbox 218 706 1532 756; baseline -0.001 -14"><span class='ocrx_word' id='word_1_66' title='bbox 218 719 290 742; x_wconf 91' lang='lat' dir='ltr'><em>non</em></span> <span class='ocrx_word' id='word_1_67' title='bbox 325 706 404 742; x_wconf 91' lang='lat' dir='ltr'><em>vult</em></span> <span class='ocrx_word' id='word_1_68' title='bbox 443 713 479 742; x_wconf 92' lang='lat' dir='ltr'><em>et</em></span> <span class='ocrx_word' id='word_1_69' title='bbox 516 718 583 742; x_wconf 89' lang='lat' dir='ltr'><em>nos</em></span> <span class='ocrx_word' id='word_1_70' title='bbox 614 706 700 742; x_wconf 89' lang='lat' dir='ltr'><em>Deo</em></span> <span class='ocrx_word' id='word_1_71' title='bbox 722 706 848 756; x_wconf 89' lang='lat' dir='ltr'><em>fidem</em></span> <span class='ocrx_word' id='word_1_72' title='bbox 890 718 963 742; x_wconf 93' lang='lat' dir='ltr'><em>non</em></span> <span class='ocrx_word' id='word_1_73' title='bbox 1001 718 1205 742; x_wconf 80' lang='lat' dir='ltr'><em>servamus</em></span> <span class='ocrx_word' id='word_1_74' title='bbox 1248 707 1316 742; x_wconf 91' lang='lat' dir='ltr'><em>sed</em></span> <span class='ocrx_word' id='word_1_75' title='bbox 1358 706 1532 742; x_wconf 89' lang='lat' dir='ltr'><em>inimicos</em></span> 
     </span>
     <span class='ocr_line' id='line_1_10' title="bbox 219 764 1532 815; baseline 0.001 -16"><span class='ocrx_word' id='word_1_76' title='bbox 219 764 298 800; x_wconf 89' lang='lat' dir='ltr'><em>eius</em></span> <span class='ocrx_word' id='word_1_77' title='bbox 331 764 531 815; x_wconf 79' lang='lat' dir='ltr'><em>diligimus</em></span> <span class='ocrx_word' id='word_1_78' title='bbox 568 771 603 800; x_wconf 86' lang='lat' dir='ltr'><em>et</em></span> <span class='ocrx_word' id='word_1_79' title='bbox 642 764 786 800; x_wconf 90' lang='lat' dir='ltr'><em>amicos</em></span> <span class='ocrx_word' id='word_1_80' title='bbox 823 764 987 801; x_wconf 89' lang='lat' dir='ltr'><em>odimus.</em></span> <span class='ocrx_word' id='word_1_81' title='bbox 1042 764 1117 807; x_wconf 83' lang='lat' dir='ltr'><em>Qui</em></span> <span class='ocrx_word' id='word_1_82' title='bbox 1154 764 1252 799; x_wconf 90' lang='lat' dir='ltr'><em>enim</em></span> <span class='ocrx_word' id='word_1_83' title='bbox 1291 764 1439 800; x_wconf 88' lang='lat' dir='ltr'><em>amicus</em></span> <span class='ocrx_word' id='word_1_84' title='bbox 1477 771 1532 800; x_wconf 91' lang='lat' dir='ltr'><em>est</em></span> 
     </span>
     <span class='ocr_line' id='line_1_11' title="bbox 166 821 1532 872; baseline 0.002 -17"><span class='ocrx_word' id='word_1_85' title='bbox 166 835 204 855; x_wconf 94' lang='lat'><em>10</em></span> <span class='ocrx_word' id='word_1_86' title='bbox 219 821 427 871; x_wconf 88' lang='lat' dir='ltr'><em>infidelium</em></span> <span class='ocrx_word' id='word_1_87' title='bbox 466 828 503 858; x_wconf 89' lang='lat' dir='ltr'><em>et</em></span> <span class='ocrx_word' id='word_1_88' title='bbox 541 821 908 872; x_wconf 89' lang='lat' dir='ltr'><em>inimicusfidelium</em></span> <span class='ocrx_word' id='word_1_89' title='bbox 932 822 1075 857; x_wconf 86' lang='lat' dir='ltr'><em>amicos</em></span> <span class='ocrx_word' id='word_1_90' title='bbox 1096 822 1174 857; x_wconf 91' lang='lat' dir='ltr'><em>Dei</em></span> <span class='ocrx_word' id='word_1_91' title='bbox 1194 821 1274 857; x_wconf 90' lang='lat' dir='ltr'><em>odit</em></span> <span class='ocrx_word' id='word_1_92' title='bbox 1296 829 1331 858; x_wconf 85' lang='lat' dir='ltr'><em>et</em></span> <span class='ocrx_word' id='word_1_93' title='bbox 1359 822 1532 858; x_wconf 84' lang='lat' dir='ltr'><em>inimicos</em></span> 
     </span>
     <span class='ocr_line' id='line_1_12' title="bbox 218 879 1532 929; baseline 0.002 -15"><span class='ocrx_word' id='word_1_94' title='bbox 218 886 335 916; x_wconf 89' lang='lat' dir='ltr'><em>amat.</em></span> <span class='ocrx_word' id='word_1_95' title='bbox 389 880 432 915; x_wconf 87' lang='lat' dir='ltr'><em>Si</em></span> <span class='ocrx_word' id='word_1_96' title='bbox 472 886 598 915; x_wconf 91' lang='lat' dir='ltr'><em>autem</em></span> <span class='ocrx_word' id='word_1_97' title='bbox 630 879 756 929; x_wconf 90' lang='lat' dir='ltr'><em>fidem</em></span> <span class='ocrx_word' id='word_1_98' title='bbox 799 892 1047 916; x_wconf 77' lang='lat' dir='ltr'><em>servaremus</em></span> <span class='ocrx_word' id='word_1_99' title='bbox 1084 879 1267 926; x_wconf 90' lang='lat' dir='ltr'><em>Domino,</em></span> <span class='ocrx_word' id='word_1_100' title='bbox 1311 880 1409 916; x_wconf 87' lang='lat' dir='ltr'><em>sicut</em></span> <span class='ocrx_word' id='word_1_101' title='bbox 1452 880 1532 929; x_wconf 88' lang='lat' dir='ltr'><em>ipse</em></span> 
     </span>
     <span class='ocr_line' id='line_1_13' title="bbox 219 937 1529 987; baseline 0 -14"><span class='ocrx_word' id='word_1_102' title='bbox 219 937 337 983; x_wconf 87' lang='lat' dir='ltr'><em>nobis,</em></span> <span class='ocrx_word' id='word_1_103' title='bbox 370 950 561 986; x_wconf 83' lang='lat' dir='ltr'><em>nunquam</em></span> <span class='ocrx_word' id='word_1_104' title='bbox 595 938 803 987; x_wconf 88' lang='lat' dir='ltr'><em>infidelium</em></span> <span class='ocrx_word' id='word_1_105' title='bbox 836 937 1032 973; x_wconf 84' lang='lat' dir='ltr'><em>amicicias</em></span> <span class='ocrx_word' id='word_1_106' title='bbox 1064 937 1292 984; x_wconf 83' lang='lat' dir='ltr'><em>coleremus,</em></span> <span class='ocrx_word' id='word_1_107' title='bbox 1338 950 1529 986; x_wconf 84' lang='lat' dir='ltr'><em>nunquam</em></span> 
     </span>
     <span class='ocr_line' id='line_1_14' title="bbox 219 995 1104 1046; baseline 0 -16"><span class='ocrx_word' id='word_1_108' title='bbox 219 1007 287 1031; x_wconf 91' lang='lat' dir='ltr'><em>nos</em></span> <span class='ocrx_word' id='word_1_109' title='bbox 318 995 527 1045; x_wconf 90' lang='lat' dir='ltr'><em>infidelium</em></span> <span class='ocrx_word' id='word_1_110' title='bbox 562 995 809 1032; x_wconf 89' lang='lat' dir='ltr'><em>matrimonio</em></span> <span class='ocrx_word' id='word_1_111' title='bbox 842 996 1104 1046; x_wconf 86' lang='lat' dir='ltr'><em>iungerenzus.</em></span> 
     </span>
     <span class='ocr_line' id='line_1_15' title="bbox 276 1053 1533 1102; baseline 0 -14"><span class='ocrx_word' id='word_1_112' title='bbox 276 1053 437 1089; x_wconf 89' lang='lat' dir='ltr'><em>Dimitte</em></span> <span class='ocrx_word' id='word_1_113' title='bbox 473 1054 552 1089; x_wconf 90' lang='lat' dir='ltr'><em>illic</em></span> <span class='ocrx_word' id='word_1_114' title='bbox 590 1066 727 1090; x_wconf 91' lang='lat' dir='ltr'><em>munus</em></span> <span class='ocrx_word' id='word_1_115' title='bbox 765 1061 870 1089; x_wconf 91' lang='lat' dir='ltr'><em>tuum</em></span> <span class='ocrx_word' id='word_1_116' title='bbox 910 1060 945 1089; x_wconf 93' lang='lat' dir='ltr'><em>et</em></span> <span class='ocrx_word' id='word_1_117' title='bbox 984 1053 1081 1089; x_wconf 90' lang='lat' dir='ltr'><em>vade</em></span> <span class='ocrx_word' id='word_1_118' title='bbox 1120 1053 1367 1089; x_wconf 88' lang='lat' dir='ltr'><em>reconciliari</em></span> <span class='ocrx_word' id='word_1_119' title='bbox 1397 1053 1533 1102; x_wconf 84' lang='lat' dir='ltr'><em>fratri</em></span> 
     </span>
     <span class='ocr_line' id='line_1_16' title="bbox 167 1111 1531 1160; baseline 0.003 -17"><span class='ocrx_word' id='word_1_120' title='bbox 167 1112 203 1145; x_wconf 78' lang='lat'><em>15</em></span> <span class='ocrx_word' id='word_1_121' title='bbox 219 1118 296 1149; x_wconf 80' lang='lat' dir='ltr'><em>tuo,</em></span> <span class='ocrx_word' id='word_1_122' title='bbox 338 1111 430 1147; x_wconf 92' lang='lat' dir='ltr'><em>Vide</em></span> <span class='ocrx_word' id='word_1_123' title='bbox 461 1111 770 1148; x_wconf 88' lang='lat' dir='ltr'><em>misericordiam</em></span> <span class='ocrx_word' id='word_1_124' title='bbox 793 1112 871 1148; x_wconf 91' lang='lat' dir='ltr'><em>Dei</em></span> <span class='ocrx_word' id='word_1_125' title='bbox 896 1111 1086 1160; x_wconf 81' lang='lat' dir='ltr'><em>quomodo</em></span> <span class='ocrx_word' id='word_1_126' title='bbox 1119 1111 1315 1147; x_wconf 91' lang='lat' dir='ltr'><em>hominum</em></span> <span class='ocrx_word' id='word_1_127' title='bbox 1348 1112 1531 1147; x_wconf 84' lang='lat' dir='ltr'><em>utilitates</em></span> 
     </span>
     <span class='ocr_line' id='line_1_17' title="bbox 219 1169 1531 1218; baseline 0.001 -14"><span class='ocrx_word' id='word_1_128' title='bbox 219 1169 356 1218; x_wconf 79' lang='lat' dir='ltr'><em>aspicit</em></span> <span class='ocrx_word' id='word_1_129' title='bbox 388 1169 556 1218; x_wconf 87' lang='lat' dir='ltr'><em>amplius</em></span> <span class='ocrx_word' id='word_1_130' title='bbox 588 1181 700 1218; x_wconf 83' lang='lat' dir='ltr'><em>quam</em></span> <span class='ocrx_word' id='word_1_131' title='bbox 733 1182 823 1206; x_wconf 91' lang='lat' dir='ltr'><em>suos</em></span> <span class='ocrx_word' id='word_1_132' title='bbox 857 1170 1034 1205; x_wconf 83' lang='lat' dir='ltr'><em>honores.</em></span> <span class='ocrx_word' id='word_1_133' title='bbox 1070 1169 1112 1204; x_wconf 84' lang='lat' dir='ltr'><em>Si</em></span> <span class='ocrx_word' id='word_1_134' title='bbox 1133 1169 1229 1205; x_wconf 91' lang='lat' dir='ltr'><em>enim</em></span> <span class='ocrx_word' id='word_1_135' title='bbox 1252 1181 1342 1205; x_wconf 91' lang='lat' dir='ltr'><em>suos</em></span> <span class='ocrx_word' id='word_1_136' title='bbox 1365 1170 1531 1205; x_wconf 81' lang='lat' dir='ltr'><em>honores</em></span> 
     </span>
     <span class='ocr_line' id='line_1_18' title="bbox 220 1227 1532 1277; baseline 0.001 -15"><span class='ocrx_word' id='word_1_137' title='bbox 220 1227 347 1277; x_wconf 85' lang='lat' dir='ltr'><em>magis</em></span> <span class='ocrx_word' id='word_1_138' title='bbox 390 1227 619 1276; x_wconf 83' lang='lat' dir='ltr'><em>adspiceret,</em></span> <span class='ocrx_word' id='word_1_139' title='bbox 669 1227 723 1264; x_wconf 87' lang='lat' dir='ltr'><em>sic</em></span> <span class='ocrx_word' id='word_1_140' title='bbox 774 1228 954 1263; x_wconf 80' lang='lat' dir='ltr'><em>dixisset:</em></span> <span class='ocrx_word' id='word_1_141' title='bbox 1007 1227 1167 1263; x_wconf 90' lang='lat' dir='ltr'><em>Interim</em></span> <span class='ocrx_word' id='word_1_142' title='bbox 1208 1228 1351 1276; x_wconf 87' lang='lat' dir='ltr'><em>offeras</em></span> <span class='ocrx_word' id='word_1_143' title='bbox 1395 1239 1532 1263; x_wconf 88' lang='lat' dir='ltr'><em>munus</em></span> 
     </span>
     <span class='ocr_line' id='line_1_19' title="bbox 220 1285 1533 1334; baseline 0.002 -15"><span class='ocrx_word' id='word_1_144' title='bbox 220 1292 325 1320; x_wconf 91' lang='lat' dir='ltr'><em>tuum</em></span> <span class='ocrx_word' id='word_1_145' title='bbox 349 1292 383 1320; x_wconf 92' lang='lat' dir='ltr'><em>et</em></span> <span class='ocrx_word' id='word_1_146' title='bbox 401 1292 538 1334; x_wconf 89' lang='lat' dir='ltr'><em>postea</em></span> <span class='ocrx_word' id='word_1_147' title='bbox 561 1286 658 1321; x_wconf 91' lang='lat' dir='ltr'><em>vade</em></span> <span class='ocrx_word' id='word_1_148' title='bbox 680 1293 715 1322; x_wconf 91' lang='lat' dir='ltr'><em>et</em></span> <span class='ocrx_word' id='word_1_149' title='bbox 737 1285 956 1322; x_wconf 87' lang='lat' dir='ltr'><em>reconcilia.</em></span> <span class='ocrx_word' id='word_1_150' title='bbox 992 1285 1105 1320; x_wconf 86' lang='lat' dir='ltr'><em>Nunc</em></span> <span class='ocrx_word' id='word_1_151' title='bbox 1127 1292 1253 1320; x_wconf 88' lang='lat' dir='ltr'><em>autem</em></span> <span class='ocrx_word' id='word_1_152' title='bbox 1279 1285 1391 1321; x_wconf 86' lang='lat' dir='ltr'><em>dicit:</em></span> <span class='ocrx_word' id='word_1_153' title='bbox 1430 1285 1533 1321; x_wconf 86' lang='lat' dir='ltr'><em>Vade</em></span> 
     </span>
     <span class='ocr_line' id='line_1_20' title="bbox 217 1343 1535 1392; baseline -0.001 -14"><span class='ocrx_word' id='word_1_154' title='bbox 217 1343 390 1392; x_wconf 86' lang='lat' dir='ltr'><em>primum</em></span> <span class='ocrx_word' id='word_1_155' title='bbox 424 1349 459 1379; x_wconf 93' lang='lat' dir='ltr'><em>et</em></span> <span class='ocrx_word' id='word_1_156' title='bbox 491 1343 745 1380; x_wconf 89' lang='lat' dir='ltr'><em>reconciliare</em></span> <span class='ocrx_word' id='word_1_157' title='bbox 777 1350 811 1379; x_wconf 91' lang='lat' dir='ltr'><em>et</em></span> <span class='ocrx_word' id='word_1_158' title='bbox 842 1344 896 1379; x_wconf 88' lang='lat' dir='ltr'><em>sic</em></span> <span class='ocrx_word' id='word_1_159' title='bbox 928 1343 1078 1379; x_wconf 90' lang='lat' dir='ltr'><em>veniens</em></span> <span class='ocrx_word' id='word_1_160' title='bbox 1110 1343 1238 1391; x_wconf 85' lang='lat' dir='ltr'><em>offers,</em></span> <span class='ocrx_word' id='word_1_161' title='bbox 1273 1350 1468 1392; x_wconf 79' lang='lat' dir='ltr'><em>tamquam</em></span> <span class='ocrx_word' id='word_1_162' title='bbox 1501 1343 1535 1379; x_wconf 89' lang='lat' dir='ltr'><em>si</em></span> 
     </span>
     <span class='ocr_line' id='line_1_21' title="bbox 165 1401 1534 1452; baseline 0.002 -19"><span class='ocrx_word' id='word_1_163' title='bbox 165 1412 207 1434; x_wconf 89' lang='lat'><em>20</em></span> <span class='ocrx_word' id='word_1_164' title='bbox 223 1401 324 1437; x_wconf 90' lang='lat' dir='ltr'><em>dicat</em></span> <span class='ocrx_word' id='word_1_165' title='bbox 355 1401 408 1436; x_wconf 90' lang='lat' dir='ltr'><em>ad</em></span> <span class='ocrx_word' id='word_1_166' title='bbox 439 1401 568 1437; x_wconf 87' lang='lat' dir='ltr'><em>illum:</em></span> <span class='ocrx_word' id='word_1_167' title='bbox 607 1402 722 1448; x_wconf 84' lang='lat' dir='ltr'><em>Vade,</em></span> <span class='ocrx_word' id='word_1_168' title='bbox 767 1413 841 1452; x_wconf 82' lang='lat' dir='ltr'><em>ego</em></span> <span class='ocrx_word' id='word_1_169' title='bbox 875 1402 1035 1437; x_wconf 84' lang='lat' dir='ltr'><em>libenter</em></span> <span class='ocrx_word' id='word_1_170' title='bbox 1067 1408 1330 1450; x_wconf 89' lang='lat' dir='ltr'><em>contempnor,</em></span> <span class='ocrx_word' id='word_1_171' title='bbox 1372 1402 1534 1437; x_wconf 84' lang='lat' dir='ltr'><em>libenter</em></span> 
     </span>
     <span class='ocr_line' id='line_1_22' title="bbox 222 1459 1533 1509; baseline 0 -15"><span class='ocrx_word' id='word_1_172' title='bbox 222 1459 379 1495; x_wconf 91' lang='lat' dir='ltr'><em>honoris</em></span> <span class='ocrx_word' id='word_1_173' title='bbox 421 1459 496 1495; x_wconf 92' lang='lat' dir='ltr'><em>mei</em></span> <span class='ocrx_word' id='word_1_174' title='bbox 527 1459 666 1508; x_wconf 88' lang='lat' dir='ltr'><em>pacior</em></span> <span class='ocrx_word' id='word_1_175' title='bbox 699 1460 921 1509; x_wconf 76' lang='lat' dir='ltr'><em>dampnum,</em></span> <span class='ocrx_word' id='word_1_176' title='bbox 963 1459 1125 1495; x_wconf 84' lang='lat' dir='ltr'><em>libenter</em></span> <span class='ocrx_word' id='word_1_177' title='bbox 1156 1466 1316 1508; x_wconf 85' lang='lat' dir='ltr'><em>expecto</em></span> <span class='ocrx_word' id='word_1_178' title='bbox 1357 1459 1533 1495; x_wconf 87' lang='lat' dir='ltr'><em>dominus</em></span> 
     </span>
     <span class='ocr_line' id='line_1_23' title="bbox 220 1516 1534 1554; baseline -0.001 -1"><span class='ocrx_word' id='word_1_179' title='bbox 220 1529 355 1553; x_wconf 91' lang='lat' dir='ltr'><em>servos</em></span> <span class='ocrx_word' id='word_1_180' title='bbox 393 1518 658 1553; x_wconf 89' lang='lat' dir='ltr'><em>tantummodo</em></span> <span class='ocrx_word' id='word_1_181' title='bbox 697 1524 737 1552; x_wconf 93' lang='lat' dir='ltr'><em>ut</em></span> <span class='ocrx_word' id='word_1_182' title='bbox 776 1530 842 1554; x_wconf 91' lang='lat' dir='ltr'><em>vos</em></span> <span class='ocrx_word' id='word_1_183' title='bbox 882 1517 917 1553; x_wconf 89' lang='lat' dir='ltr'><em>in</em></span> <span class='ocrx_word' id='word_1_184' title='bbox 950 1517 1165 1553; x_wconf 87' lang='lat' dir='ltr'><em>amiciciam</em></span> <span class='ocrx_word' id='word_1_185' title='bbox 1206 1516 1377 1553; x_wconf 86' lang='lat' dir='ltr'><em>veniatis.</em></span> <span class='ocrx_word' id='word_1_186' title='bbox 1431 1517 1534 1552; x_wconf 86' lang='lat' dir='ltr'><em>Vade</em></span> 
     </span>
     <span class='ocr_line' id='line_1_24' title="bbox 222 1575 1533 1626; baseline -0.001 -15"><span class='ocrx_word' id='word_1_187' title='bbox 222 1587 319 1625; x_wconf 88' lang='lat' dir='ltr'><em>ergo</em></span> <span class='ocrx_word' id='word_1_188' title='bbox 343 1582 382 1610; x_wconf 90' lang='lat' dir='ltr'><em>ut</em></span> <span class='ocrx_word' id='word_1_189' title='bbox 403 1575 514 1621; x_wconf 87' lang='lat' dir='ltr'><em>scias,</em></span> <span class='ocrx_word' id='word_1_190' title='bbox 538 1575 625 1623; x_wconf 80' lang='lat' dir='ltr'><em>quia</em></span> <span class='ocrx_word' id='word_1_191' title='bbox 635 1575 727 1625; x_wconf 92' lang='lat' dir='ltr'><em>plus</em></span> <span class='ocrx_word' id='word_1_192' title='bbox 749 1575 871 1626; x_wconf 80' lang='lat' dir='ltr'><em>diligo</em></span> <span class='ocrx_word' id='word_1_193' title='bbox 895 1575 1141 1611; x_wconf 88' lang='lat' dir='ltr'><em>concordiam</em></span> <span class='ocrx_word' id='word_1_194' title='bbox 1153 1575 1335 1624; x_wconf 90' lang='lat' dir='ltr'><em>fidelium</em></span> <span class='ocrx_word' id='word_1_195' title='bbox 1360 1587 1533 1611; x_wconf 90' lang='lat' dir='ltr'><em>meorum</em></span> 
     </span>
     <span class='ocr_line' id='line_1_25' title="bbox 223 1633 1533 1682; baseline 0 -14"><span class='ocrx_word' id='word_1_196' title='bbox 223 1645 335 1681; x_wconf 82' lang='lat' dir='ltr'><em>quam</em></span> <span class='ocrx_word' id='word_1_197' title='bbox 364 1645 538 1679; x_wconf 89' lang='lat' dir='ltr'><em>munera,</em></span> <span class='ocrx_word' id='word_1_198' title='bbox 573 1633 660 1682; x_wconf 85' lang='lat' dir='ltr'><em>quia</em></span> <span class='ocrx_word' id='word_1_199' title='bbox 694 1646 855 1669; x_wconf 88' lang='lat' dir='ltr'><em>munera</em></span> <span class='ocrx_word' id='word_1_200' title='bbox 883 1633 1079 1669; x_wconf 88' lang='lat' dir='ltr'><em>hominum</em></span> <span class='ocrx_word' id='word_1_201' title='bbox 1104 1633 1251 1669; x_wconf 90' lang='lat' dir='ltr'><em>nullum</em></span> <span class='ocrx_word' id='word_1_202' title='bbox 1275 1633 1358 1669; x_wconf 90' lang='lat' dir='ltr'><em>Deo</em></span> <span class='ocrx_word' id='word_1_203' title='bbox 1383 1634 1533 1668; x_wconf 91' lang='lat' dir='ltr'><em>lucrum</em></span> 
     </span>
     <span class='ocr_line' id='line_1_26' title="bbox 166 1690 1533 1741; baseline 0.004 -18"><span class='ocrx_word' id='word_1_204' title='bbox 166 1691 383 1739; x_wconf 80' lang='lat' dir='ltr'><em>25faciunt.</em></span> <span class='ocrx_word' id='word_1_205' title='bbox 434 1690 589 1727; x_wconf 87' lang='lat' dir='ltr'><em>Caritas</em></span> <span class='ocrx_word' id='word_1_206' title='bbox 627 1698 754 1727; x_wconf 90' lang='lat' dir='ltr'><em>autem</em></span> <span class='ocrx_word' id='word_1_207' title='bbox 793 1691 950 1727; x_wconf 91' lang='lat' dir='ltr'><em>illorum</em></span> <span class='ocrx_word' id='word_1_208' title='bbox 989 1691 1066 1727; x_wconf 91' lang='lat' dir='ltr'><em>Dei</em></span> <span class='ocrx_word' id='word_1_209' title='bbox 1106 1691 1282 1741; x_wconf 78' lang='lat' dir='ltr'><em>gloriam</em></span> <span class='ocrx_word' id='word_1_210' title='bbox 1332 1698 1533 1740; x_wconf 79' lang='lat' dir='ltr'><em>operatur.</em></span> 
     </span>
     <span class='ocr_line' id='line_1_27' title="bbox 222 1749 1534 1799; baseline 0 -15"><span class='ocrx_word' id='word_1_211' title='bbox 222 1749 282 1784; x_wconf 91' lang='lat' dir='ltr'><em>Ne</em></span> <span class='ocrx_word' id='word_1_212' title='bbox 314 1749 440 1784; x_wconf 85' lang='lat' dir='ltr'><em>dicas:</em></span> <span class='ocrx_word' id='word_1_213' title='bbox 471 1749 536 1784; x_wconf 91' lang='lat' dir='ltr'><em>ille</em></span> <span class='ocrx_word' id='word_1_214' title='bbox 567 1749 661 1785; x_wconf 88' lang='lat' dir='ltr'><em>mihi</em></span> <span class='ocrx_word' id='word_1_215' title='bbox 690 1749 828 1796; x_wconf 86' lang='lat' dir='ltr'><em>nocuit,</em></span> <span class='ocrx_word' id='word_1_216' title='bbox 868 1761 941 1785; x_wconf 90' lang='lat' dir='ltr'><em>non</em></span> <span class='ocrx_word' id='word_1_217' title='bbox 975 1761 1047 1799; x_wconf 86' lang='lat' dir='ltr'><em>ego</em></span> <span class='ocrx_word' id='word_1_218' title='bbox 1081 1749 1158 1794; x_wconf 87' lang='lat' dir='ltr'><em>illi;</em></span> <span class='ocrx_word' id='word_1_219' title='bbox 1201 1749 1266 1785; x_wconf 89' lang='lat' dir='ltr'><em>ille</em></span> <span class='ocrx_word' id='word_1_220' title='bbox 1298 1749 1394 1784; x_wconf 93' lang='lat' dir='ltr'><em>mihi</em></span> <span class='ocrx_word' id='word_1_221' title='bbox 1422 1749 1534 1785; x_wconf 89' lang='lat' dir='ltr'><em>satis-</em></span> 
     </span>
     <span class='ocr_line' id='line_1_28' title="bbox 214 1806 1536 1858; baseline 0.001 -16"><span class='ocrx_word' id='word_1_222' title='bbox 214 1806 356 1855; x_wconf 88' lang='lat' dir='ltr'><em>facere</em></span> <span class='ocrx_word' id='word_1_223' title='bbox 389 1807 508 1853; x_wconf 84' lang='lat' dir='ltr'><em>debet,</em></span> <span class='ocrx_word' id='word_1_224' title='bbox 549 1820 621 1843; x_wconf 90' lang='lat' dir='ltr'><em>non</em></span> <span class='ocrx_word' id='word_1_225' title='bbox 655 1819 728 1857; x_wconf 85' lang='lat' dir='ltr'><em>ego</em></span> <span class='ocrx_word' id='word_1_226' title='bbox 760 1807 828 1842; x_wconf 91' lang='lat' dir='ltr'><em>illi.</em></span> <span class='ocrx_word' id='word_1_227' title='bbox 863 1807 941 1843; x_wconf 88' lang='lat' dir='ltr'><em>Sed</em></span> <span class='ocrx_word' id='word_1_228' title='bbox 966 1819 1043 1857; x_wconf 90' lang='lat' dir='ltr'><em>pro</em></span> <span class='ocrx_word' id='word_1_229' title='bbox 1074 1807 1206 1858; x_wconf 87' lang='lat' dir='ltr'><em>gloria</em></span> <span class='ocrx_word' id='word_1_230' title='bbox 1238 1807 1374 1843; x_wconf 88' lang='lat' dir='ltr'><em>salutis</em></span> <span class='ocrx_word' id='word_1_231' title='bbox 1406 1814 1536 1843; x_wconf 88' lang='lat' dir='ltr'><em>nostre</em></span> 
     </span>
     <span class='ocr_line' id='line_1_29' title="bbox 222 1864 1536 1915; baseline 0.001 -16"><span class='ocrx_word' id='word_1_232' title='bbox 222 1864 321 1900; x_wconf 88' lang='lat' dir='ltr'><em>iubet</em></span> <span class='ocrx_word' id='word_1_233' title='bbox 343 1871 379 1900; x_wconf 92' lang='lat' dir='ltr'><em>te</em></span> <span class='ocrx_word' id='word_1_234' title='bbox 400 1864 508 1901; x_wconf 90' lang='lat' dir='ltr'><em>Deus</em></span> <span class='ocrx_word' id='word_1_235' title='bbox 529 1865 741 1901; x_wconf 88' lang='lat' dir='ltr'><em>amiciciam</em></span> <span class='ocrx_word' id='word_1_236' title='bbox 755 1865 909 1913; x_wconf 87' lang='lat' dir='ltr'><em>facere,</em></span> <span class='ocrx_word' id='word_1_237' title='bbox 933 1865 1061 1915; x_wconf 88' lang='lat' dir='ltr'><em>magis</em></span> <span class='ocrx_word' id='word_1_238' title='bbox 1083 1865 1231 1902; x_wconf 90' lang='lat' dir='ltr'><em>nocitus</em></span> <span class='ocrx_word' id='word_1_239' title='bbox 1254 1865 1365 1901; x_wconf 86' lang='lat' dir='ltr'><em>debes</em></span> <span class='ocrx_word' id='word_1_240' title='bbox 1387 1877 1536 1915; x_wconf 87' lang='lat' dir='ltr'><em>rogare</em></span> 
     </span>
    </p>
   </div>
   <div class='ocr_carea' id='block_1_3' title="bbox 103 1920 1533 1975">
    <p class='ocr_par' dir='ltr' id='par_1_3' title="bbox 103 1920 1533 1975">
     <span class='ocr_line' id='line_1_30' title="bbox 103 1920 1533 1975; baseline 0.001 -19"><span class='ocrx_word' id='word_1_241' title='bbox 103 1921 184 1967; x_wconf 75' lang='lat'>369¹²</span> <span class='ocrx_word' id='word_1_242' title='bbox 223 1928 262 1957; x_wconf 92' lang='lat' dir='ltr'><em>ut</em></span> <span class='ocrx_word' id='word_1_243' title='bbox 295 1922 483 1971; x_wconf 78' lang='lat' dir='ltr'><em>duplicem</em></span> <span class='ocrx_word' id='word_1_244' title='bbox 509 1922 682 1973; x_wconf 77' lang='lat' dir='ltr'><em>gloriam</em></span> <span class='ocrx_word' id='word_1_245' title='bbox 716 1922 974 1972; x_wconf 80' lang='lat' dir='ltr'><em>consequaris,</em></span> <span class='ocrx_word' id='word_1_246' title='bbox 1007 1935 1120 1958; x_wconf 85' lang='lat' dir='ltr'><em>unam</em></span> <span class='ocrx_word' id='word_1_247' title='bbox 1154 1923 1241 1971; x_wconf 79' lang='lat' dir='ltr'><em>quia</em></span> <span class='ocrx_word' id='word_1_248' title='bbox 1270 1920 1273 1975; x_wconf 83' lang='grc' dir='ltr'>Ι</span> <span class='ocrx_word' id='word_1_249' title='bbox 1303 1923 1450 1959; x_wconf 87' lang='lat' dir='ltr'><em>nocitus</em></span> <span class='ocrx_word' id='word_1_250' title='bbox 1483 1935 1533 1969; x_wconf 88' lang='lat' dir='ltr'><em>es,</em></span> 
     </span>
    </p>
   </div>
   <div class='ocr_carea' id='block_1_4' title="bbox 166 1980 1537 2493">
    <p class='ocr_par' dir='ltr' id='par_1_4' title="bbox 166 1980 1537 2262">
     <span class='ocr_line' id='line_1_31' title="bbox 166 1980 1536 2031; baseline 0.001 -16"><span class='ocrx_word' id='word_1_251' title='bbox 166 1983 207 2015; x_wconf 83' lang='lat'><em>30</em></span> <span class='ocrx_word' id='word_1_252' title='bbox 222 1980 388 2016; x_wconf 90' lang='lat' dir='ltr'><em>alteram</em></span> <span class='ocrx_word' id='word_1_253' title='bbox 428 1980 513 2028; x_wconf 84' lang='lat' dir='ltr'><em>quia</em></span> <span class='ocrx_word' id='word_1_254' title='bbox 542 1981 659 2029; x_wconf 86' lang='lat' dir='ltr'><em>prior</em></span> <span class='ocrx_word' id='word_1_255' title='bbox 691 1980 856 2031; x_wconf 78' lang='lat' dir='ltr'><em>rogasti.</em></span> <span class='ocrx_word' id='word_1_256' title='bbox 911 1980 954 2016; x_wconf 83' lang='lat' dir='ltr'><em>Si</em></span> <span class='ocrx_word' id='word_1_257' title='bbox 990 1981 1087 2017; x_wconf 90' lang='lat' dir='ltr'><em>enim</em></span> <span class='ocrx_word' id='word_1_258' title='bbox 1127 1988 1166 2016; x_wconf 89' lang='lat' dir='ltr'><em>tu</em></span> <span class='ocrx_word' id='word_1_259' title='bbox 1207 1981 1265 2016; x_wconf 91' lang='lat' dir='ltr'><em>illi</em></span> <span class='ocrx_word' id='word_1_260' title='bbox 1301 1980 1465 2016; x_wconf 87' lang='lat' dir='ltr'><em>nocuisti</em></span> <span class='ocrx_word' id='word_1_261' title='bbox 1501 1988 1536 2017; x_wconf 84' lang='lat' dir='ltr'><em>et</em></span> 
     </span>
     <span class='ocr_line' id='line_1_32' title="bbox 223 2038 1535 2089; baseline 0.001 -16"><span class='ocrx_word' id='word_1_262' title='bbox 223 2038 306 2074; x_wconf 89' lang='lat' dir='ltr'><em>ideo</em></span> <span class='ocrx_word' id='word_1_263' title='bbox 340 2050 463 2088; x_wconf 84' lang='lat' dir='ltr'><em>rogas</em></span> <span class='ocrx_word' id='word_1_264' title='bbox 494 2050 592 2085; x_wconf 90' lang='lat' dir='ltr'><em>eum,</em></span> <span class='ocrx_word' id='word_1_265' title='bbox 614 2039 791 2087; x_wconf 89' lang='lat' dir='ltr'><em>forsitan</em></span> <span class='ocrx_word' id='word_1_266' title='bbox 820 2045 959 2089; x_wconf 89' lang='lat' dir='ltr'><em>parcet</em></span> <span class='ocrx_word' id='word_1_267' title='bbox 990 2039 1058 2074; x_wconf 91' lang='lat' dir='ltr'><em>tibi</em></span> <span class='ocrx_word' id='word_1_268' title='bbox 1087 2039 1195 2075; x_wconf 87' lang='lat' dir='ltr'><em>Deus</em></span> <span class='ocrx_word' id='word_1_269' title='bbox 1227 2039 1329 2087; x_wconf 82' lang='lat' dir='ltr'><em>quod</em></span> <span class='ocrx_word' id='word_1_270' title='bbox 1362 2038 1535 2085; x_wconf 88' lang='lat' dir='ltr'><em>nocuisti,</em></span> 
     </span>
     <span class='ocr_line' id='line_1_33' title="bbox 223 2095 1536 2146; baseline 0.002 -16"><span class='ocrx_word' id='word_1_271' title='bbox 223 2095 311 2144; x_wconf 83' lang='lat' dir='ltr'><em>quia</em></span> <span class='ocrx_word' id='word_1_272' title='bbox 337 2096 454 2145; x_wconf 90' lang='lat' dir='ltr'><em>prior</em></span> <span class='ocrx_word' id='word_1_273' title='bbox 485 2096 651 2146; x_wconf 88' lang='lat' dir='ltr'><em>rogasti,</em></span> <span class='ocrx_word' id='word_1_274' title='bbox 688 2104 814 2133; x_wconf 88' lang='lat' dir='ltr'><em>tamen</em></span> <span class='ocrx_word' id='word_1_275' title='bbox 847 2097 993 2133; x_wconf 82' lang='lat' dir='ltr'><em>nullam</em></span> <span class='ocrx_word' id='word_1_276' title='bbox 1026 2097 1144 2133; x_wconf 89' lang='lat' dir='ltr'><em>habes</em></span> <span class='ocrx_word' id='word_1_277' title='bbox 1176 2097 1405 2143; x_wconf 87' lang='lat' dir='ltr'><em>mercedem,</em></span> <span class='ocrx_word' id='word_1_278' title='bbox 1448 2095 1536 2145; x_wconf 85' lang='lat' dir='ltr'><em>quia</em></span> 
     </span>
     <span class='ocr_line' id='line_1_34' title="bbox 225 2154 1537 2205; baseline 0.001 -17"><span class='ocrx_word' id='word_1_279' title='bbox 225 2165 313 2189; x_wconf 90' lang='lat' dir='ltr'><em>reus</em></span> <span class='ocrx_word' id='word_1_280' title='bbox 344 2154 570 2190; x_wconf 86' lang='lat' dir='ltr'><em>constitutus</em></span> <span class='ocrx_word' id='word_1_281' title='bbox 603 2154 765 2205; x_wconf 87' lang='lat' dir='ltr'><em>rogasti.</em></span> <span class='ocrx_word' id='word_1_282' title='bbox 803 2155 846 2190; x_wconf 80' lang='lat' dir='ltr'><em>Si</em></span> <span class='ocrx_word' id='word_1_283' title='bbox 876 2161 1002 2191; x_wconf 84' lang='lat' dir='ltr'><em>autem</em></span> <span class='ocrx_word' id='word_1_284' title='bbox 1035 2155 1099 2191; x_wconf 88' lang='lat' dir='ltr'><em>ille</em></span> <span class='ocrx_word' id='word_1_285' title='bbox 1130 2162 1166 2191; x_wconf 91' lang='lat' dir='ltr'><em>te</em></span> <span class='ocrx_word' id='word_1_286' title='bbox 1198 2154 1328 2191; x_wconf 90' lang='lat' dir='ltr'><em>leserit</em></span> <span class='ocrx_word' id='word_1_287' title='bbox 1360 2162 1395 2191; x_wconf 93' lang='lat' dir='ltr'><em>et</em></span> <span class='ocrx_word' id='word_1_288' title='bbox 1421 2154 1537 2204; x_wconf 89' lang='lat' dir='ltr'><em>prior</em></span> 
     </span>
     <span class='ocr_line' id='line_1_35' title="bbox 225 2211 1535 2262; baseline 0.001 -16"><span class='ocrx_word' id='word_1_289' title='bbox 225 2211 444 2261; x_wconf 82' lang='lat' dir='ltr'><em>rogaveris,</em></span> <span class='ocrx_word' id='word_1_290' title='bbox 477 2224 661 2262; x_wconf 87' lang='lat' dir='ltr'><em>magnam</em></span> <span class='ocrx_word' id='word_1_291' title='bbox 694 2213 849 2248; x_wconf 86' lang='lat' dir='ltr'><em>habebis</em></span> <span class='ocrx_word' id='word_1_292' title='bbox 880 2213 1107 2249; x_wconf 91' lang='lat' dir='ltr'><em>mercedem.</em></span> <span class='ocrx_word' id='word_1_293' title='bbox 1147 2212 1304 2249; x_wconf 87' lang='lat' dir='ltr'><em>Festina</em></span> <span class='ocrx_word' id='word_1_294' title='bbox 1336 2224 1433 2262; x_wconf 88' lang='lat' dir='ltr'><em>ergo</em></span> <span class='ocrx_word' id='word_1_295' title='bbox 1467 2212 1535 2247; x_wconf 90' lang='lat' dir='ltr'><em>ini-</em></span> 
     </span>
    </p>

    <p class='ocr_par' dir='ltr' id='par_1_5' title="bbox 168 2269 1537 2493">
     <span class='ocr_line' id='line_1_36' title="bbox 168 2269 1537 2319; baseline 0.001 -15"><span class='ocrx_word' id='word_1_296' title='bbox 168 2271 207 2305; x_wconf 76' lang='lat'><em>35</em></span> <span class='ocrx_word' id='word_1_297' title='bbox 225 2269 363 2305; x_wconf 89' lang='lat' dir='ltr'><em>micum</em></span> <span class='ocrx_word' id='word_1_298' title='bbox 401 2276 506 2305; x_wconf 87' lang='lat' dir='ltr'><em>tuum</em></span> <span class='ocrx_word' id='word_1_299' title='bbox 541 2270 749 2319; x_wconf 83' lang='lat' dir='ltr'><em>prevenire</em></span> <span class='ocrx_word' id='word_1_300' title='bbox 789 2271 841 2306; x_wconf 90' lang='lat' dir='ltr'><em>ad</em></span> <span class='ocrx_word' id='word_1_301' title='bbox 877 2270 1084 2317; x_wconf 89' lang='lat' dir='ltr'><em>amicicias,</em></span> <span class='ocrx_word' id='word_1_302' title='bbox 1130 2283 1174 2306; x_wconf 89' lang='lat' dir='ltr'><em>ne</em></span> <span class='ocrx_word' id='word_1_303' title='bbox 1203 2270 1318 2319; x_wconf 91' lang='lat' dir='ltr'><em>forte</em></span> <span class='ocrx_word' id='word_1_304' title='bbox 1356 2270 1537 2306; x_wconf 88' lang='lat' dir='ltr'><em>tardante</em></span> 
     </span>
     <span class='ocr_line' id='line_1_37' title="bbox 225 2327 1536 2378; baseline 0.002 -16"><span class='ocrx_word' id='word_1_305' title='bbox 225 2334 261 2363; x_wconf 93' lang='lat' dir='ltr'><em>te</em></span> <span class='ocrx_word' id='word_1_306' title='bbox 287 2327 490 2376; x_wconf 80' lang='lat' dir='ltr'><em>preveniat</em></span> <span class='ocrx_word' id='word_1_307' title='bbox 522 2334 558 2363; x_wconf 90' lang='lat' dir='ltr'><em>te</em></span> <span class='ocrx_word' id='word_1_308' title='bbox 589 2327 654 2364; x_wconf 91' lang='lat' dir='ltr'><em>ille</em></span> <span class='ocrx_word' id='word_1_309' title='bbox 686 2328 738 2364; x_wconf 89' lang='lat' dir='ltr'><em>ad</em></span> <span class='ocrx_word' id='word_1_310' title='bbox 776 2329 998 2378; x_wconf 87' lang='lat' dir='ltr'><em>rogandum</em></span> <span class='ocrx_word' id='word_1_311' title='bbox 1039 2335 1073 2365; x_wconf 90' lang='lat' dir='ltr'><em>et</em></span> <span class='ocrx_word' id='word_1_312' title='bbox 1110 2328 1239 2378; x_wconf 88' lang='lat' dir='ltr'><em>rapiat</em></span> <span class='ocrx_word' id='word_1_313' title='bbox 1278 2329 1324 2365; x_wconf 89' lang='lat' dir='ltr'><em>de</em></span> <span class='ocrx_word' id='word_1_314' title='bbox 1362 2328 1536 2364; x_wconf 85' lang='lat' dir='ltr'><em>manibus</em></span> 
     </span>
     <span class='ocr_line' id='line_1_38' title="bbox 225 2384 1536 2434; baseline 0.001 -14"><span class='ocrx_word' id='word_1_315' title='bbox 225 2384 299 2421; x_wconf 87' lang='lat' dir='ltr'><em>tuis</em></span> <span class='ocrx_word' id='word_1_316' title='bbox 324 2384 481 2434; x_wconf 91' lang='lat' dir='ltr'><em>pietatis</em></span> <span class='ocrx_word' id='word_1_317' title='bbox 513 2386 742 2423; x_wconf 89' lang='lat' dir='ltr'><em>mercedem.</em></span> <span class='ocrx_word' id='word_1_318' title='bbox 789 2386 892 2422; x_wconf 92' lang='lat' dir='ltr'><em>Nam</em></span> <span class='ocrx_word' id='word_1_319' title='bbox 923 2386 957 2423; x_wconf 89' lang='lat' dir='ltr'><em>si</em></span> <span class='ocrx_word' id='word_1_320' title='bbox 988 2386 1052 2422; x_wconf 93' lang='lat' dir='ltr'><em>ille</em></span> <span class='ocrx_word' id='word_1_321' title='bbox 1083 2386 1150 2422; x_wconf 91' lang='lat' dir='ltr'><em>tibi</em></span> <span class='ocrx_word' id='word_1_322' title='bbox 1181 2386 1307 2422; x_wconf 90' lang='lat' dir='ltr'><em>nocuit</em></span> <span class='ocrx_word' id='word_1_323' title='bbox 1339 2393 1374 2422; x_wconf 89' lang='lat' dir='ltr'><em>et</em></span> <span class='ocrx_word' id='word_1_324' title='bbox 1406 2386 1470 2422; x_wconf 93' lang='lat' dir='ltr'><em>ille</em></span> <span class='ocrx_word' id='word_1_325' title='bbox 1501 2393 1536 2422; x_wconf 93' lang='lat' dir='ltr'><em>te</em></span> 
     </span>
     <span class='ocr_line' id='line_1_39' title="bbox 226 2442 1535 2493; baseline 0.002 -16"><span class='ocrx_word' id='word_1_326' title='bbox 226 2449 356 2493; x_wconf 88' lang='lat' dir='ltr'><em>rogat,</em></span> <span class='ocrx_word' id='word_1_327' title='bbox 389 2442 631 2491; x_wconf 89' lang='lat' dir='ltr'><em>infructuosa</em></span> <span class='ocrx_word' id='word_1_328' title='bbox 665 2450 719 2480; x_wconf 90' lang='lat' dir='ltr'><em>est</em></span> <span class='ocrx_word' id='word_1_329' title='bbox 752 2443 925 2480; x_wconf 87' lang='lat' dir='ltr'><em>amicicia</em></span> <span class='ocrx_word' id='word_1_330' title='bbox 957 2451 1035 2480; x_wconf 91' lang='lat' dir='ltr'><em>tua.</em></span> <span class='ocrx_word' id='word_1_331' title='bbox 1076 2445 1200 2488; x_wconf 80' lang='lat' dir='ltr'><em>Quam</em></span> <span class='ocrx_word' id='word_1_332' title='bbox 1225 2444 1324 2480; x_wconf 90' lang='lat' dir='ltr'><em>enim</em></span> <span class='ocrx_word' id='word_1_333' title='bbox 1347 2444 1535 2480; x_wconf 83' lang='lat' dir='ltr'><em>iusticiam</em></span> 
     </span>
    </p>
   </div>
   <div class='ocr_carea' id='block_1_5' title="bbox 225 2645 1538 2820">
    <p class='ocr_par' dir='ltr' id='par_1_6' title="bbox 225 2645 1538 2820">
     <span class='ocr_line' id='line_1_40' title="bbox 297 2645 1535 2682; baseline 0.002 -10"><span class='ocrx_word' id='word_1_334' title='bbox 297 2653 318 2672; x_wconf 89' lang='lat'><em>1.</em></span> <span class='ocrx_word' id='word_1_335' title='bbox 350 2645 395 2672; x_wconf 88' lang='lat' dir='ltr'><em>A:</em></span> <span class='ocrx_word' id='word_1_336' title='bbox 428 2647 458 2672; x_wconf 88' lang='lat' dir='ltr'><em>et</em></span> <span class='ocrx_word' id='word_1_337' title='bbox 484 2646 531 2673; x_wconf 72' lang='lat' dir='ltr'><em>itti</em></span> <span class='ocrx_word' id='word_1_338' title='bbox 561 2662 589 2665; x_wconf 98' lang='lat'><strong>—</strong></span> <span class='ocrx_word' id='word_1_339' title='bbox 624 2647 740 2673; x_wconf 86' lang='lat' dir='ltr'><em>amicus</em></span> <span class='ocrx_word' id='word_1_340' title='bbox 773 2646 866 2674; x_wconf 82' lang='lat' dir='ltr'><em>deest.</em></span> <span class='ocrx_word' id='word_1_341' title='bbox 1016 2645 1042 2674; x_wconf 84' lang='lat'><em>3.</em></span> <span class='ocrx_word' id='word_1_342' title='bbox 1075 2647 1120 2674; x_wconf 89' lang='lat' dir='ltr'><em>A:</em></span> <span class='ocrx_word' id='word_1_343' title='bbox 1155 2646 1309 2682; x_wconf 55' lang='lat' dir='ltr'><em>Numquid</em></span> <span class='ocrx_word' id='word_1_344' title='bbox 1332 2650 1464 2682; x_wconf 79' lang='lat' dir='ltr'><em>propter</em></span> <span class='ocrx_word' id='word_1_345' title='bbox 1494 2656 1535 2674; x_wconf 84' lang='lat' dir='ltr'><em>se.</em></span> 
     </span>
     <span class='ocr_line' id='line_1_41' title="bbox 226 2680 1535 2716; baseline 0.002 -9"><span class='ocrx_word' id='word_1_346' title='bbox 226 2688 260 2714; x_wconf 89' lang='lat'><em>11,</em></span> <span class='ocrx_word' id='word_1_347' title='bbox 282 2686 319 2707; x_wconf 87' lang='lat'><em>12.</em></span> <span class='ocrx_word' id='word_1_348' title='bbox 341 2680 387 2707; x_wconf 89' lang='lat' dir='ltr'><em>A:</em></span> <span class='ocrx_word' id='word_1_349' title='bbox 407 2680 487 2708; x_wconf 86' lang='lat' dir='ltr'><em>sicut</em></span> <span class='ocrx_word' id='word_1_350' title='bbox 502 2695 536 2700; x_wconf 93' lang='lat'>—</span> <span class='ocrx_word' id='word_1_351' title='bbox 556 2680 727 2716; x_wconf 82' lang='lat' dir='ltr'><em>infidelium</em></span> <span class='ocrx_word' id='word_1_352' title='bbox 747 2681 846 2714; x_wconf 82' lang='lat' dir='ltr'><em>deest;</em></span> <span class='ocrx_word' id='word_1_353' title='bbox 870 2681 892 2708; x_wconf 84' lang='lat' dir='ltr'>B</span> <span class='ocrx_word' id='word_1_354' title='bbox 912 2680 942 2708; x_wconf 89' lang='lat' dir='ltr'><em>in</em></span> <span class='ocrx_word' id='word_1_355' title='bbox 959 2689 1055 2716; x_wconf 80' lang='lat' dir='ltr'><em>marg.</em></span> <span class='ocrx_word' id='word_1_356' title='bbox 1071 2681 1166 2708; x_wconf 85' lang='lat' dir='ltr'><em>addit.</em></span> <span class='ocrx_word' id='word_1_357' title='bbox 1240 2689 1278 2709; x_wconf 89' lang='lat'><em>12.</em></span> <span class='ocrx_word' id='word_1_358' title='bbox 1300 2682 1338 2709; x_wconf 86' lang='lat' dir='ltr'><em>B:</em></span> <span class='ocrx_word' id='word_1_359' title='bbox 1359 2683 1535 2709; x_wconf 79' lang='lat' dir='ltr'><em>toleremus.</em></span> 
     </span>
     <span class='ocr_line' id='line_1_42' title="bbox 226 2713 1537 2750; baseline 0.002 -9"><span class='ocrx_word' id='word_1_360' title='bbox 226 2722 265 2750; x_wconf 89' lang='lat'><em>17.</em></span> <span class='ocrx_word' id='word_1_361' title='bbox 286 2715 332 2741; x_wconf 89' lang='lat' dir='ltr'><em>A:</em></span> <span class='ocrx_word' id='word_1_362' title='bbox 354 2713 444 2750; x_wconf 83' lang='lat' dir='ltr'><em>offer.</em></span> <span class='ocrx_word' id='word_1_363' title='bbox 534 2723 581 2749; x_wconf 82' lang='lat'><em>20,</em></span> <span class='ocrx_word' id='word_1_364' title='bbox 603 2722 640 2743; x_wconf 87' lang='lat'><em>21.</em></span> <span class='ocrx_word' id='word_1_365' title='bbox 662 2717 706 2743; x_wconf 84' lang='lat' dir='ltr'><em>A:</em></span> <span class='ocrx_word' id='word_1_366' title='bbox 729 2718 927 2750; x_wconf 81' lang='lat' dir='ltr'><em>contempnor</em></span> <span class='ocrx_word' id='word_1_367' title='bbox 947 2731 977 2734; x_wconf 97' lang='lat'><strong>—</strong></span> <span class='ocrx_word' id='word_1_368' title='bbox 998 2715 1128 2743; x_wconf 84' lang='lat' dir='ltr'><em>honoris</em></span> <span class='ocrx_word' id='word_1_369' title='bbox 1148 2716 1243 2743; x_wconf 80' lang='lat' dir='ltr'><em>deest.</em></span> <span class='ocrx_word' id='word_1_370' title='bbox 1329 2724 1376 2749; x_wconf 82' lang='lat'><em>24.</em></span> <span class='ocrx_word' id='word_1_371' title='bbox 1398 2717 1443 2744; x_wconf 93' lang='lat' dir='ltr'><em>A:</em></span> <span class='ocrx_word' id='word_1_372' title='bbox 1486 2717 1537 2743; x_wconf 82' lang='lat' dir='ltr'><em>uia</em></span> 
     </span>
     <span class='ocr_line' id='line_1_43' title="bbox 225 2750 1538 2786; baseline 0.002 -11"><span class='ocrx_word' id='word_1_373' title='bbox 225 2756 353 2776; x_wconf 84' lang='lat' dir='ltr'><em>munera</em></span> <span class='ocrx_word' id='word_1_374' title='bbox 374 2750 468 2776; x_wconf 84' lang='lat' dir='ltr'><em>deest.</em></span> <span class='ocrx_word' id='word_1_375' title='bbox 575 2757 620 2785; x_wconf 85' lang='lat'><em>27,</em></span> <span class='ocrx_word' id='word_1_376' title='bbox 641 2750 687 2778; x_wconf 84' lang='lat'><em>28.</em></span> <span class='ocrx_word' id='word_1_377' title='bbox 707 2751 752 2778; x_wconf 87' lang='lat' dir='ltr'><em>A:</em></span> <span class='ocrx_word' id='word_1_378' title='bbox 785 2750 823 2778; x_wconf 85' lang='lat' dir='ltr'><em>Si</em></span> <span class='ocrx_word' id='word_1_379' title='bbox 874 2758 909 2777; x_wconf 88' lang='lat' dir='ltr'><em>ro</em></span> <span class='ocrx_word' id='word_1_380' title='bbox 933 2750 1042 2786; x_wconf 77' lang='lat' dir='ltr'><em>gloria</em></span> <span class='ocrx_word' id='word_1_381' title='bbox 1068 2750 1180 2777; x_wconf 86' lang='lat' dir='ltr'><em>salutis</em></span> <span class='ocrx_word' id='word_1_382' title='bbox 1205 2759 1258 2778; x_wconf 83' lang='lat' dir='ltr'><em>sue</em></span> <span class='ocrx_word' id='word_1_383' title='bbox 1290 2751 1371 2778; x_wconf 85' lang='lat' dir='ltr'><em>iubet</em></span> <span class='ocrx_word' id='word_1_384' title='bbox 1403 2756 1431 2778; x_wconf 85' lang='lat' dir='ltr'><em>le</em></span> <span class='ocrx_word' id='word_1_385' title='bbox 1487 2759 1538 2778; x_wconf 87' lang='lat' dir='ltr'><em>eus</em></span> 
     </span>
     <span class='ocr_line' id='line_1_44' title="bbox 225 2758 1536 2820; baseline 0.003 -11"><span class='ocrx_word' id='word_1_386' title='bbox 225 2783 397 2810; x_wconf 86' lang='lat' dir='ltr'><em>amiciciam</em></span> <span class='ocrx_word' id='word_1_387' title='bbox 408 2782 506 2820; x_wconf 80' lang='lat' dir='ltr'><em>facis.</em></span> <span class='ocrx_word' id='word_1_388' title='bbox 579 2783 623 2812; x_wconf 84' lang='lat'><em>30.</em></span> <span class='ocrx_word' id='word_1_389' title='bbox 647 2786 690 2812; x_wconf 87' lang='lat' dir='ltr'><em>A:</em></span> <span class='ocrx_word' id='word_1_390' title='bbox 734 2784 817 2817; x_wconf 81' lang='lat' dir='ltr'><em>rius,·</em></span> <span class='ocrx_word' id='word_1_391' title='bbox 836 2758 877 2811; x_wconf 58' lang='grc' dir='ltr'><em>ᾗς.</em></span> <span class='ocrx_word' id='word_1_392' title='bbox 897 2785 941 2812; x_wconf 88' lang='lat' dir='ltr'><em>A:</em></span> <span class='ocrx_word' id='word_1_393' title='bbox 963 2784 993 2812; x_wconf 84' lang='lat' dir='ltr'><em>in</em></span> <span class='ocrx_word' id='word_1_394' title='bbox 1013 2785 1099 2812; x_wconf 87' lang='lat' dir='ltr'><em>illum</em></span> <span class='ocrx_word' id='word_1_395' title='bbox 1117 2786 1257 2813; x_wconf 84' lang='lat' dir='ltr'><em>nocuisti.</em></span> <span class='ocrx_word' id='word_1_396' title='bbox 1339 2784 1378 2813; x_wconf 86' lang='lat'><em>31.</em></span> <span class='ocrx_word' id='word_1_397' title='bbox 1402 2787 1444 2812; x_wconf 76' lang='lat' dir='ltr'><em>A:</em></span> <span class='ocrx_word' id='word_1_398' title='bbox 1467 2786 1536 2813; x_wconf 79' lang='lat' dir='ltr'><em>ideo</em></span> 
     </span>
    </p>
   </div>
   <div class='ocr_carea' id='block_1_6' title="bbox 227 2817 1112 2854">
    <p class='ocr_par' dir='ltr' id='par_1_7' title="bbox 227 2817 1112 2854">
     <span class='ocr_line' id='line_1_45' title="bbox 227 2817 1112 2854; baseline 0.002 -10"><span class='ocrx_word' id='word_1_399' title='bbox 227 2818 358 2854; x_wconf 78' lang='lat' dir='ltr'><em>rogasti,</em></span> <span class='ocrx_word' id='word_1_400' title='bbox 374 2822 493 2853; x_wconf 81' lang='lat' dir='ltr'><em>parcet.</em></span> <span class='ocrx_word' id='word_1_401' title='bbox 567 2817 608 2846; x_wconf 84' lang='lat'><em>33.</em></span> <span class='ocrx_word' id='word_1_402' title='bbox 632 2819 669 2846; x_wconf 87' lang='lat' dir='ltr'><em>B:</em></span> <span class='ocrx_word' id='word_1_403' title='bbox 691 2821 702 2846; x_wconf 84' lang='lat' dir='ltr'><em>i</em></span> <span class='ocrx_word' id='word_1_404' title='bbox 716 2820 744 2846; x_wconf 93' lang='lat' dir='ltr'><em>le</em></span> <span class='ocrx_word' id='word_1_405' title='bbox 763 2819 866 2853; x_wconf 83' lang='lat' dir='ltr'><em>deest;</em></span> <span class='ocrx_word' id='word_1_406' title='bbox 888 2819 928 2846; x_wconf 84' lang='lat' dir='ltr'><em>ib.</em></span> <span class='ocrx_word' id='word_1_407' title='bbox 951 2820 994 2847; x_wconf 86' lang='lat' dir='ltr'><em>A:</em></span> <span class='ocrx_word' id='word_1_408' title='bbox 1016 2820 1112 2847; x_wconf 84' lang='lat' dir='ltr'><em>vrius.</em></span> 
     </span>
    </p>
   </div>
   <div class='ocr_carea' id='block_1_7' title="bbox 1743 187 1817 233">
    <p class='ocr_par' dir='ltr' id='par_1_8' title="bbox 1743 187 1817 233">
     <span class='ocr_line' id='line_1_46' title="bbox 1743 187 1817 233; baseline 0.014 -11"><span class='ocrx_word' id='word_1_409' title='bbox 1743 187 1817 233; x_wconf 81' lang='lat'><em>139</em></span> 
     </span>
    </p>
   </div>
   <div class='ocr_carea' id='block_1_8' title="bbox 1558 1060 1809 1263">
    <p class='ocr_par' dir='ltr' id='par_1_9' title="bbox 1558 1060 1809 1263">
     <span class='ocr_line' id='line_1_47' title="bbox 1558 1060 1809 1089; baseline -0.012 0"><span class='ocrx_word' id='word_1_410' title='bbox 1558 1060 1617 1089; x_wconf 80' lang='lat' dir='ltr'><em>We</em></span> <span class='ocrx_word' id='word_1_411' title='bbox 1639 1064 1723 1088; x_wconf 72' lang='lat' dir='ltr'><em>must</em></span> <span class='ocrx_word' id='word_1_412' title='bbox 1742 1062 1809 1087; x_wconf 75' lang='lat' dir='ltr'><em>take</em></span> 
     </span>
     <span class='ocr_line' id='line_1_48' title="bbox 1616 1100 1752 1132; baseline -0.007 -9"><span class='ocrx_word' id='word_1_413' title='bbox 1616 1101 1700 1132; x_wconf 77' lang='lat' dir='ltr'><em>steps</em></span> <span class='ocrx_word' id='word_1_414' title='bbox 1722 1100 1752 1122; x_wconf 76' lang='lat' dir='ltr'><em>to</em></span> 
     </span>
     <span class='ocr_line' id='line_1_49' title="bbox 1560 1130 1802 1163; baseline -0.004 -5"><span class='ocrx_word' id='word_1_415' title='bbox 1560 1130 1802 1163; x_wconf 72' lang='lat' dir='ltr'><em>reconciliation,</em></span> 
     </span>
     <span class='ocr_line' id='line_1_50' title="bbox 1575 1165 1788 1193; baseline 0 0"><span class='ocrx_word' id='word_1_416' title='bbox 1575 1170 1629 1193; x_wconf 89' lang='lat' dir='ltr'><em>not</em></span> <span class='ocrx_word' id='word_1_417' title='bbox 1648 1166 1720 1193; x_wconf 77' lang='lat' dir='ltr'><em>walt</em></span> <span class='ocrx_word' id='word_1_418' title='bbox 1739 1165 1788 1193; x_wconf 80' lang='lat' dir='ltr'><em>for</em></span> 
     </span>
     <span class='ocr_line' id='line_1_51' title="bbox 1564 1205 1799 1236; baseline -0.004 -8"><span class='ocrx_word' id='word_1_419' title='bbox 1564 1209 1621 1228; x_wconf 85' lang='lat' dir='ltr'><em>our</em></span> <span class='ocrx_word' id='word_1_420' title='bbox 1640 1209 1749 1236; x_wconf 84' lang='lat' dir='ltr'><em>enemy</em></span> <span class='ocrx_word' id='word_1_421' title='bbox 1768 1205 1799 1227; x_wconf 77' lang='lat'><em>10</em></span> 
     </span>
     <span class='ocr_line' id='line_1_52' title="bbox 1642 1235 1734 1263; baseline -0.011 0"><span class='ocrx_word' id='word_1_422' title='bbox 1642 1236 1681 1263; x_wconf 90' lang='lat' dir='ltr'><em>do</em></span> <span class='ocrx_word' id='word_1_423' title='bbox 1702 1235 1734 1262; x_wconf 63' lang='lat' dir='ltr'><em>ii.</em></span> 
     </span>
    </p>
   </div>
  </div>
 </body>
</html>
