2003 3322
204 230 278 266 128

897 237 1015 269 OPUS
1041 237 1377 268 EVANGELICUM
1528 225 1636 279 [CAP.
1657 235 1796 263 xxxw.

547 343 707 378 Gradus
739 343 865 390 itaque
896 349 983 378 sunt
1015 343 1051 378 in
1084 342 1165 378 istis
1193 343 1361 391 peccatis
1400 350 1439 378 ut
1465 343 1597 392 primo
1642 343 1797 392 quisque

484 401 681 437 irascatur
712 407 747 435 et
778 412 862 435 eum
896 407 1039 435 motum
1075 400 1237 436 retineat
1275 401 1393 436 corde
1433 408 1678 449 conceptum;
1721 401 1796 437 iam

486 470 577 494 uero
609 458 643 494 si
674 458 886 494 extorserit
919 470 1048 493 vocem
1082 457 1335 508 indignantis,
1368 458 1449 507 ipsa
1483 459 1691 494 commocio
1724 471 1796 495 non

484 516 764 566 significantem
798 515 945 564 aliquid
975 516 1044 551 sed
1076 515 1183 551 illum
1216 516 1335 551 animi
1376 523 1520 551 motum
1565 516 1646 565 ipsa
1679 528 1793 565 erup-

485 574 590 610 cione
622 580 835 619 testantem,
869 585 941 621 qua
971 573 1152 621 feriatur
1189 573 1253 609 ille
1289 574 1351 609 cui
1386 574 1593 618 irascitur;
1620 574 1711 623 plus
1743 577 1831 610 est5

486 631 612 680 utique
644 643 757 679 quam
790 630 824 666 si
853 642 1020 681 surgens
1052 630 1112 666 ira
1144 631 1299 666 silencio
1329 638 1588 679 premeretur.
1633 631 1676 667 Si
1706 644 1797 668 vero

486 701 558 724 non
590 689 715 725 solum
749 700 828 724 vox·
859 688 1098 738 indignantis
1135 689 1320 724 audiatur
1361 689 1429 724 sed
1475 689 1594 725 eciam
1639 690 1796 725 verbum

486 759 558 795 quo
597 746 671 781 iam
715 753 861 781 certam
895 746 1221 795 vituperacionem
1267 746 1345 782 eius
1377 747 1412 781 in
1445 759 1557 794 quam
1586 747 1800 796 profertur

487 804 661 854 designet
693 810 727 839 et
760 811 874 849 notet,
907 804 991 852 quis
1024 804 1167 839 dubitet
1198 804 1363 853 amplius
1396 804 1466 839 hoc
1499 816 1579 840 esse
1611 817 1723 852 quam
1767 805 1802 841 si

484 862 589 898 solus
621 861 903 911 indignacionis
933 873 1050 897 sonus
1082 862 1274 897 ederetur.
1310 862 1441 910 Itaque
1468 862 1503 897 in
1531 862 1661 911 primo
1684 875 1799 898 unum
1820 876 1858 897 10

485 926 553 966 est,
586 920 625 954 id
657 926 724 965 est,
757 919 817 954 ira
849 919 944 963 sola,
979 919 1014 954 in
1045 920 1212 955 secundo
1236 920 1324 966 duo,
1357 919 1416 954 ira
1449 926 1483 954 et
1507 932 1585 956 vox
1606 932 1676 968 que
1700 921 1798 956 iram

484 977 693 1027 significat.
727 977 768 1012 In
801 977 921 1013 tercio
959 977 1049 1023 tria,
1092 977 1235 1013 scilicet
1279 977 1338 1012 ira
1383 984 1418 1013 et
1464 989 1542 1013 vox
1587 990 1657 1026 que
1700 978 1799 1014 iram

485 1036 617 1085 signat
662 1041 696 1070 et
740 1035 775 1070 in
828 1035 910 1084 ipsa
955 1047 1046 1071 voce
1094 1042 1197 1071 certe
1240 1034 1537 1083 vituperacionis
1586 1036 1799 1085 expressio.

494 1093 585 1128 Vide
624 1104 722 1128 nunc
766 1092 883 1128 eciam
929 1099 1009 1128 tres
1054 1100 1196 1139 reatus,
1236 1093 1378 1138 iudicii,
1423 1093 1584 1138 concilii,
1628 1094 1802 1144 gehenne

486 1151 599 1201 ignis.
654 1150 755 1185 Nam
801 1150 836 1185 in
884 1150 1022 1186 iudicio
1074 1151 1200 1186 adhuc
1252 1150 1467 1198 defensioni
1507 1151 1624 1186 datur
1677 1152 1858 1197 locus;15

486 1209 521 1244 in
575 1208 733 1243 concilio
786 1215 912 1243 autem
965 1209 1139 1257 quamvis
1196 1215 1231 1244 et
1288 1208 1468 1244 iudicium
1531 1221 1611 1245 esse
1667 1209 1801 1255 soleat,

486 1273 612 1302 tamen
665 1265 751 1314 quia
801 1266 983 1302 interesse
1039 1266 1185 1314 aliquid
1238 1266 1308 1302 hoc
1359 1266 1441 1302 loco
1478 1262 1637 1316 {fateri
1685 1267 1803 1317 cogit,
1843 1269 1924 1303 368ει

486 1324 568 1373 ipsa
608 1323 803 1359 distinccio
846 1323 999 1359 videtur
1038 1327 1090 1359 ad
1136 1323 1335 1359 concilium
1375 1324 1574 1372 pertinere
1616 1325 1804 1361 sentencie

482 1381 674 1431 prolacio,
719 1382 870 1429 quando
914 1394 986 1417 non
1029 1382 1103 1417 iam
1144 1394 1228 1417 cum
1262 1381 1343 1430 ipso
1383 1393 1449 1417 reo
1487 1382 1634 1432 agitur,
1673 1390 1801 1418 utrum

489 1439 758 1489 dampnandus
806 1439 867 1485 sit,
918 1440 987 1475 sed
1033 1440 1132 1476 inter
1179 1451 1218 1475 se
1265 1439 1329 1488 qui
1369 1439 1550 1486 iudicant,
1601 1441 1804 1488 conferunt
1821 1454 1862 1475 20

488 1509 559 1546 quo
610 1496 798 1546 supplicio
851 1497 1060 1546 dampnari
1115 1504 1303 1546 oporteat,
1366 1509 1473 1545 quem
1526 1505 1675 1534 constat
1725 1510 1805 1534 esse

490 1555 791 1604 dampnandum.
847 1555 1028 1591 Gehenna
1082 1567 1173 1591 vero
1225 1555 1326 1605 ignis
1372 1567 1439 1591 nec
1487 1556 1801 1604 dampnacionem

490 1614 600 1649 habet
654 1612 806 1648 dubiam
868 1613 965 1648 sicut
1022 1613 1218 1658 iudicium,
1280 1624 1346 1648 nec
1408 1613 1609 1662 dampnati
1661 1626 1802 1662 penam

488 1671 585 1707 sicut
624 1670 838 1717 concilium,
883 1670 919 1705 in
950 1671 1126 1721 gehenna
1159 1671 1296 1719 quippe
1340 1677 1445 1707 certa
1490 1678 1546 1707 est
1589 1678 1624 1707 et
1665 1673 1801 1720 damp-

489 1729 598 1764 nacio
649 1735 683 1763 et
733 1740 833 1776 pena
884 1728 1093 1778 dampnati.
1150 1728 1336 1764 Videntur
1379 1728 1502 1778 igitur
1545 1729 1665 1777 aliqui
1704 1742 1801 1779 gra·
1820 1732 1858 1764 25

490 1787 561 1823 dus
619 1785 654 1821 in
708 1786 881 1834 peccatis
933 1793 968 1822 et
1028 1787 1064 1822 in
1127 1786 1309 1833 reatibus,
1371 1786 1440 1822 sed
1491 1787 1624 1835 quibus
1679 1787 1803 1823 modis

488 1844 728 1880 invisibiliter
775 1844 1033 1880 exhibeantur
1073 1844 1221 1880 meritis
1272 1844 1505 1887 animarum,
1557 1845 1639 1893 quis
1674 1851 1803 1894 potest

489 1902 647 1938 dicere?

544 1959 788 1995 Audiendum
821 1967 876 1995 est
908 1959 1035 2008 itaque
1066 1966 1250 2007 quantum
1296 1959 1447 1996 intersit
1478 1959 1578 1995 inter
1611 1959 1799 1996 iusticiam

482 2018 772 2067 phariseorum,
815 2025 849 2053 et
901 2017 1088 2053 iusticiam
1141 2017 1328 2053 maiorem
1382 2029 1453 2066 que
1503 2017 1713 2053 introducit
1764 2017 1800 2053 in
1817 2022 1859 2054 30

488 2088 653 2126 regnum
686 2075 871 2121 celorum,
904 2076 1006 2123 quod
1037 2087 1122 2111 cum
1168 2075 1334 2126 gravius
1377 2075 1426 2111 sit
1469 2075 1644 2111 occidere
1687 2087 1799 2123 quam

487 2134 602 2169 verbo
635 2133 823 2182 irrogare
855 2133 1081 2179 convicium,
1114 2133 1165 2168 ibi
1196 2133 1333 2169 occisio
1368 2133 1474 2181 facit
1507 2145 1614 2168 reum
1647 2133 1798 2178 iudicio,

487 2191 547 2227 hic
578 2199 704 2227 autem
738 2191 797 2226 ira
821 2191 927 2239 facit
960 2203 1067 2227 reum
1103 2191 1255 2237 iudicio,
1289 2191 1390 2239 quod
1412 2191 1529 2226 trium
1548 2198 1798 2239 peccatorum

488 2249 678 2285 dictorum
713 2248 948 2284 levissimum
982 2256 1049 2295 est,
1082 2248 1168 2297 quia
1215 2248 1294 2284 illic
1327 2249 1557 2297 questionem
1604 2248 1802 2284 homicidii

486 2307 586 2342 inter
619 2306 789 2342 homines
821 2306 1043 2356 agitabant,·
1075 2306 1135 2342 hic
1166 2313 1292 2342 autem
1327 2306 1452 2342 omnia
1485 2306 1624 2342 iudicio
1670 2306 1798 2342 divino
1815 2310 1855 2344 35

488 2365 733 2400 dimittuntur
776 2364 839 2399 ubi
866 2364 963 2414 finis
1004 2365 1305 2413 dampnatorum
1357 2371 1413 2400 est
1454 2364 1630 2414 gehenna
1684 2364 1796 2414 ignis.

493 2422 674 2471 Quisquis
728 2429 854 2457 autem
920 2422 1066 2458 dixerit
1122 2422 1224 2470 quod
1283 2422 1468 2472 graviori
1520 2421 1707 2471 supplicio
1762 2421 1798 2457 in

487 2480 633 2515 maiore
684 2480 830 2515 iusticia
877 2480 1041 2528 punitur
1092 2480 1350 2526 homicidium,
1402 2479 1437 2515 si
1469 2480 1645 2530 gehenna
1697 2479 1799 2530 ignis

482 2537 593 2586 punit
636 2537 860 2585 convicium,
899 2538 1003 2588 cogit
1040 2537 1207 2588 intelligi
1242 2549 1323 2574 esse
1368 2537 1610 2586 differencias
1654 2537 1797 2588 gehen-

486 2608 638 2632 narum.
1810 2609 1855 2640 40

555 2785 579 2813 3.
619 2787 663 2813 A:
704 2794 778 2814 vero
817 2787 909 2814 deest.
1065 2794 1102 2821 12,
1138 2786 1176 2814 13.
1208 2788 1251 2815 A:
1294 2788 1325 2814 in
1364 2787 1461 2814 tercio
1492 2802 1525 2806 -
1556 2787 1667 2822 signat
1701 2786 1794 2814 deest.

486 2821 809 2883 qi mchqutamquam.
883 2821 926 2849 33.
949 2822 986 2849 B:
1015 2822 1063 2849 hic
1082 2825 1185 2849 autem
1208 2838 1234 2841 —-
1258 2822 1373 2849 iudicio
1401 2822 1496 2849 deest.
1570 2821 1616 2854 34.
1639 2821 1677 2848 B:
1698 2821 1793 2849 dicto-
