2003 3322
162 233 182 258 2
197 236 243 267 14
858 229 976 261 OPUS
1002 230 1338 263 EVANGELICUM
1524 218 1630 272 [CAP.
1652 227 1759 256 LV111.

931 346 1069 387 CAP.
1103 346 1277 387 LVIII.

179 461 240 489 Chr
267 461 414 488 sostom's
509 455 778 491 crisostomus
823 464 955 491 autem
1002 454 1258 503 prosequitur
1303 455 1600 503 exposicionem
1645 454 1764 491 huius

188 497 411 565 comusffehnetssffy,
450 513 544 550 texti
578 513 797 561 evangelici
829 515 901 549 sub
934 513 1009 549 hiis
1040 513 1187 550 verbis:
1233 514 1275 548 Si
1304 514 1388 563 quis
1428 521 1464 550 te
1494 513 1765 564 angariaverit

450 573 555 608 mille
582 584 735 621 passus,
781 572 879 607 vade
917 584 1001 607 cum
1043 572 1109 608 illo
1148 572 1225 607 alia
1266 572 1354 615 duo,
1402 579 1441 607 ut
1468 571 1667 620 paciencia
1700 579 1764 606 tua

451 631 576 666 vincat
605 630 683 665 eius
706 630 973 665 crudelitatem
999 637 1035 665 et
1066 630 1245 666 ostendas
1277 630 1362 678 quia
1393 629 1519 665 maior
1546 637 1602 665 est
1631 629 1797 679 benig—5

451 689 550 724 nitas
600 688 677 722 Dei
725 687 760 722 in
811 687 954 723 sanctis
999 700 1111 736 quam
1158 688 1310 723 malicia
1355 687 1500 723 diaboli
1541 687 1576 722 in
1629 687 1765 735 iniquis

451 745 677 782 hominibus.
714 745 758 780 Si
787 752 913 781 autem
947 753 1093 781 tantum
1128 745 1237 781 vadis
1269 753 1449 794 quantum
1482 745 1546 781 ille
1577 752 1613 781 te
1644 745 1765 795 cogit,

450 804 641 852 quomodo
694 803 940 853 cognosceris
983 815 1119 840 servus
1162 803 1267 839 Dei?
1317 804 1417 839 Nam
1463 803 1499 838 in
1544 803 1766 839 necessitate

181 866 421 906 We'shewour
452 862 599 897 bonitas
638 874 710 897 non
749 869 925 910 apparet.
979 862 1092 905 Quod
1124 873 1221 911 ergo
1260 861 1365 911 cogit
1402 868 1437 896 te
1475 861 1572 896 vade
1599 868 1765 910 propter

170 901 429 970 {Cvsvgfiffnfflffig
453 919 714 955 necessitatem
761 919 925 955 hominis
970 919 1145 964 violenti‚·
1182 920 1283 968 quod
1321 932 1393 955 non
1441 926 1476 954 te
1520 919 1625 969 cogit
1669 919 1825 954 vadem

190 969 409 1041 *tljgggffieffiss
448 985 614 1027 propter
645 977 819 1027 gloriam
853 977 930 1012 Dei
960 978 1125 1027 benigni.
1174 978 1217 1012 Si
1260 989 1375 1012 unum
1417 976 1538 1023 vadis,
1579 984 1693 1026 putat
1732 984 1767 1012 te

453 1036 643 1071 hominem
689 1035 989 1083 qualemcunque
1023 1036 1171 1083 fecisse
1214 1042 1249 1071 et
1293 1047 1365 1071 non
1412 1035 1557 1084 penitet
1600 1035 1688 1083 quia
1731 1041 1767 1070 te

453 1093 736 1144 angariaverit.
791 1093 833 1128 Si
874 1100 1000 1129 autem
1048 1093 1214 1142 amplius
1272 1093 1394 1139 vadis,
1447 1092 1629 1142 intelligit
1680 1092 1766 1141 quia

453 1164 589 1188 servus
622 1151 698 1187 Dei
727 1163 779 1197 es,
812 1158 847 1186 et
879 1151 963 1187 ideo
996 1151 1128 1200 incipit
1160 1151 1267 1186 illum
1297 1151 1483 1200 penitere,
1519 1151 1579 1186 vel
1610 1151 1696 1199 quia
1730 1150 1765 1186 in

454 1217 578 1245 mente
609 1209 847 1259 angariavit,
881 1216 916 1245 et
948 1209 1018 1245 lzoc
1051 1217 1156 1245 tuum
1190 1209 1496 1245 additamentum
1532 1221 1604 1244 non
1625 1209 1679 1258 fit
1711 1208 1822 1244 illi15

455 1267 578 1303 maius
610 1267 800 1303 auxilium
833 1267 903 1302 sed
929 1280 1029 1316 pena
1060 1267 1209 1316 prioris
1241 1267 1411 1302 audacie.

513 1326 664 1361 Deinde
694 1325 729 1361 si
759 1325 866 1360 illum
899 1326 1050 1374 quidem
1092 1326 1268 1361 diabolus
1307 1325 1492 1361 excitavit
1538 1325 1589 1360 ad
1628 1332 1663 1360 te
1700 1337 1766 1360 an-

455 1384 691 1434 gariandum
738 1391 773 1419 et
817 1390 854 1418 tu
902 1384 1033 1419 videns
1079 1384 1146 1419 tibi
1188 1383 1368 1418 iniuriam
1397 1383 1495 1432 fieri
1535 1390 1601 1418 aut
1642 1382 1769 1418 verbis

456 1442 599 1477 illicitis
622 1441 868 1477 contradicas
895 1449 960 1476 aut
982 1442 1107 1490 factis
1130 1442 1237 1477 bonis
1260 1453 1331 1477 non
1356 1441 1528 1487 resistas,
1558 1448 1593 1477 et
1616 1441 1766 1476 lucrum

455 1500 668 1536 sanctitatis
699 1500 801 1548 quod
834 1500 964 1535 multis
988 1500 1165 1548 forsitan
1206 1500 1312 1535 bonis
1351 1499 1530 1547 operibus
1569 1499 1771 1548 adquisisti
1785 1512 1827 1534 20

451 1566 619 1607 propter
663 1558 837 1593 dolorem
885 1558 1078 1593 modicum
1118 1558 1274 1607 perdes,
1322 1557 1426 1601 Quid
1468 1557 1596 1607 ergo?
1644 1556 1767 1592 Unum

457 1617 555 1652 vade
586 1623 625 1651 ut
657 1615 880 1663 satisfacias
914 1616 1069 1659 lzomini,
1102 1617 1268 1651 alterum
1304 1616 1401 1651 vade
1440 1623 1479 1650 ut
1518 1622 1554 1651 te
1591 1615 1770 1651 ostendas

459 1674 534 1709 Dei
563 1686 718 1709 servum
753 1681 787 1708 et
820 1681 859 1709 ut
892 1674 1085 1709 diabolum
1118 1674 1509 1722 supet-habundanter
1541 1673 1770 1722 confundas.

186 1734 265 1782 Hoxxs
286 1734 419 1782 §hri-st}
458 1732 608 1767 Deinde
652 1732 719 1767 hec
764 1732 890 1767 omnia
936 1732 1118 1767 mandata
1164 1732 1200 1767 in
1243 1731 1429 1781 pauperis
1468 1743 1638 1780 persona
1682 1744 1771 1767 con-

197 1770 409 1837 wafflsriagihe’ct
460 1790 626 1835 veniunt,
675 1790 823 1825 dentem
869 1797 994 1825 autem
1034 1790 1198 1825 hominis
1239 1790 1368 1825 divitis
1406 1797 1440 1825 et
1479 1789 1648 1838 potentis
1690 1789 1774 1838 quis
1789 1793 1829 1825 25

458 1848 634 1883 excutit?
690 1848 841 1883 Utinam
886 1846 951 1884 ille
1000 1848 1162 1883 alterius
1206 1860 1278 1883 non
1323 1855 1533 1883 excuteret.
1591 1847 1772 1883 Tunicam

460 1906 587 1941 divitis
619 1913 653 1941 et
680 1906 849 1954 potentis
876 1918 951 1954 per
983 1905 1240 1954 calzmzpniam
1278 1906 1360 1954 quis
1392 1913 1553 1954 temptat
1584 1905 1775 1954 auferre?

464 1964 616 1999 Utinam
670 1964 734 1999 ille
785 1976 859 2012 per
917 1964 1176 2013 calumpniam
1228 1964 1390 1999 alterius
1451 1976 1523 1999 non
1582 1964 1771 2012 auferret.

459 2022 628 2057 Divitem
663 2029 696 2057 et
724 2029 917 2070 potentem
953 2022 1033 2070 quis
1066 2022 1281 2072 angariat?
1324 2021 1474 2057 Utinam
1509 2022 1574 2057 ille
1606 2022 1772 2057 alterum

460 2091 531 2115 non
566 2080 810 2128 angariaret.
845 2080 960 2129 Ergo
984 2080 1091 2115 dives
1114 2080 1379 2128 infructuosus
1406 2087 1472 2115 est.
1507 2080 1559 2115 Et
1580 2080 1772 2128 quomodo
1790 2084 1831 2116 30

460 2138 670 2186 adimpleat
714 2138 901 2174 iusticiam
942 2138 1040 2188 legis
1080 2146 1114 2173 et
1150 2138 1299 2188 gracie,
1344 2145 1384 2173 ut
1415 2138 1494 2187 fiat
1531 2150 1668 2174 servus
1700 2137 1776 2173 Dei

457 2196 666 2243 perfectus.
708 2196 941 2239 Quomodo?
984 2196 1026 2231 Si
1056 2196 1138 2244 quis
1170 2203 1343 2231 mutuam
1372 2196 1574 2244 pecuniam
1612 2195 1774 2244 pecierit

461 2254 506 2288 ab
537 2252 540 2303 k
569 2266 626 2300 eo,
659 2254 720 2289 det
753 2254 819 2289 illi.
866 2254 953 2290 Lex·
990 2254 1087 2289 enim
1135 2262 1189 2290 est
1240 2261 1279 2289 ut
1323 2254 1485 2290 alterius
1529 2266 1602 2289 non
1642 2253 1773 2299 tollas,
1813 2257 1854 2300 37

461 2312 532 2346 etsi
575 2319 679 2346 tuum
720 2325 792 2348 non
827 2312 916 2357 des,·
957 2312 1095 2362 gracia
1129 2319 1255 2347 autem
1288 2312 1450 2347 alterius
1481 2324 1553 2348 non
1586 2312 1702 2347 tollas
1739 2318 1774 2346 et

461 2377 566 2404 tuum
613 2370 690 2405 des.
743 2370 819 2413 Qui
861 2382 959 2420 ergo
1005 2378 1176 2405 mutuam
1211 2370 1415 2419 pecuniam
1449 2370 1528 2416 dat,
1573 2377 1607 2405 et
1649 2370 1772 2419 legem
1791 2373 1830 2406 35

463 2427 594 2476 implet
626 2435 661 2463 et
692 2428 886 2477 graciam.
922 2428 1023 2463 Nam
1056 2428 1122 2477 qui
1153 2429 1199 2463 de
1230 2428 1309 2464 suis
1342 2428 1502 2463 libenter
1535 2428 1614 2474 dat,
1654 2428 1774 2463 inulto

463 2486 591 2535 magis
622 2486 783 2521 alterius
805 2487 901 2521 bona
936 2498 1007 2522 non
1041 2486 1151 2521 tollit.
1187 2486 1307 2522 Dives
1329 2498 1426 2536 ergo
1444 2498 1519 2535 per
1536 2485 1773 2534 pacienciam

533 2653 557 2681 3.
579 2656 605 2681 Α
627 2656 654 2682 in
678 2663 790 2690 marga
816 2655 1029 2682 Crisostomus.
1110 2663 1134 2689 7.
1158 2656 1196 2682 13:
1217 2658 1246 2681 te
1266 2655 1359 2682 deest.
1439 2663 1467 2688 9.
1490 2655 1528 2681 ss:
1550 2655 1628 2682 vade
1645 2657 1777 2689 propter

464 2690 557 2716 deest.
632 2698 669 2717 12.
693 2691 734 2716 A:
756 2691 1020 2724 qualitercunque.
1096 2690 1132 2717 13.
1156 2692 1198 2717 A:
1220 2689 1412 2726 angariavit.
1493 2697 1534 2722 14,
1552 2689 1589 2717 15.
1611 2690 1641 2717 in
1662 2692 1776 2721 mente,-

465 2725 485 2750 Ι),
507 2725 649 2758 corrigit:
684 2733 773 2751 unum
803 2728 839 2751 le,
968 2725 1004 2752 15.
1028 2725 1065 2752 13:
1099 2725 1332 2761 angariaverit.
1460 2731 1500 2758 ις).
1523 2725 1559 2751 Βτ
1594 2732 1655 2751 uon
1677 2724 1771 2751 deest.

464 2758 509 2792 31.
533 2760 574 2785 A:
597 2763 625 2786 cl
646 2763 675 2786 el
694 2760 730 2786 si.

535 2845 563 2875 Β.
592 2844 658 2884 Op.
687 2844 782 2884 Imp„
812 2844 828 2874 l.
858 2854 882 2874 c.
913 2854 943 2885 p.
971 2845 1048 2876 803.
1143 2854 1175 2883 4.
1203 2843 1321 2874 Matth.
1350 2844 1389 2882 V,
1416 2854 1473 2884 41.
