2062 3327
76 883 151 914 F01.
756 875 886 916 CAP.
921 875 954 914 Ι.

79 928 159 962 353“

254 996 363 1033 Licet
395 1004 524 1032 totum
559 994 806 1043 evangelium
831 992 1037 1030 annuatim
1062 992 1214 1029 deferat
1245 1005 1316 1029 sua
1348 991 1508 1040 spiritu-
1529 998 1630 1025 Three
1651 1006 1797 1033 passages

197 1054 275 1091 alia
306 1054 452 1091 vellera
485 1066 562 1102 que
594 1062 686 1090 sunt
717 1051 918 1089 sentencie
948 1051 1112 1088 subtiles
1144 1060 1182 1087 et
1213 1049 1331 1087 utiles
1363 1049 1509 1098 quibus

197 1122 254 1149 est
295 1111 460 1148 viatoris
516 1110 650 1148 anima
705 1111 922 1156 induenda,
969 1109 1045 1146 tria
1103 1117 1239 1145 tamen
1286 1117 1377 1144 sunt
1421 1108 1509 1144 loca

165 1169 424 1218 §evangelica
457 1182 534 1218 que
555 1168 740 1206 videntur
762 1167 1003 1217 quibusdam
1035 1179 1155 1215 supra
1186 1166 1344 1202 literam
1379 1174 1415 1202 et
1448 1178 1510 1202 ex-

196 1228 443 1276 posicionem
469 1239 725 1264 communem
749 1224 1047 1263 racionabiliter
1071 1224 1333 1273 postillanda3
1358 1223 1509 1260 scilicet

196 1285 272 1322 tria
324 1285 500 1334 capitula
547 1284 712 1321 Matthei
756 1283 985 1332 incipiendo
1037 1295 1059 1319 a
1111 1281 1253 1331 quinto
1300 1294 1426 1330 usque
1459 1282 1509 1318 ad

196 1352 382 1380 octavum
416 1342 635 1391 capitulum
670 1341 876 1379 exclusive.
909 1340 1005 1377 Tria
1039 1340 1215 1388 capitula
1248 1339 1415 1376 Matthei
1448 1338 1507 1375 in-

198 1401 382 1449 cipiendo
411 1414 432 1437 a
454 1402 575 1437 XXIII
608 1413 734 1449 usque
767 1401 815 1436 ad
845 1400 949 1435 XXV
970 1398 1191 1446 capitulum
1224 1397 1435 1444 inclusive,
1471 1405 1508 1432 et

145 1470 183 1491 ¹0
197 1459 344 1495 tercius
376 1459 485 1495 locus
520 1458 771 1506 evangelicus
817 1456 993 1493 continet
1038 1455 1214 1505 quinque
1248 1455 1424 1503 capitula
1459 1456 1507 1490 de

198 1516 404 1565 evangelio
446 1516 638 1553 Johannis
694 1514 922 1563 incipiendo
972 1515 1092 1551 verba
1135 1513 1297 1549 Domini
1351 1526 1373 1549 a
1423 1514 1507 1548 XIII

198 1575 375 1623 capitulo
406 1574 598 1610 Johannis
631 1585 756 1622 usque
790 1574 839 1609 ad
862 1574 963 1609 XVII
998 1571 1200 1609 inclusive.
1233 1572 1348 1607 Unde
1380 1569 1506 1606 visum

198 1641 255 1669 est
298 1631 520 1680 Augustino
559 1633 667 1680 quod
711 1630 980 1667 necessarium
1024 1629 1097 1665 fuit
1136 1637 1301 1676 propter
1333 1628 1507 1664 fructum

196 1692 407 1727 verborum
457 1689 617 1726 Domini
655 1688 786 1737 primo
834 1689 923 1724 loco
969 1688 1069 1723 duos
1107 1687 1230 1723 libros
1269 1688 1318 1722 ad
1357 1685 1509 1734 exposi-

144 1748 180 1780 15
197 1748 350 1785 cionem
397 1747 512 1784 huius
545 1746 737 1795 evangelii
771 1746 994 1794 postillam,
1035 1744 1125 1781 ideo
1170 1744 1327 1781 videtur
1374 1743 1508 1779 multis

197 1806 378 1842 fidelibus
411 1805 543 1853 primo
576 1818 646 1853 per
678 1804 853 1852 primum
896 1803 1063 1839 Matthei
1096 1802 1345 1850 evangelium
1380 1810 1508 1837 trans-

196 1865 452 1900 currendum.

254 1921 453 1957 Dividitur
485 1929 616 1957 autem
651 1920 804 1968 primus
836 1920 947 1955 locus
972 1930 1082 1955 more
1104 1918 1347 1966 scriptorum
1381 1917 1508 1965 philo-

196 1979 458 2027 sophancium
506 1979 545 2014 in
578 1987 658 2014 tres
702 1986 834 2025 partes
867 1977 1018 2013 scilicet
1050 1976 1318 2024 prohemium,
1353 1984 1506 2023 partem

140 2049 181 2069 20
196 2038 439 2074 executivam
490 2046 527 2073 et
576 2036 889 2073 conclusionem.
941 2035 1052 2072 Sicut
1095 2034 1200 2070 enim
1250 2033 1289 2069 in
1333 2033 1509 2082 qualibet

196 2104 378 2132 creatura
400 2095 549 2131 relucet
571 2094 779 2142 vestigium
804 2092 1026 2138 Trinitatis,
1061 2092 1117 2128 sic
1139 2092 1180 2127 in
1203 2091 1382 2140 quolibet
1406 2091 1508 2127 libro

194 2153 286 2190 novi
318 2152 558 2198 testamenti,
593 2165 682 2188 cum
717 2151 766 2187 sit
791 2150 891 2186 liber
914 2149 1061 2186 Christi
1093 2159 1130 2186 et
1163 2149 1335 2198 Spiritus
1359 2148 1507 2193 Sancti,

195 2212 344 2248 relucet
376 2223 613 2259 quecunque
637 2207 834 2258 perfeccio
866 2220 944 2256 que
966 2216 1076 2256 patet
1098 2207 1137 2243 in
1159 2207 1270 2243 libris
1304 2206 1505 2255 aliquibus

196 2278 395 2313 creature;
441 2268 548 2316 quia,
583 2267 684 2304 sicut
717 2267 875 2303 intuens
908 2278 948 2301 se
987 2266 1026 2301 in
1059 2265 1222 2314 speculo
1254 2264 1360 2301 videt
1393 2263 1507 2300 faciei

140 2327 179 2359 25
195 2340 264 2363 sue
296 2325 595 2363 similitudinem
630 2333 828 2373 quotquot
860 2324 1023 2371 specula
1058 2323 1248 2369 intuetur,
1282 2322 1337 2359 sic
1369 2321 1506 2358 videns

195 2396 476 2433 quamcunque
499 2383 695 2431 scripture
719 2394 829 2419 sacre
852 2380 1090 2429 particulam
1115 2381 1221 2417 videt
1245 2379 1504 2428 principium,

197 2442 371 2478 medium
407 2450 444 2478 et
477 2441 595 2477 finem
631 2453 701 2488 per
733 2452 809 2488 que
842 2440 1021 2475 tenderet
1045 2440 1095 2475 ad
1114 2438 1404 2475 beatitudinem
1438 2438 1506 2473 ad-

195 2499 446 2548 quirendam.

252 2559 352 2594 Tres
385 2569 479 2605 ergo
511 2565 601 2593 sunt
625 2554 928 2604 proposiciones
952 2554 991 2590 in
1014 2553 1227 2602 prohemio
1251 2553 1504 2601 supradicto:

140 2617 238 2651 3oln
281 2615 411 2663 prima
455 2614 616 2662 quidem
663 2613 825 2649 dicitur:
881 2612 1017 2649 Videris
1051 2620 1175 2648 autem
1219 2612 1328 2647 Jesus
1373 2612 1507 2647 turbas

267 2813 292 2833 2.
324 2807 352 2833 A
385 2806 415 2832 in
449 2814 562 2841 marg:
594 2805 758 2833 Johannes.
874 2805 902 2831 6.
935 2805 980 2831 A:
1008 2803 1205 2839 potillanda,·
1238 2803 1275 2829 ss:
1305 2802 1505 2838 postulanda.

199 2840 237 2868 13.
263 2843 291 2868 A
312 2841 342 2868 in
364 2849 477 2875 marg:
498 2841 699 2877 Augustinus.
773 2848 821 2873 ²4-
844 2840 880 2866 B:
903 2839 989 2867 vidit.
1063 2838 1104 2865 25.
1125 2839 1169 2865 A:
1189 2841 1334 2873 quoquot.

1356 2897 1362 2917 1

1532 1033 1562 1061 in
1582 1033 1633 1060 the
1653 1032 1787 1068 Gospels

1589 1067 1735 1107 specaially

1581 1110 1739 1138 requlrlng

1565 1137 1738 1172 exposition
1750 1147 1755 1164 :

1548 1171 1773 1234 Μειῇἴᾶἶνη,

1540 1240 1773 1275 XXIII—XXV,

1558 1276 1761 1338 xn‘if'sssslm

1584 1921 1651 1949 The
1672 1922 1737 1949 first

1571 1965 1701 1991 passage
1720 1958 1746 1984 is

1559 1992 1682 2019 divided
1704 1992 1768 2019 into

1602 2035 1721 2062 proem,

1536 2063 1699 2089 substance
1719 2062 1778 2089 and

1563 2097 1755 2124 conclusion.

1535 2559 1644 2586 Proem
1665 2559 1786 2586 teaches
