2003 3322
202 192 288 220 cAe.
313 182 404 236 1111]
705 193 842 225 PRIMA
873 194 997 225 PARS.

189 302 271 351 filii
313 313 388 350 per
431 301 738 336 misericordiam
785 300 913 350 patris
962 301 1087 336 nostri
1135 301 1199 349 qui
1241 302 1276 336 in
1325 301 1415 337 celis
1457 309 1511 337 est

1725 196 1803 233 227

200 360 236 395 in
269 366 408 408 quanto
441 371 483 394 ea
517 370 587 407 que
618 359 663 394 ab
689 358 756 394 illo
784 358 1057 407 precipiantur
1088 359 1313 407 implemus;
1345 360 1444 394 unde
1476 367 1511 395 et
1527 364 1585 392 We
1602 373 1652 391 are
1667 365 1803 399 adopted

1526 407 1600 426 sons
1621 399 1656 426 of
1674 399 1743 426 God
1771 407 1805 426 so

199 417 409 466 apostolica
445 416 644 465 disciplina
677 416 927 465 adopcionem
960 417 1132 465 appellat
1163 428 1236 465 qua
1270 417 1305 452 in
1338 424 1509 453 eternam
1533 433 1579 461 far
1599 442 1632 460 as
1654 442 1700 461 we
1720 434 1794 461 fulfil

199 475 305 510 illam
327 475 628 524 supracelestem
654 474 906 510 hereditatem
942 474 1196 519 advocamur,
1229 482 1268 509 ut
1303 475 1511 511 coheredes

166 533 285 568 §.Iesu
324 532 472 568 Christi
502 532 647 568 domini
677 532 801 568 nostri
831 543 912 568 esse
938 532 1143 580 possimus.
1197 532 1410 582 Efficimur
1431 533 1514 582 filii

199 591 500 640 regeneracione
530 590 728 639 spirituali
748 602 820 639 qua
853 602 973 639 supra
997 590 1194 626 induimur
1216 598 1250 626 et
1272 591 1326 627 sic
1348 591 1509 639 adopta-

197 661 287 684 mur
317 649 353 684 in
387 661 552 698 reg-num
587 648 663 684 Dei
694 660 766 683 non
799 655 994 696 tamquam
1035 648 1161 695 alieni,
1206 649 1275 684 sed
1313 656 1509 696 tamquam

197 707 243 742 ab
287 706 353 742 illo
388 706 496 755 facti
538 713 572 742 et
616 706 749 752 creati,
795 706 866 741 hoc
904 713 972 754 est,
1020 706 1174 753 conditi,
1220 713 1259 741 ut
1304 719 1418 742 unum
1463 707 1512 742 sit

197 764 430 814 beneficium,
475 764 539 812 qui
581 776 648 799 nos
669 764 771 812 fecit
803 776 884 800 esse
917 776 993 813 per
1031 764 1348 813 omnipotenciam
1387 777 1510 809 suam,

144 834 181 855 10
197 834 281 858 cum
314 822 409 858 nihil
439 829 526 858 ante
558 834 738 865 essemus„
778 822 943 858 alterum
981 834 1051 871 quo
1087 822 1287 872 adoptavit
1314 835 1382 858 nos
1415 823 1510 859 adeo

196 880 515 925 misericorditer,
560 887 600 915 ut
638 892 721 915 curn
762 892 804 915 eo
836 887 1031 929 tamquam
1064 880 1146 930 filii
1189 882 1306 916 vitam
1340 888 1511 917 eternam

196 938 409 974 hereditate
440 937 1028 986 inmarcescibilipossideamus
1059 946 1094 975 et
1122 951 1199 987 pro
1232 946 1365 975 nostra
1383 938 1510 988 parti-

195 996 390 1044 cipacione
421 1008 464 1031 ea
476 997 727 1044 frueremur.
763 996 896 1044 Itaque
928 1008 1000 1032 non
1033 997 1108 1032 ait:
1138 997 1274 1033 Facite
1306 997 1391 1043 ista,
1425 997 1510 1045 quia

196 1054 284 1090 estis
304 1054 397 1103 filii,
429 1054 498 1090 sed
527 1054 661 1090 Facite
693 1054 778 1099 ista,
812 1061 851 1088 ut
882 1054 964 1090 sitis
983 1055 1076 1104 filii.

142 1114 177 1146 15
258 1111 353 1147 Cum
386 1119 512 1148 autem
546 1112 598 1147 ad
630 1112 700 1148 hoc
732 1124 800 1148 nos
833 1119 943 1147 vocat
983 1124 1058 1161 per
1098 1113 1222 1162 ipsum
1256 1112 1510 1162 unigenitum,

194 1170 246 1205 ad
277 1170 564 1206 similitudinem
594 1177 671 1205 tam
694 1169 921 1219 speciosam,
953 1178 1031 1206 tam
1051 1171 1270 1219 preciosam
1294 1182 1363 1206 nos
1386 1178 1509 1206 vocat.

194 1227 264 1263 Ille
295 1228 393 1264 enim
425 1228 522 1264 sicut
554 1235 827 1276 consequenter
860 1228 970 1264 dicit:
1003 1229 1130 1264 Solem
1160 1241 1270 1265 suum
1295 1228 1395 1264 oriri
1405 1229 1511 1276 facit

193 1297 311 1334 super
343 1286 459 1322 bonos
492 1293 527 1322 et
559 1286 694 1332 malos,
740 1293 774 1322 et
814 1286 915 1335 pluit
946 1298 1063 1336 super
1100 1287 1219 1323 iustos
1256 1294 1291 1322 et
1329 1286 1511 1330 iniustos,-

193 1344 275 1379 sive'
309 1344 428 1380 solem
467 1356 577 1379 suum
617 1356 689 1379 11011
728 1344 841 1380 istum
887 1345 1108 1381 carnalibus
1152 1345 1271 1381 oculis
1323 1344 1506 1380 visibilem

138 1414 179 1435 20
194 1402 361 1450 accipias
403 1402 471 1438 sed
509 1402 614 1437 illam
653 1402 899 1451 sapiendam,
944 1403 991 1438 de
1028 1415 1100 1451 qua
1140 1403 1302 1439 dicitur:
1350 1402 1510 1438 Candor

194 1460 291 1495 enim
325 1467 381 1495 est
414 1460 509 1496 lucis
541 1467 692 1504 eterne;
723 1461 769 1496 de
801 1472 872 1508 quo
896 1461 1014 1496 eciam
1039 1461 1137 1497 idem
1162 1461 1273 1497 dicit:
1311 1460 1432 1496 Ortus
1453 1468 1509 1496 est

195 1517 290 1553 mihi
328 1518 388 1553 sol
426 1518 592 1557 iusticie:
636 1525 669 1553 et
718 1518 879 1554 iterum:
938 1519 1049 1555 Vobis
1093 1527 1219 1555 autem
1264 1519 1329 1567 qui
1370 1519 1508 1554 timetis

195 1588 329 1611 nomen
375 1576 534 1612 Domini
589 1576 739 1612 orietur
782 1576 842 1612 sol
886 1577 1044 1621 iusticie,
1089 1584 1128 1612 ut
1174 1577 1292 1613 eciam
1332 1576 1506 1625 pluviam

194 1634 362 1682 accipias
394 1634 670 1684 irrigacionem
706 1634 879 1670 doctrine
912 1635 1098 1680 veritatis,
1137 1636 1223 1683 quia
1257 1642 1291 1670 et
1329 1634 1436 1670 bonis
1474 1642 1509 1670 et

139 1694 177 1726 25
196 1692 307 1727 malis
331 1692 514 1740 apparuit
540 1699 574 1727 et
602 1692 708 1728 bonis
730 1700 764 1728 et
783 1692 895 1728 malis
917 1694 1208 1745 evangelizatus
1233 1700 1288 1729 est
1316 1692 1504 1730 Christus.

196 1749 284 1785 Sive
325 1750 443 1786 solem
492 1750 605 1786 istum
651 1750 774 1786 mavis
812 1751 987 1800 accipere
1030 1763 1103 1787 non
1141 1751 1265 1787 solum
1310 1750 1505 1786 hominum

196 1819 329 1843 verum
375 1808 493 1843 eciam
533 1820 719 1857 pecorum
766 1809 886 1844 oculis
930 1809 1130 1858 corporeis
1168 1809 1422 1858 propalatum
1472 1816 1506 1844 et

195 1865 306 1901 istam
325 1866 500 1914 pluviam
525 1878 597 1914 qua
615 1866 779 1914 fructus
809 1867 1042 1917 gignuntur,
1075 1867 1139 1916 qui
1169 1867 1220 1902 ad
1251 1866 1504 1915 refeccionem

195 1924 374 1973 corporis
407 1924 490 1959 dati
518 1931 617 1960 sunt.
671 1924 784 1968 Quod
821 1925 1064 1974 probabilius
1108 1925 1275 1975 intelligi
1306 1924 1506 1960 existimo.-

136 1985 178 2016 30
195 1988 235 2017 ut
266 1981 330 2017 ille
351 1982 410 2017 sol
439 1982 655 2031 spiritualis
687 1994 759 2018 non
784 1983 937 2018 oriatur
959 1983 1032 2019 nisi
1053 1983 1159 2019 bonis
1181 1991 1215 2019 et
1236 1983 1399 2028 sanctis‚·
1420 1982 1506 2031 quia

194 2047 229 2075 et
260 2040 330 2075 lzoc
367 2040 490 2089 ipsum
525 2047 580 2076 est
611 2040 713 2088 quod
738 2041 932 2091 plangunt
964 2041 1083 2090 iniqui
1113 2042 1147 2077 in
1181 2041 1248 2077 illo
1287 2041 1399 2085 libro,
1444 2041 1508 2089 qui

193 2097 384 2146 sapiencia
408 2098 627 2134 Salomonis
654 2098 879 2134 inscribitur
890 2113 900 2134 .·
928 2099 980 2135 Et
1001 2099 1061 2135 sol
1083 2112 1154 2135 non
1178 2106 1233 2135 est
1255 2106 1363 2134 ortus
1386 2099 1504 2139 nobis,

193 2162 228 2191 et
260 2155 327 2190 illa
345 2156 480 2204 pluvia
503 2155 721 2205 spiritualis
752 2168 824 2192 non
848 2157 990 2207 irriget
1012 2157 1087 2193 nisi
1107 2157 1236 2203 bonos,
1271 2157 1357 2205 quia
1382 2157 1504 2192 malos

191 2213 437 2263 significabat
469 2213 576 2250 vinea
616 2214 663 2250 de
700 2225 773 2262 qua
814 2214 954 2250 dictum
995 2222 1072 2251 est:
1109 2215 1306 2251 ffilandabo
1345 2215 1505 2251 nubibus

136 2271 288 2307 35meis
325 2283 370 2307 ne
401 2271 541 2320 pluant
571 2283 689 2321 super
720 2284 816 2309 eain.
863 2273 941 2308 Sed
976 2273 1057 2309 sive
1095 2273 1194 2308 illud
1230 2273 1311 2309 sive
1343 2273 1414 2309 hoc
1446 2272 1501 2308 in—

191 2328 362 2379 telligas,
395 2342 538 2379 magno
567 2330 644 2366 Dei
675 2330 773 2366 dono
806 2342 1024 2380 magnaque
1046 2331 1122 2366 Dei
1152 2331 1318 2367 bonitate
1337 2331 1404 2380 fit,
1435 2343 1505 2379 que

193 2387 299 2422 nobis
330 2387 517 2423 imitanda
545 2387 781 2436 proponitur
812 2388 893 2424 sive
920 2389 1148 2438 precipitur,
1182 2389 1216 2425 si
1223 2389 1308 2438 filii
1327 2389 1404 2425 Dei
1424 2400 1504 2425 esse

262 2576 281 2601 1,
303 2574 327 2593 2.
357 2569 400 2594 A:
435 2571 465 2595 et
488 2572 613 2603 quanto.
723 2578 752 2602 4,
779 2569 802 2595 5.
831 2571 874 2596 A:
907 2569 1075 2596 coheredes
1097 2568 1212 2596 Christi
1243 2577 1307 2596 esse
1336 2570 1502 2604 possimus,

191 2610 219 2636 9.
235 2603 262 2629 A
273 2601 367 2638 :fecit
377 2602 438 2629 ille.
513 2611 553 2630 10.
568 2604 613 2630 A:
628 2610 693 2630 cum
708 2603 801 2630 deest.
874 2611 917 2638 ιο,
932 2612 965 2631 11.
982 2605 1026 2631 A:
1040 2611 1060 2630 a
1075 2603 1133 2631 deo
1147 2604 1396 2631 misericorditer
1407 2605 1500 2632 deest.

191 2638 233 2664 16.
254 2639 299 2664 A:
321 2639 381 2664 tam
422 2637 573 2665 reciosam
594 2638 688 2664 deest.
772 2646 814 2666 22.
837 2638 875 2665 B:
896 2642 928 2666 et
945 2639 1026 2665 item.
1111 2640 1157 2666 26.
1178 2639 1294 2671 mavis;
1321 2641 1365 2667 A:
1387 2639 1501 2666 inanis.

190 2670 229 2698 31.
252 2672 290 2698 B:
312 2672 367 2699 illo
410 2677 482 2699 eest.
563 2671 605 2700 35.
628 2673 666 2699 B:
687 2680 754 2700 eam
775 2673 868 2700 deest.
950 2672 994 2708 37.
1016 2681 1092 2708 que;
1112 2673 1178 2700 scil.
1200 2674 1321 2701 bonitas
1341 2674 1500 2701 imitanda.

262 2757 291 2787 Β.
309 2756 410 2787 Rom.
429 2756 515 2796 Vffl,
541 2767 595 2798 17;
624 2756 698 2787 Gal.
718 2757 772 2796 IV,
795 2756 823 2788 5.
926 2767 975 2798 ¹7·
994 2757 1113 2788 Matth.
1133 2758 1173 2797 V⁷
1191 2758 1245 2798 45.
1345 2768 1397 2789 20.
1422 2759 1500 2800 Sap.

192 2802 261 2841 VH,
290 2801 341 2833 26.
451 2812 503 2834 22.
530 2802 677 2834 Malach.
696 2803 751 2842 IV,
780 2813 808 2834 2.
914 2805 966 2836 32.
993 2804 1070 2845 Sap.
1091 2804 1130 2844 V,
1158 2803 1186 2835 6.
1264 2805 1316 2843 34.
1341 2806 1394 2835 Jo.
1413 2805 1451 2844 V,
1469 2804 1499 2836 6.

1301 2872 1311 2893 1
1322 2862 1362 2894 5⁵÷

1635 468 1692 495 His

1567 503 1761 530 commands.
