<?xml version="1.0" encoding="UTF-8"?>
<!DOCTYPE html PUBLIC "-//W3C//DTD XHTML 1.0 Transitional//EN"
    "http://www.w3.org/TR/xhtml1/DTD/xhtml1-transitional.dtd">
<html xmlns="http://www.w3.org/1999/xhtml" xml:lang="en" lang="en">
 <head>
  <title>
</title>
<meta http-equiv="Content-Type" content="text/html;charset=utf-8" />
  <meta name='ocr-system' content='tesseract 3.04.00' />
  <meta name='ocr-capabilities' content='ocr_page ocr_carea ocr_par ocr_line ocrx_word'/>
</head>
<body>
  <div class='ocr_page' id='page_1' title='image "./opusevangelicum12wycl/opusevangelicum12wycl_0399.png"; bbox 0 0 2003 3322; ppageno 0'>
   <div class='ocr_carea' id='block_1_1' title="bbox 186 199 1031 257">
    <p class='ocr_par' dir='ltr' id='par_1_1' title="bbox 186 199 1031 257">
     <span class='ocr_line' id='line_1_1' title="bbox 186 199 1031 257; baseline 0.007 -17"><span class='ocrx_word' id='word_1_1' title='bbox 186 209 275 238; x_wconf 75' lang='lat' dir='ltr'><em>cAP.</em></span> <span class='ocrx_word' id='word_1_2' title='bbox 295 199 452 257; x_wconf 73' lang='lat' dir='ltr'>xxxlx]</span> <span class='ocrx_word' id='word_1_3' title='bbox 666 213 878 245; x_wconf 79' lang='lat' dir='ltr'>SECUNDA</span> <span class='ocrx_word' id='word_1_4' title='bbox 905 214 1031 246; x_wconf 83' lang='lat' dir='ltr'><strong>PARS.</strong></span> 
     </span>
    </p>
   </div>
   <div class='ocr_carea' id='block_1_2' title="bbox 136 319 1505 1125">
    <p class='ocr_par' dir='ltr' id='par_1_2' title="bbox 156 319 1503 658">
     <span class='ocr_line' id='line_1_2' title="bbox 181 319 1503 369; baseline 0.001 -13"><span class='ocrx_word' id='word_1_5' title='bbox 181 327 273 369; x_wconf 85' lang='lat' dir='ltr'><em>post</em></span> <span class='ocrx_word' id='word_1_6' title='bbox 310 319 481 369; x_wconf 85' lang='lat' dir='ltr'><em>primam</em></span> <span class='ocrx_word' id='word_1_7' title='bbox 521 327 556 356; x_wconf 89' lang='lat' dir='ltr'><em>et</em></span> <span class='ocrx_word' id='word_1_8' title='bbox 591 320 797 356; x_wconf 87' lang='lat' dir='ltr'><em>secundam</em></span> <span class='ocrx_word' id='word_1_9' title='bbox 842 321 1129 369; x_wconf 89' lang='lat' dir='ltr'><em>correpcionem</em></span> <span class='ocrx_word' id='word_1_10' title='bbox 1176 322 1323 365; x_wconf 84' lang='lat' dir='ltr'><em>devita,·</em></span> <span class='ocrx_word' id='word_1_11' title='bbox 1361 331 1398 357; x_wconf 87' lang='lat' dir='ltr'><em>et</em></span> <span class='ocrx_word' id='word_1_12' title='bbox 1433 334 1503 369; x_wconf 86' lang='lat' dir='ltr'><em>per</em></span> 
     </span>
     <span class='ocr_line' id='line_1_3' title="bbox 187 376 1501 415; baseline 0.002 -2"><span class='ocrx_word' id='word_1_13' title='bbox 187 377 285 414; x_wconf 85' lang='lat' dir='ltr'><em>tales</em></span> <span class='ocrx_word' id='word_1_14' title='bbox 330 376 598 414; x_wconf 86' lang='lat' dir='ltr'><em>confessiones</em></span> <span class='ocrx_word' id='word_1_15' title='bbox 631 377 663 413; x_wconf 88' lang='lat' dir='ltr'><em>si</em></span> <span class='ocrx_word' id='word_1_16' title='bbox 697 379 804 413; x_wconf 83' lang='lat' dir='ltr'><em>Deus</em></span> <span class='ocrx_word' id='word_1_17' title='bbox 842 378 1012 414; x_wconf 85' lang='lat' dir='ltr'><em>voluerit</em></span> <span class='ocrx_word' id='word_1_18' title='bbox 1058 378 1233 415; x_wconf 87' lang='lat' dir='ltr'>discetur</span> <span class='ocrx_word' id='word_1_19' title='bbox 1271 381 1320 415; x_wconf 82' lang='lat' dir='ltr'><em>ab</em></span> <span class='ocrx_word' id='word_1_20' title='bbox 1365 378 1501 415; x_wconf 88' lang='lat' dir='ltr'><em>insciis</em></span> 
     </span>
     <span class='ocr_line' id='line_1_4' title="bbox 188 435 1499 485; baseline 0.002 -14"><span class='ocrx_word' id='word_1_21' title='bbox 188 435 286 471; x_wconf 88' lang='lat' dir='ltr'><strong>fides</strong></span> <span class='ocrx_word' id='word_1_22' title='bbox 319 435 516 472; x_wconf 88' lang='lat' dir='ltr'><em>catholica</em></span> <span class='ocrx_word' id='word_1_23' title='bbox 548 444 585 472; x_wconf 88' lang='lat' dir='ltr'><em>et</em></span> <span class='ocrx_word' id='word_1_24' title='bbox 618 435 692 472; x_wconf 86' lang='lat' dir='ltr'><em>erit</em></span> <span class='ocrx_word' id='word_1_25' title='bbox 721 435 946 483; x_wconf 84' lang='lat' dir='ltr'><em>generalius</em></span> <span class='ocrx_word' id='word_1_26' title='bbox 976 437 1127 485; x_wconf 81' lang='lat' dir='ltr'><em>populo</em></span> <span class='ocrx_word' id='word_1_27' title='bbox 1151 437 1370 485; x_wconf 82' lang='lat' dir='ltr'><em>predicata,</em></span> <span class='ocrx_word' id='word_1_28' title='bbox 1405 437 1499 485; x_wconf 83' lang='lat' dir='ltr'><em>quia</em></span> 
     </span>
     <span class='ocr_line' id='line_1_5' title="bbox 188 493 1501 542; baseline 0.002 -13"><span class='ocrx_word' id='word_1_29' title='bbox 188 493 428 541; x_wconf 83' lang='lat' dir='ltr'><em>&#39;quibusdam</em></span> <span class='ocrx_word' id='word_1_30' title='bbox 464 493 620 530; x_wconf 90' lang='lat' dir='ltr'><em>videtur</em></span> <span class='ocrx_word' id='word_1_31' title='bbox 659 495 767 542; x_wconf 90' lang='lat' dir='ltr'><em>quod</em></span> <span class='ocrx_word' id='word_1_32' title='bbox 813 493 962 530; x_wconf 85' lang='lat' dir='ltr'><strong>heresis</strong></span> <span class='ocrx_word' id='word_1_33' title='bbox 1006 495 1054 531; x_wconf 89' lang='lat' dir='ltr'><em>de</em></span> <span class='ocrx_word' id='word_1_34' title='bbox 1093 494 1222 531; x_wconf 84' lang='lat' dir='ltr'><em>hostia</em></span> <span class='ocrx_word' id='word_1_35' title='bbox 1267 504 1501 531; x_wconf 83' lang='lat' dir='ltr'><em>consecrata</em></span> 
     </span>
     <span class='ocr_line' id='line_1_6' title="bbox 156 549 1502 601; baseline 0.001 -14"><span class='ocrx_word' id='word_1_36' title='bbox 156 554 245 587; x_wconf 77' lang='lat' dir='ltr'><em>Sest</em></span> <span class='ocrx_word' id='word_1_37' title='bbox 278 550 564 588; x_wconf 85' lang='lat' dir='ltr'><em>abhominaeio</em></span> <span class='ocrx_word' id='word_1_38' title='bbox 598 549 877 598; x_wconf 81' lang='lat' dir='ltr'>desolacionis,</span> <span class='ocrx_word' id='word_1_39' title='bbox 918 553 966 588; x_wconf 88' lang='lat' dir='ltr'><em>de</em></span> <span class='ocrx_word' id='word_1_40' title='bbox 1000 565 1079 600; x_wconf 87' lang='lat' dir='ltr'><em>qua</em></span> <span class='ocrx_word' id='word_1_41' title='bbox 1111 552 1292 589; x_wconf 86' lang='lat' dir='ltr'><em>Christus</em></span> <span class='ocrx_word' id='word_1_42' title='bbox 1325 552 1502 601; x_wconf 87' lang='lat' dir='ltr'><em>loquitur</em></span> 
     </span>
     <span class='ocr_line' id='line_1_7' title="bbox 188 609 1129 658; baseline 0.001 -13"><span class='ocrx_word' id='word_1_43' title='bbox 188 609 354 645; x_wconf 85' lang='lat' dir='ltr'><em>Matthei</em></span> <span class='ocrx_word' id='word_1_44' title='bbox 386 610 507 644; x_wconf 89' lang='lat' dir='ltr'>XXIV</span> <span class='ocrx_word' id='word_1_45' title='bbox 540 618 577 645; x_wconf 86' lang='lat' dir='ltr'><em>et</em></span> <span class='ocrx_word' id='word_1_46' title='bbox 610 609 751 646; x_wconf 82' lang='lat' dir='ltr'>Daniel</span> <span class='ocrx_word' id='word_1_47' title='bbox 782 611 831 645; x_wconf 90' lang='lat' dir='ltr'><em>XI</em></span> <span class='ocrx_word' id='word_1_48' title='bbox 864 610 1129 658; x_wconf 86' lang='lat' dir='ltr'>prophetavit.</span> 
     </span>
    </p>

    <p class='ocr_par' dir='ltr' id='par_1_3' title="bbox 187 666 1503 834">
     <span class='ocr_line' id='line_1_8' title="bbox 246 666 1500 716; baseline 0 -13"><span class='ocrx_word' id='word_1_49' title='bbox 246 666 516 704; x_wconf 85' lang='lat' dir='ltr'><em>Crisostomus</em></span> <span class='ocrx_word' id='word_1_50' title='bbox 549 675 682 703; x_wconf 87' lang='lat' dir='ltr'><em>autem</em></span> <span class='ocrx_word' id='word_1_51' title='bbox 716 680 835 715; x_wconf 84' lang='lat' dir='ltr'><em>super</em></span> <span class='ocrx_word' id='word_1_52' title='bbox 863 667 939 704; x_wconf 86' lang='lat' dir='ltr'><em>isto</em></span> <span class='ocrx_word' id='word_1_53' title='bbox 962 676 1069 704; x_wconf 86' lang='lat' dir='ltr'><em>textu</em></span> <span class='ocrx_word' id='word_1_54' title='bbox 1091 668 1147 704; x_wconf 83' lang='lat' dir='ltr'><em>sie</em></span> <span class='ocrx_word' id='word_1_55' title='bbox 1169 668 1366 716; x_wconf 83' lang='lat' dir='ltr'><em>loquitur:</em></span> <span class='ocrx_word' id='word_1_56' title='bbox 1406 669 1500 704; x_wconf 91' lang='lat' dir='ltr'><em>Cum</em></span> 
     </span>
     <span class='ocr_line' id='line_1_9' title="bbox 187 725 1503 775; baseline 0.002 -15"><span class='ocrx_word' id='word_1_57' title='bbox 187 737 307 774; x_wconf 88' lang='lat' dir='ltr'><em>supra</em></span> <span class='ocrx_word' id='word_1_58' title='bbox 359 725 525 762; x_wconf 82' lang='lat' dir='ltr'><em>dedisset</em></span> <span class='ocrx_word' id='word_1_59' title='bbox 569 725 759 761; x_wconf 81' lang='lat' dir='ltr'><em>Dominus</em></span> <span class='ocrx_word' id='word_1_60' title='bbox 808 726 1033 761; x_wconf 89' lang='lat' dir='ltr'><em>mandatum</em></span> <span class='ocrx_word' id='word_1_61' title='bbox 1084 727 1270 773; x_wconf 89' lang='lat' dir='ltr'><em>omnibus,</em></span> <span class='ocrx_word' id='word_1_62' title='bbox 1317 727 1503 775; x_wconf 80' lang='lat' dir='ltr'><em>precipue</em></span> 
     </span>
     <span class='ocr_line' id='line_1_10' title="bbox 188 783 1503 834; baseline 0.001 -15"><span class='ocrx_word' id='word_1_63' title='bbox 188 789 314 819; x_wconf 86' lang='lat' dir='ltr'><em>autem</em></span> <span class='ocrx_word' id='word_1_64' title='bbox 339 783 574 830; x_wconf 89' lang='lat' dir='ltr'><em>doctoribus,</em></span> <span class='ocrx_word' id='word_1_65' title='bbox 598 791 639 819; x_wconf 87' lang='lat' dir='ltr'><em>ut</em></span> <span class='ocrx_word' id='word_1_66' title='bbox 661 783 870 834; x_wconf 78' lang='lat' dir='ltr'><em>diligerent</em></span> <span class='ocrx_word' id='word_1_67' title='bbox 893 783 1064 820; x_wconf 87' lang='lat' dir='ltr'><em>inimicos</em></span> <span class='ocrx_word' id='word_1_68' title='bbox 1077 797 1169 821; x_wconf 86' lang='lat' dir='ltr'><em>suos</em></span> <span class='ocrx_word' id='word_1_69' title='bbox 1183 792 1218 820; x_wconf 91' lang='lat' dir='ltr'><em>et</em></span> <span class='ocrx_word' id='word_1_70' title='bbox 1232 784 1503 832; x_wconf 80' lang='lat' dir='ltr'><em>benefacerent</em></span> 
     </span>
    </p>

    <p class='ocr_par' dir='ltr' id='par_1_4' title="bbox 136 841 1505 1125">
     <span class='ocr_line' id='line_1_11' title="bbox 136 841 1502 891; baseline 0.001 -15"><span class='ocrx_word' id='word_1_71' title='bbox 136 855 174 876; x_wconf 91' lang='lat'><em>10</em></span> <span class='ocrx_word' id='word_1_72' title='bbox 189 841 254 885; x_wconf 90' lang='lat' dir='ltr'><em>eis,</em></span> <span class='ocrx_word' id='word_1_73' title='bbox 286 841 373 877; x_wconf 90' lang='lat' dir='ltr'><em>item</em></span> <span class='ocrx_word' id='word_1_74' title='bbox 403 841 522 890; x_wconf 87' lang='lat' dir='ltr'><em>paulo</em></span> <span class='ocrx_word' id='word_1_75' title='bbox 554 848 642 877; x_wconf 90' lang='lat' dir='ltr'><em>ante</em></span> <span class='ocrx_word' id='word_1_76' title='bbox 673 849 712 876; x_wconf 91' lang='lat' dir='ltr'><em>ut</em></span> <span class='ocrx_word' id='word_1_77' title='bbox 745 854 790 877; x_wconf 88' lang='lat' dir='ltr'><em>ne</em></span> <span class='ocrx_word' id='word_1_78' title='bbox 821 842 1036 878; x_wconf 86' lang='lat' dir='ltr'><em>iudicarent</em></span> <span class='ocrx_word' id='word_1_79' title='bbox 1073 854 1137 879; x_wconf 92' lang='lat' dir='ltr'><em>eos</em></span> <span class='ocrx_word' id='word_1_80' title='bbox 1174 843 1239 891; x_wconf 81' lang='lat' dir='ltr'><em>qui</em></span> <span class='ocrx_word' id='word_1_81' title='bbox 1269 849 1432 891; x_wconf 88' lang='lat' dir='ltr'><em>peccant</em></span> <span class='ocrx_word' id='word_1_82' title='bbox 1466 843 1502 878; x_wconf 89' lang='lat' dir='ltr'><em>in</em></span> 
     </span>
     <span class='ocr_line' id='line_1_12' title="bbox 189 899 1504 948; baseline -0.001 -12"><span class='ocrx_word' id='word_1_83' title='bbox 189 899 253 945; x_wconf 89' lang='lat' dir='ltr'><em>eis,</em></span> <span class='ocrx_word' id='word_1_84' title='bbox 285 899 534 935; x_wconf 76' lang='lat' dir='ltr'><em>considerans</em></span> <span class='ocrx_word' id='word_1_85' title='bbox 563 899 741 948; x_wconf 77' lang='lat' dir='ltr'><em>quoniam</em></span> <span class='ocrx_word' id='word_1_86' title='bbox 775 900 839 948; x_wconf 85' lang='lat' dir='ltr'><em>qui</em></span> <span class='ocrx_word' id='word_1_87' title='bbox 864 908 1153 948; x_wconf 83' lang='lat' dir='ltr'><em>persequuntur</em></span> <span class='ocrx_word' id='word_1_88' title='bbox 1183 901 1406 936; x_wconf 79' lang='lat' dir='ltr'><em>sacerdotes</em></span> <span class='ocrx_word' id='word_1_89' title='bbox 1437 907 1504 936; x_wconf 88' lang='lat' dir='ltr'><em>aut</em></span> 
     </span>
     <span class='ocr_line' id='line_1_13' title="bbox 189 956 1502 1008; baseline 0.002 -16"><span class='ocrx_word' id='word_1_90' title='bbox 189 957 423 993; x_wconf 88' lang='lat' dir='ltr'><em>iniuriantur</em></span> <span class='ocrx_word' id='word_1_91' title='bbox 459 956 513 993; x_wconf 92' lang='lat' dir='ltr'><em>eis</em></span> <span class='ocrx_word' id='word_1_92' title='bbox 550 964 616 992; x_wconf 88' lang='lat' dir='ltr'><em>aut</em></span> <span class='ocrx_word' id='word_1_93' title='bbox 660 957 791 993; x_wconf 86' lang='lat' dir='ltr'><em>ledunt</em></span> <span class='ocrx_word' id='word_1_94' title='bbox 822 958 1053 1007; x_wconf 79' lang='lat' dir='ltr'><em>plerumque</em></span> <span class='ocrx_word' id='word_1_95' title='bbox 1091 965 1156 994; x_wconf 88' lang='lat' dir='ltr'><em>aut</em></span> <span class='ocrx_word' id='word_1_96' title='bbox 1193 958 1366 1008; x_wconf 88' lang='lat' dir='ltr'><em>infideles</em></span> <span class='ocrx_word' id='word_1_97' title='bbox 1402 966 1502 1001; x_wconf 81' lang='lat' dir='ltr'><em>sunt,</em></span> 
     </span>
     <span class='ocr_line' id='line_1_14' title="bbox 190 1015 1502 1065; baseline 0.002 -15"><span class='ocrx_word' id='word_1_98' title='bbox 190 1015 321 1064; x_wconf 83' lang='lat' dir='ltr'><em>quales</em></span> <span class='ocrx_word' id='word_1_99' title='bbox 357 1022 444 1051; x_wconf 89' lang='lat' dir='ltr'><em>sunt</em></span> <span class='ocrx_word' id='word_1_100' title='bbox 481 1015 647 1065; x_wconf 78' lang='lat' dir='ltr'><em>gentiles</em></span> <span class='ocrx_word' id='word_1_101' title='bbox 677 1022 743 1050; x_wconf 88' lang='lat' dir='ltr'><em>aut</em></span> <span class='ocrx_word' id='word_1_102' title='bbox 775 1015 946 1062; x_wconf 90' lang='lat' dir='ltr'><em>heretici,</em></span> <span class='ocrx_word' id='word_1_103' title='bbox 978 1024 1044 1052; x_wconf 88' lang='lat' dir='ltr'><em>aut</em></span> <span class='ocrx_word' id='word_1_104' title='bbox 1083 1016 1135 1064; x_wconf 89' lang='lat' dir='ltr'><em>(si</em></span> <span class='ocrx_word' id='word_1_105' title='bbox 1165 1016 1368 1053; x_wconf 88' lang='lat' dir='ltr'><em>christiani</em></span> <span class='ocrx_word' id='word_1_106' title='bbox 1396 1017 1502 1064; x_wconf 85' lang='lat' dir='ltr'><em>sunt)</em></span> 
     </span>
     <span class='ocr_line' id='line_1_15' title="bbox 190 1073 1505 1125; baseline 0.001 -16"><span class='ocrx_word' id='word_1_107' title='bbox 190 1073 343 1110; x_wconf 84' lang='lat' dir='ltr'><em>sordidi</em></span> <span class='ocrx_word' id='word_1_108' title='bbox 361 1080 449 1109; x_wconf 90' lang='lat' dir='ltr'><em>sunt</em></span> <span class='ocrx_word' id='word_1_109' title='bbox 472 1080 506 1109; x_wconf 93' lang='lat' dir='ltr'><em>et</em></span> <span class='ocrx_word' id='word_1_110' title='bbox 528 1073 723 1117; x_wconf 81' lang='lat' dir='ltr'><em>insensati,</em></span> <span class='ocrx_word' id='word_1_111' title='bbox 746 1073 811 1122; x_wconf 84' lang='lat' dir='ltr'><em>qui</em></span> <span class='ocrx_word' id='word_1_112' title='bbox 831 1086 898 1110; x_wconf 90' lang='lat' dir='ltr'><em>nec</em></span> <span class='ocrx_word' id='word_1_113' title='bbox 926 1075 1173 1110; x_wconf 85' lang='lat' dir='ltr'><em>considerant</em></span> <span class='ocrx_word' id='word_1_114' title='bbox 1195 1087 1262 1110; x_wconf 88' lang='lat' dir='ltr'><em>nec</em></span> <span class='ocrx_word' id='word_1_115' title='bbox 1284 1074 1505 1125; x_wconf 88' lang='lat' dir='ltr'><em>intelligunt</em></span> 
     </span>
    </p>
   </div>
   <div class='ocr_carea' id='block_1_3' title="bbox 138 1130 1509 1239">
    <p class='ocr_par' dir='ltr' id='par_1_5' title="bbox 138 1130 1509 1239">
     <span class='ocr_line' id='line_1_16' title="bbox 138 1130 1508 1181; baseline 0 -14"><span class='ocrx_word' id='word_1_116' title='bbox 138 1131 412 1167; x_wconf 84' lang='lat' dir='ltr'><em>15sacerdotes</em></span> <span class='ocrx_word' id='word_1_117' title='bbox 448 1130 596 1167; x_wconf 83' lang='lat' dir='ltr'><em>Christi</em></span> <span class='ocrx_word' id='word_1_118' title='bbox 637 1131 804 1167; x_wconf 77' lang='lat' dir='ltr'><em>vicarios</em></span> <span class='ocrx_word' id='word_1_119' title='bbox 847 1144 928 1168; x_wconf 92' lang='lat' dir='ltr'><em>esse</em></span> <span class='ocrx_word' id='word_1_120' title='bbox 965 1132 1124 1178; x_wconf 84' lang='lat' dir='ltr'><em>Christi,</em></span> <span class='ocrx_word' id='word_1_121' title='bbox 1156 1139 1192 1168; x_wconf 92' lang='lat' dir='ltr'><em>et</em></span> <span class='ocrx_word' id='word_1_122' title='bbox 1225 1132 1402 1181; x_wconf 84' lang='lat' dir='ltr'><em>quoniam</em></span> <span class='ocrx_word' id='word_1_123' title='bbox 1444 1132 1508 1181; x_wconf 84' lang='lat' dir='ltr'><em>qui</em></span> 
     </span>
     <span class='ocr_line' id='line_1_17' title="bbox 191 1189 1509 1239; baseline 0.001 -14"><span class='ocrx_word' id='word_1_124' title='bbox 191 1189 357 1226; x_wconf 91' lang='lat' dir='ltr'><em>honorat</em></span> <span class='ocrx_word' id='word_1_125' title='bbox 401 1189 642 1225; x_wconf 86' lang='lat' dir='ltr'><em>sacerdotem</em></span> <span class='ocrx_word' id='word_1_126' title='bbox 693 1189 842 1225; x_wconf 82' lang='lat' dir='ltr'><em>Christi</em></span> <span class='ocrx_word' id='word_1_127' title='bbox 883 1190 1050 1226; x_wconf 88' lang='lat' dir='ltr'><em>honorat</em></span> <span class='ocrx_word' id='word_1_128' title='bbox 1098 1190 1311 1237; x_wconf 87' lang='lat' dir='ltr'><em>Christum,</em></span> <span class='ocrx_word' id='word_1_129' title='bbox 1364 1197 1399 1226; x_wconf 88' lang='lat' dir='ltr'><em>et</em></span> <span class='ocrx_word' id='word_1_130' title='bbox 1444 1191 1509 1239; x_wconf 79' lang='lat' dir='ltr'><em>qui</em></span> 
     </span>
    </p>
   </div>
   <div class='ocr_carea' id='block_1_4' title="bbox 135 1247 1512 2573">
    <p class='ocr_par' dir='ltr' id='par_1_6' title="bbox 135 1247 1512 2573">
     <span class='ocr_line' id='line_1_18' title="bbox 191 1247 1507 1297; baseline 0.002 -15"><span class='ocrx_word' id='word_1_131' title='bbox 191 1247 349 1283; x_wconf 80' lang='lat' dir='ltr'><em>ini&#39;urzat</em></span> <span class='ocrx_word' id='word_1_132' title='bbox 379 1247 620 1283; x_wconf 89' lang='lat' dir='ltr'><em>sacerdotem</em></span> <span class='ocrx_word' id='word_1_133' title='bbox 650 1247 797 1283; x_wconf 88' lang='lat' dir='ltr'><em>Christi</em></span> <span class='ocrx_word' id='word_1_134' title='bbox 826 1247 984 1284; x_wconf 76' lang='lat' dir='ltr'><em>iniuriat</em></span> <span class='ocrx_word' id='word_1_135' title='bbox 1012 1255 1047 1283; x_wconf 90' lang='lat' dir='ltr'><em>et</em></span> <span class='ocrx_word' id='word_1_136' title='bbox 1076 1248 1285 1284; x_wconf 84' lang='lat' dir='ltr'><em>Christum</em></span> <span class='ocrx_word' id='word_1_137' title='bbox 1322 1249 1507 1297; x_wconf 90' lang='lat' dir='ltr'><em>Neforte</em></span> 
     </span>
     <span class='ocr_line' id='line_1_19' title="bbox 191 1305 1508 1355; baseline 0.001 -14"><span class='ocrx_word' id='word_1_138' title='bbox 191 1312 466 1353; x_wconf 82' lang='lat' dir='ltr'><em>consequenter</em></span> <span class='ocrx_word' id='word_1_139' title='bbox 508 1305 723 1355; x_wconf 80' lang='lat' dir='ltr'><em>cogitantes</em></span> <span class='ocrx_word' id='word_1_140' title='bbox 766 1306 867 1341; x_wconf 87' lang='lat' dir='ltr'><em>intra</em></span> <span class='ocrx_word' id='word_1_141' title='bbox 913 1318 954 1342; x_wconf 92' lang='lat' dir='ltr'><em>se</em></span> <span class='ocrx_word' id='word_1_142' title='bbox 1004 1307 1227 1342; x_wconf 88' lang='lat' dir='ltr'><em>sacerdotes</em></span> <span class='ocrx_word' id='word_1_143' title='bbox 1280 1306 1420 1353; x_wconf 83' lang='lat' dir='ltr'><em>dlcant,</em></span> <span class='ocrx_word' id='word_1_144' title='bbox 1474 1307 1508 1342; x_wconf 93' lang='lat' dir='ltr'><em>si</em></span> 
     </span>
     <span class='ocr_line' id='line_1_20' title="bbox 192 1362 1508 1429; baseline 0.001 -30"><span class='ocrx_word' id='word_1_145' title='bbox 192 1363 367 1399; x_wconf 88' lang='lat' dir='ltr'><em>iubemur</em></span> <span class='ocrx_word' id='word_1_146' title='bbox 399 1363 567 1413; x_wconf 88' lang='lat' dir='ltr'><em>diligere</em></span> <span class='ocrx_word' id='word_1_147' title='bbox 609 1362 783 1400; x_wconf 75' lang='lat' dir='ltr'><em>inimicos</em></span> <span class='ocrx_word' id='word_1_148' title='bbox 826 1371 981 1400; x_wconf 91' lang='lat' dir='ltr'><em>nostros</em></span> <span class='ocrx_word' id='word_1_149' title='bbox 1018 1371 1053 1400; x_wconf 91' lang='lat' dir='ltr'><em>et</em></span> <span class='ocrx_word' id='word_1_150' title='bbox 1091 1364 1319 1429; x_wconf 80' lang='lat' dir='ltr'><em>benefacere</em></span> <span class='ocrx_word' id='word_1_151' title='bbox 1358 1365 1431 1400; x_wconf 86' lang='lat' dir='ltr'><em>eis.-</em></span> <span class='ocrx_word' id='word_1_152' title='bbox 1475 1365 1508 1400; x_wconf 85' lang='lat' dir='ltr'><em>si</em></span> 
     </span>
     <span class='ocr_line' id='line_1_21' title="bbox 135 1421 1506 1472; baseline 0.001 -16"><span class='ocrx_word' id='word_1_153' title='bbox 135 1434 177 1455; x_wconf 89' lang='lat'><em>20</em></span> <span class='ocrx_word' id='word_1_154' title='bbox 192 1421 367 1457; x_wconf 75' lang='lat' dir='ltr'><em>iubemur</em></span> <span class='ocrx_word' id='word_1_155' title='bbox 399 1433 465 1457; x_wconf 88' lang='lat' dir='ltr'><em>nec</em></span> <span class='ocrx_word' id='word_1_156' title='bbox 497 1421 670 1457; x_wconf 83' lang='lat' dir='ltr'><em>iudicare</em></span> <span class='ocrx_word' id='word_1_157' title='bbox 708 1434 772 1458; x_wconf 86' lang='lat' dir='ltr'><em>eos</em></span> <span class='ocrx_word' id='word_1_158' title='bbox 799 1429 1025 1470; x_wconf 85' lang='lat' dir='ltr'><em>peccatores</em></span> <span class='ocrx_word' id='word_1_159' title='bbox 1063 1422 1127 1470; x_wconf 81' lang='lat' dir='ltr'><em>qui</em></span> <span class='ocrx_word' id='word_1_160' title='bbox 1159 1429 1322 1472; x_wconf 86' lang='lat' dir='ltr'><em>peccant</em></span> <span class='ocrx_word' id='word_1_161' title='bbox 1355 1422 1390 1458; x_wconf 90' lang='lat' dir='ltr'><em>in</em></span> <span class='ocrx_word' id='word_1_162' title='bbox 1425 1434 1506 1468; x_wconf 85' lang='lat' dir='ltr'><em>nos,</em></span> 
     </span>
     <span class='ocr_line' id='line_1_22' title="bbox 190 1479 1508 1530; baseline 0 -14"><span class='ocrx_word' id='word_1_163' title='bbox 190 1479 272 1516; x_wconf 89' lang='lat' dir='ltr'><em>sine</em></span> <span class='ocrx_word' id='word_1_164' title='bbox 304 1479 416 1515; x_wconf 87' lang='lat' dir='ltr'><em>dubio</em></span> <span class='ocrx_word' id='word_1_165' title='bbox 453 1479 551 1516; x_wconf 90' lang='lat' dir='ltr'><em>sicut</em></span> <span class='ocrx_word' id='word_1_166' title='bbox 583 1480 762 1515; x_wconf 82' lang='lat' dir='ltr'><em>debemus</em></span> <span class='ocrx_word' id='word_1_167' title='bbox 801 1480 969 1530; x_wconf 90' lang='lat' dir='ltr'><em>diligere</em></span> <span class='ocrx_word' id='word_1_168' title='bbox 1007 1492 1071 1516; x_wconf 88' lang='lat' dir='ltr'><em>eos</em></span> <span class='ocrx_word' id='word_1_169' title='bbox 1108 1487 1143 1516; x_wconf 90' lang='lat' dir='ltr'><em>et</em></span> <span class='ocrx_word' id='word_1_170' title='bbox 1176 1481 1403 1529; x_wconf 85' lang='lat' dir='ltr'><em>benefacere</em></span> <span class='ocrx_word' id='word_1_171' title='bbox 1435 1480 1508 1516; x_wconf 90' lang='lat' dir='ltr'><em>eis:</em></span> 
     </span>
     <span class='ocr_line' id='line_1_23' title="bbox 190 1537 1506 1587; baseline 0.001 -14"><span class='ocrx_word' id='word_1_172' title='bbox 190 1537 244 1574; x_wconf 87' lang='lat' dir='ltr'><em>sic</em></span> <span class='ocrx_word' id='word_1_173' title='bbox 288 1549 360 1573; x_wconf 91' lang='lat' dir='ltr'><em>non</em></span> <span class='ocrx_word' id='word_1_174' title='bbox 400 1538 580 1573; x_wconf 88' lang='lat' dir='ltr'><em>debemus</em></span> <span class='ocrx_word' id='word_1_175' title='bbox 617 1537 791 1574; x_wconf 89' lang='lat' dir='ltr'><em>iudicare</em></span> <span class='ocrx_word' id='word_1_176' title='bbox 823 1550 887 1574; x_wconf 88' lang='lat' dir='ltr'><em>eos</em></span> <span class='ocrx_word' id='word_1_177' title='bbox 921 1545 1159 1587; x_wconf 83' lang='lat' dir='ltr'><em>peccatores,</em></span> <span class='ocrx_word' id='word_1_178' title='bbox 1200 1546 1239 1573; x_wconf 88' lang='grc' dir='ltr'><em>ιιι</em></span> <span class='ocrx_word' id='word_1_179' title='bbox 1277 1551 1350 1574; x_wconf 91' lang='lat' dir='ltr'><em>non</em></span> <span class='ocrx_word' id='word_1_180' title='bbox 1382 1539 1506 1574; x_wconf 88' lang='lat' dir='ltr'><em>solum</em></span> 
     </span>
     <span class='ocr_line' id='line_1_24' title="bbox 192 1595 1506 1645; baseline 0 -14"><span class='ocrx_word' id='word_1_181' title='bbox 192 1603 365 1632; x_wconf 88' lang='lat' dir='ltr'><em>nostrum</em></span> <span class='ocrx_word' id='word_1_182' title='bbox 405 1596 474 1631; x_wconf 88' lang='lat' dir='ltr'><em>sed</em></span> <span class='ocrx_word' id='word_1_183' title='bbox 513 1595 632 1631; x_wconf 87' lang='lat' dir='ltr'><em>eciam</em></span> <span class='ocrx_word' id='word_1_184' title='bbox 673 1608 743 1644; x_wconf 81' lang='lat' dir='ltr'><em>que</em></span> <span class='ocrx_word' id='word_1_185' title='bbox 775 1596 943 1645; x_wconf 83' lang='lat' dir='ltr'><em>propria</em></span> <span class='ocrx_word' id='word_1_186' title='bbox 976 1596 1053 1631; x_wconf 90' lang='lat' dir='ltr'><em>Dei</em></span> <span class='ocrx_word' id='word_1_187' title='bbox 1087 1604 1175 1632; x_wconf 81' lang='lat' dir='ltr'><em>sunt</em></span> <span class='ocrx_word' id='word_1_188' title='bbox 1213 1597 1266 1632; x_wconf 89' lang='lat' dir='ltr'><em>eis</em></span> <span class='ocrx_word' id='word_1_189' title='bbox 1297 1596 1506 1632; x_wconf 87' lang='lat' dir='ltr'><em>communi-</em></span> 
     </span>
     <span class='ocr_line' id='line_1_25' title="bbox 192 1653 1510 1702; baseline 0.001 -14"><span class='ocrx_word' id='word_1_190' title='bbox 192 1665 334 1698; x_wconf 88' lang='lat' dir='ltr'><em>cemus,</em></span> <span class='ocrx_word' id='word_1_191' title='bbox 376 1661 414 1688; x_wconf 86' lang='grc' dir='ltr'><em>ιιι</em></span> <span class='ocrx_word' id='word_1_192' title='bbox 458 1653 507 1689; x_wconf 88' lang='lat' dir='ltr'><em>sit</em></span> <span class='ocrx_word' id='word_1_193' title='bbox 546 1654 662 1702; x_wconf 91' lang='lat' dir='ltr'><em>plena</em></span> <span class='ocrx_word' id='word_1_194' title='bbox 708 1661 840 1690; x_wconf 85' lang='lat' dir='ltr'><em>nostra</em></span> <span class='ocrx_word' id='word_1_195' title='bbox 888 1654 1158 1690; x_wconf 81' lang='lat' dir='ltr'><em>misericordia</em></span> <span class='ocrx_word' id='word_1_196' title='bbox 1203 1655 1299 1690; x_wconf 90' lang='lat' dir='ltr'><em>sicut</em></span> <span class='ocrx_word' id='word_1_197' title='bbox 1337 1662 1372 1690; x_wconf 90' lang='lat' dir='ltr'><em>et</em></span> <span class='ocrx_word' id='word_1_198' title='bbox 1412 1655 1510 1699; x_wconf 82' lang='lat' dir='ltr'><em>Dei,-</em></span> 
     </span>
     <span class='ocr_line' id='line_1_26' title="bbox 137 1711 1508 1761; baseline 0 -15"><span class='ocrx_word' id='word_1_199' title='bbox 137 1713 176 1746; x_wconf 79' lang='lat'><em>25</em></span> <span class='ocrx_word' id='word_1_200' title='bbox 192 1712 276 1747; x_wconf 91' lang='lat' dir='ltr'><em>ideo</em></span> <span class='ocrx_word' id='word_1_201' title='bbox 292 1712 407 1747; x_wconf 87' lang='lat' dir='ltr'><em>talem</em></span> <span class='ocrx_word' id='word_1_202' title='bbox 426 1711 709 1748; x_wconf 85' lang='lat' dir='ltr'><em>estimacionem</em></span> <span class='ocrx_word' id='word_1_203' title='bbox 729 1724 862 1748; x_wconf 91' lang='lat' dir='ltr'><em>eorum</em></span> <span class='ocrx_word' id='word_1_204' title='bbox 873 1712 1042 1761; x_wconf 81' lang='lat' dir='ltr'><em>provido</em></span> <span class='ocrx_word' id='word_1_205' title='bbox 1065 1725 1242 1748; x_wconf 80' lang='lat' dir='ltr'><em>sermone</em></span> <span class='ocrx_word' id='word_1_206' title='bbox 1264 1712 1508 1761; x_wconf 85' lang='lat' dir='ltr'><em>compescuit,</em></span> 
     </span>
     <span class='ocr_line' id='line_1_27' title="bbox 194 1769 1508 1820; baseline 0.001 -16"><span class='ocrx_word' id='word_1_207' title='bbox 194 1769 342 1805; x_wconf 87' lang='lat' dir='ltr'><em>dicens:</em></span> <span class='ocrx_word' id='word_1_208' title='bbox 374 1769 503 1805; x_wconf 88' lang='lat' dir='ltr'><em>Nolite</em></span> <span class='ocrx_word' id='word_1_209' title='bbox 533 1777 707 1805; x_wconf 88' lang='lat' dir='ltr'><em>sanctum</em></span> <span class='ocrx_word' id='word_1_210' title='bbox 731 1770 828 1805; x_wconf 86' lang='lat' dir='ltr'><em>dare</em></span> <span class='ocrx_word' id='word_1_211' title='bbox 855 1771 1012 1806; x_wconf 85' lang='lat' dir='ltr'><em>canibus</em></span> <span class='ocrx_word' id='word_1_212' title='bbox 1034 1777 1068 1805; x_wconf 89' lang='lat' dir='ltr'><em>et</em></span> <span class='ocrx_word' id='word_1_213' title='bbox 1091 1770 1336 1820; x_wconf 75' lang='lat' dir='ltr'><em>margaritas</em></span> <span class='ocrx_word' id='word_1_214' title='bbox 1359 1777 1508 1806; x_wconf 82' lang='lat' dir='ltr'><em>vestras</em></span> 
     </span>
     <span class='ocr_line' id='line_1_28' title="bbox 193 1827 1509 1876; baseline 0.002 -14"><span class='ocrx_word' id='word_1_215' title='bbox 193 1827 308 1863; x_wconf 90' lang='lat' dir='ltr'><em>nolite</em></span> <span class='ocrx_word' id='word_1_216' title='bbox 347 1827 499 1862; x_wconf 90' lang='lat' dir='ltr'><em>mittere</em></span> <span class='ocrx_word' id='word_1_217' title='bbox 535 1835 623 1863; x_wconf 87' lang='lat' dir='ltr'><em>ante</em></span> <span class='ocrx_word' id='word_1_218' title='bbox 655 1839 812 1876; x_wconf 87' lang='lat' dir='ltr'><em>porcos.</em></span> <span class='ocrx_word' id='word_1_219' title='bbox 853 1828 907 1863; x_wconf 91' lang='lat' dir='ltr'><em>Ac</em></span> <span class='ocrx_word' id='word_1_220' title='bbox 945 1828 979 1864; x_wconf 92' lang='lat' dir='ltr'><em>si</em></span> <span class='ocrx_word' id='word_1_221' title='bbox 1016 1828 1140 1864; x_wconf 88' lang='lat' dir='ltr'><em>dicat.-</em></span> <span class='ocrx_word' id='word_1_222' title='bbox 1184 1828 1375 1863; x_wconf 63' lang='lat' dir='ltr'><em>Alandavi</em></span> <span class='ocrx_word' id='word_1_223' title='bbox 1405 1828 1509 1864; x_wconf 76' lang='lat' dir='ltr'><em>vobis</em></span> 
     </span>
     <span class='ocr_line' id='line_1_29' title="bbox 194 1885 1508 1935; baseline 0.002 -15"><span class='ocrx_word' id='word_1_224' title='bbox 194 1885 362 1935; x_wconf 89' lang='lat' dir='ltr'><em>diligere</em></span> <span class='ocrx_word' id='word_1_225' title='bbox 393 1885 566 1921; x_wconf 89' lang='lat' dir='ltr'><em>inimicos</em></span> <span class='ocrx_word' id='word_1_226' title='bbox 599 1893 749 1922; x_wconf 82' lang='lat' dir='ltr'><em>vestros</em></span> <span class='ocrx_word' id='word_1_227' title='bbox 781 1893 816 1922; x_wconf 86' lang='lat' dir='ltr'><em>et</em></span> <span class='ocrx_word' id='word_1_228' title='bbox 848 1899 920 1922; x_wconf 83' lang='lat' dir='ltr'><em>non</em></span> <span class='ocrx_word' id='word_1_229' title='bbox 955 1886 1128 1922; x_wconf 85' lang='lat' dir='ltr'><em>iudicare</em></span> <span class='ocrx_word' id='word_1_230' title='bbox 1160 1899 1236 1932; x_wconf 84' lang='lat' dir='ltr'><em>eos,</em></span> <span class='ocrx_word' id='word_1_231' title='bbox 1271 1893 1309 1921; x_wconf 88' lang='lat' dir='ltr'><em>ut</em></span> <span class='ocrx_word' id='word_1_232' title='bbox 1340 1898 1406 1922; x_wconf 79' lang='lat' dir='ltr'><em>vos</em></span> <span class='ocrx_word' id='word_1_233' title='bbox 1439 1898 1508 1922; x_wconf 79' lang='lat' dir='ltr'><em>ex·-</em></span> 
     </span>
     <span class='ocr_line' id='line_1_30' title="bbox 193 1943 1510 1992; baseline 0.001 -14"><span class='ocrx_word' id='word_1_234' title='bbox 193 1943 341 1978; x_wconf 85' lang='lat' dir='ltr'><em>hibeam</em></span> <span class='ocrx_word' id='word_1_235' title='bbox 395 1943 666 1979; x_wconf 87' lang='lat' dir='ltr'><em>misericordes</em></span> <span class='ocrx_word' id='word_1_236' title='bbox 717 1944 769 1979; x_wconf 89' lang='lat' dir='ltr'><em>ad</em></span> <span class='ocrx_word' id='word_1_237' title='bbox 820 1943 923 1987; x_wconf 73' lang='lat' dir='ltr'><em>illos,</em></span> <span class='ocrx_word' id='word_1_238' title='bbox 977 1952 1016 1979; x_wconf 83' lang='lat' dir='ltr'><em>ut</em></span> <span class='ocrx_word' id='word_1_239' title='bbox 1068 1945 1320 1992; x_wconf 86' lang='lat' dir='ltr'><em>benefaciatis</em></span> <span class='ocrx_word' id='word_1_240' title='bbox 1367 1946 1419 1980; x_wconf 83' lang='lat' dir='ltr'><em>eis</em></span> <span class='ocrx_word' id='word_1_241' title='bbox 1464 1945 1510 1979; x_wconf 91' lang='lat' dir='ltr'><em>de</em></span> 
     </span>
     <span class='ocr_line' id='line_1_31' title="bbox 136 2001 1510 2051; baseline 0 -15"><span class='ocrx_word' id='word_1_242' title='bbox 136 2006 177 2037; x_wconf 75' lang='lat'><em>30</em></span> <span class='ocrx_word' id='word_1_243' title='bbox 193 2001 464 2049; x_wconf 84' lang='lat' dir='ltr'><em>corporalibus</em></span> <span class='ocrx_word' id='word_1_244' title='bbox 516 2001 655 2037; x_wconf 85' lang='lat' dir='ltr'><em>vestris</em></span> <span class='ocrx_word' id='word_1_245' title='bbox 707 2002 826 2047; x_wconf 79' lang='lat' dir='ltr'><em>bonis,</em></span> <span class='ocrx_word' id='word_1_246' title='bbox 878 2015 950 2038; x_wconf 85' lang='lat' dir='ltr'><em>non</em></span> <span class='ocrx_word' id='word_1_247' title='bbox 1004 2003 1050 2037; x_wconf 91' lang='lat' dir='ltr'><em>de</em></span> <span class='ocrx_word' id='word_1_248' title='bbox 1101 2003 1194 2038; x_wconf 87' lang='lat' dir='ltr'><em>meis</em></span> <span class='ocrx_word' id='word_1_249' title='bbox 1244 2002 1510 2051; x_wconf 81' lang='lat' dir='ltr'><em>spiritualibus</em></span> 
     </span>
     <span class='ocr_line' id='line_1_32' title="bbox 190 2059 1508 2108; baseline 0.001 -14"><span class='ocrx_word' id='word_1_250' title='bbox 190 2059 350 2107; x_wconf 85' lang='lat' dir='ltr'><em>passim,</em></span> <span class='ocrx_word' id='word_1_251' title='bbox 393 2059 571 2108; x_wconf 82' lang='lat' dir='ltr'><em>quoniam</em></span> <span class='ocrx_word' id='word_1_252' title='bbox 616 2059 652 2094; x_wconf 91' lang='lat' dir='ltr'><em>in</em></span> <span class='ocrx_word' id='word_1_253' title='bbox 697 2067 837 2095; x_wconf 87' lang='lat' dir='ltr'><em>natura</em></span> <span class='ocrx_word' id='word_1_254' title='bbox 879 2060 983 2095; x_wconf 81' lang='lat' dir='ltr'><em>vobis</em></span> <span class='ocrx_word' id='word_1_255' title='bbox 1022 2072 1241 2095; x_wconf 85' lang='lat' dir='ltr'><em>communes</em></span> <span class='ocrx_word' id='word_1_256' title='bbox 1279 2067 1367 2095; x_wconf 85' lang='lat' dir='ltr'><em>sunt</em></span> <span class='ocrx_word' id='word_1_257' title='bbox 1405 2066 1441 2095; x_wconf 90' lang='lat' dir='ltr'><em>et</em></span> <span class='ocrx_word' id='word_1_258' title='bbox 1473 2060 1508 2095; x_wconf 90' lang='lat' dir='ltr'><em>in</em></span> 
     </span>
     <span class='ocr_line' id='line_1_33' title="bbox 189 2116 1510 2165; baseline 0.002 -14"><span class='ocrx_word' id='word_1_259' title='bbox 189 2116 268 2165; x_wconf 85' lang='lat' dir='ltr'><em>fide</em></span> <span class='ocrx_word' id='word_1_260' title='bbox 311 2117 496 2152; x_wconf 81' lang='lat' dir='ltr'><em>mandavi</em></span> <span class='ocrx_word' id='word_1_261' title='bbox 538 2117 644 2152; x_wconf 74' lang='lat' dir='ltr'><em>vobis</em></span> <span class='ocrx_word' id='word_1_262' title='bbox 687 2125 729 2152; x_wconf 89' lang='lat' dir='ltr'><em>ut</em></span> <span class='ocrx_word' id='word_1_263' title='bbox 771 2130 844 2153; x_wconf 87' lang='lat' dir='ltr'><em>non</em></span> <span class='ocrx_word' id='word_1_264' title='bbox 889 2117 1063 2154; x_wconf 82' lang='lat' dir='ltr'><em>iudicetis</em></span> <span class='ocrx_word' id='word_1_265' title='bbox 1100 2130 1176 2163; x_wconf 92' lang='lat' dir='ltr'><em>eos,</em></span> <span class='ocrx_word' id='word_1_266' title='bbox 1222 2118 1287 2165; x_wconf 85' lang='lat' dir='ltr'><em>qui</em></span> <span class='ocrx_word' id='word_1_267' title='bbox 1323 2118 1358 2153; x_wconf 87' lang='lat' dir='ltr'><em>in</em></span> <span class='ocrx_word' id='word_1_268' title='bbox 1405 2118 1510 2153; x_wconf 76' lang='lat' dir='ltr'><em>vobis</em></span> 
     </span>
     <span class='ocr_line' id='line_1_34' title="bbox 191 2175 1508 2224; baseline 0 -14"><span class='ocrx_word' id='word_1_269' title='bbox 191 2181 461 2223; x_wconf 81' lang='lat' dir='ltr'><em>peccaverunt,</em></span> <span class='ocrx_word' id='word_1_270' title='bbox 500 2187 572 2210; x_wconf 89' lang='lat' dir='ltr'><em>non</em></span> <span class='ocrx_word' id='word_1_271' title='bbox 605 2182 645 2210; x_wconf 88' lang='lat' dir='ltr'><em>ut</em></span> <span class='ocrx_word' id='word_1_272' title='bbox 677 2175 979 2211; x_wconf 89' lang='lat' dir='ltr'><em>ministeriorum</em></span> <span class='ocrx_word' id='word_1_273' title='bbox 1020 2188 1194 2211; x_wconf 88' lang='lat' dir='ltr'><em>meorum</em></span> <span class='ocrx_word' id='word_1_274' title='bbox 1234 2183 1382 2211; x_wconf 90' lang='lat' dir='ltr'><em>secreta</em></span> <span class='ocrx_word' id='word_1_275' title='bbox 1410 2187 1508 2224; x_wconf 83' lang='lat' dir='ltr'><em>pan-</em></span> 
     </span>
     <span class='ocr_line' id='line_1_35' title="bbox 194 2232 1512 2282; baseline 0.001 -15"><span class='ocrx_word' id='word_1_276' title='bbox 194 2232 295 2268; x_wconf 89' lang='lat' dir='ltr'><em>datis</em></span> <span class='ocrx_word' id='word_1_277' title='bbox 326 2232 391 2279; x_wconf 84' lang='lat' dir='ltr'><em>eis,</em></span> <span class='ocrx_word' id='word_1_278' title='bbox 425 2232 489 2281; x_wconf 84' lang='lat' dir='ltr'><em>qui</em></span> <span class='ocrx_word' id='word_1_279' title='bbox 524 2232 694 2268; x_wconf 86' lang='lat' dir='ltr'><em>nolentes</em></span> <span class='ocrx_word' id='word_1_280' title='bbox 732 2245 791 2268; x_wconf 92' lang='lat' dir='ltr'><em>me</em></span> <span class='ocrx_word' id='word_1_281' title='bbox 827 2233 928 2269; x_wconf 88' lang='lat' dir='ltr'><em>scire</em></span> <span class='ocrx_word' id='word_1_282' title='bbox 960 2233 1228 2282; x_wconf 87' lang='lat' dir='ltr'><em>blasphemant</em></span> <span class='ocrx_word' id='word_1_283' title='bbox 1260 2240 1295 2269; x_wconf 90' lang='lat' dir='ltr'><em>et</em></span> <span class='ocrx_word' id='word_1_284' title='bbox 1325 2240 1512 2282; x_wconf 87' lang='lat' dir='ltr'><em>spernunt</em></span> 
     </span>
     <span class='ocr_line' id='line_1_36' title="bbox 138 2290 1510 2340; baseline -0.001 -13"><span class='ocrx_word' id='word_1_285' title='bbox 138 2293 176 2328; x_wconf 79' lang='lat'><em>35</em></span> <span class='ocrx_word' id='word_1_286' title='bbox 195 2302 266 2326; x_wconf 90' lang='lat' dir='ltr'><em>me.</em></span> <span class='ocrx_word' id='word_1_287' title='bbox 320 2290 450 2326; x_wconf 87' lang='lat' dir='ltr'><em>Videte</em></span> <span class='ocrx_word' id='word_1_288' title='bbox 482 2297 637 2339; x_wconf 90' lang='lat' dir='ltr'><em>patrem</em></span> <span class='ocrx_word' id='word_1_289' title='bbox 678 2298 847 2326; x_wconf 76' lang='lat' dir='ltr'><em>vestrum</em></span> <span class='ocrx_word' id='word_1_290' title='bbox 888 2291 1014 2326; x_wconf 84' lang='lat' dir='ltr'><em>Deum</em></span> <span class='ocrx_word' id='word_1_291' title='bbox 1054 2292 1105 2327; x_wconf 89' lang='lat' dir='ltr'><em>ad</em></span> <span class='ocrx_word' id='word_1_292' title='bbox 1143 2291 1249 2327; x_wconf 87' lang='lat' dir='ltr'><em>cuius</em></span> <span class='ocrx_word' id='word_1_293' title='bbox 1289 2291 1510 2340; x_wconf 76' lang='lat' dir='ltr'><em>exemplum</em></span> 
     </span>
     <span class='ocr_line' id='line_1_37' title="bbox 195 2348 1512 2399; baseline 0.001 -16"><span class='ocrx_word' id='word_1_294' title='bbox 195 2348 300 2384; x_wconf 80' lang='lat' dir='ltr'><em>volui</em></span> <span class='ocrx_word' id='word_1_295' title='bbox 330 2360 397 2384; x_wconf 76' lang='lat' dir='ltr'><em>vos</em></span> <span class='ocrx_word' id='word_1_296' title='bbox 435 2360 515 2384; x_wconf 89' lang='lat' dir='ltr'><em>esse</em></span> <span class='ocrx_word' id='word_1_297' title='bbox 553 2348 837 2385; x_wconf 88' lang='lat' dir='ltr'><em>misericordes.</em></span> <span class='ocrx_word' id='word_1_298' title='bbox 877 2348 1062 2384; x_wconf 86' lang='lat' dir='ltr'><em>Carnalia</em></span> <span class='ocrx_word' id='word_1_299' title='bbox 1101 2348 1280 2398; x_wconf 86' lang='lat' dir='ltr'><em>beneficia</em></span> <span class='ocrx_word' id='word_1_300' title='bbox 1315 2349 1445 2399; x_wconf 80' lang='lat' dir='ltr'><em>dignis</em></span> <span class='ocrx_word' id='word_1_301' title='bbox 1477 2357 1512 2385; x_wconf 91' lang='lat' dir='ltr'><em>et</em></span> 
     </span>
     <span class='ocr_line' id='line_1_38' title="bbox 194 2405 1512 2457; baseline 0.001 -16"><span class='ocrx_word' id='word_1_302' title='bbox 194 2418 267 2442; x_wconf 91' lang='lat' dir='ltr'><em>non</em></span> <span class='ocrx_word' id='word_1_303' title='bbox 291 2405 421 2455; x_wconf 78' lang='lat' dir='ltr'><em>dignis</em></span> <span class='ocrx_word' id='word_1_304' title='bbox 441 2406 621 2442; x_wconf 90' lang='lat' dir='ltr'><em>similiter</em></span> <span class='ocrx_word' id='word_1_305' title='bbox 636 2414 802 2455; x_wconf 88' lang='lat' dir='ltr'><em>prestat.</em></span> <span class='ocrx_word' id='word_1_306' title='bbox 828 2407 1027 2455; x_wconf 83' lang='lat' dir='ltr'><em>Numquid</em></span> <span class='ocrx_word' id='word_1_307' title='bbox 1042 2407 1221 2457; x_wconf 89' lang='lat' dir='ltr'><em>graciam</em></span> <span class='ocrx_word' id='word_1_308' title='bbox 1237 2407 1512 2456; x_wconf 82' lang='lat' dir='ltr'><em>spiritualem?</em></span> 
     </span>
     <span class='ocr_line' id='line_1_39' title="bbox 195 2463 1512 2514; baseline 0.001 -15"><span class='ocrx_word' id='word_1_309' title='bbox 195 2463 276 2499; x_wconf 92' lang='lat' dir='ltr'><em>Nec</em></span> <span class='ocrx_word' id='word_1_310' title='bbox 308 2463 405 2499; x_wconf 91' lang='lat' dir='ltr'><em>enim</em></span> <span class='ocrx_word' id='word_1_311' title='bbox 440 2464 526 2500; x_wconf 88' lang='lat' dir='ltr'><em>dixi</em></span> <span class='ocrx_word' id='word_1_312' title='bbox 558 2464 663 2500; x_wconf 81' lang='lat' dir='ltr'><em>vobis</em></span> <span class='ocrx_word' id='word_1_313' title='bbox 687 2465 734 2500; x_wconf 88' lang='lat' dir='ltr'><em>de</em></span> <span class='ocrx_word' id='word_1_314' title='bbox 765 2464 833 2500; x_wconf 90' lang='lat' dir='ltr'><em>illo</em></span> <span class='ocrx_word' id='word_1_315' title='bbox 865 2464 951 2513; x_wconf 83' lang='lat' dir='ltr'><em>quia</em></span> <span class='ocrx_word' id='word_1_316' title='bbox 983 2465 1172 2514; x_wconf 83' lang='lat' dir='ltr'><em>Spiritum</em></span> <span class='ocrx_word' id='word_1_317' title='bbox 1199 2465 1381 2500; x_wconf 87' lang='lat' dir='ltr'><em>Sanctum</em></span> <span class='ocrx_word' id='word_1_318' title='bbox 1413 2465 1512 2501; x_wconf 89' lang='lat' dir='ltr'><em>iubet</em></span> 
     </span>
     <span class='ocr_line' id='line_1_40' title="bbox 197 2521 1510 2573; baseline 0.001 -16"><span class='ocrx_word' id='word_1_319' title='bbox 197 2521 428 2557; x_wconf 86' lang='lat' dir='ltr'><em>descendere</em></span> <span class='ocrx_word' id='word_1_320' title='bbox 463 2534 583 2571; x_wconf 87' lang='lat' dir='ltr'><em>super</em></span> <span class='ocrx_word' id='word_1_321' title='bbox 618 2529 760 2571; x_wconf 88' lang='lat' dir='ltr'><em>gratos</em></span> <span class='ocrx_word' id='word_1_322' title='bbox 798 2529 833 2558; x_wconf 87' lang='lat' dir='ltr'><em>et</em></span> <span class='ocrx_word' id='word_1_323' title='bbox 870 2534 989 2571; x_wconf 87' lang='lat' dir='ltr'><em>super</em></span> <span class='ocrx_word' id='word_1_324' title='bbox 1020 2523 1200 2573; x_wconf 86' lang='lat' dir='ltr'><em>ingratos</em></span> <span class='ocrx_word' id='word_1_325' title='bbox 1238 2529 1272 2558; x_wconf 87' lang='lat' dir='ltr'><em>et</em></span> <span class='ocrx_word' id='word_1_326' title='bbox 1305 2523 1370 2558; x_wconf 86' lang='lat' dir='ltr'><em>dat</em></span> <span class='ocrx_word' id='word_1_327' title='bbox 1402 2523 1510 2559; x_wconf 86' lang='lat' dir='ltr'><em>bene-</em></span> 
     </span>
    </p>
   </div>
   <div class='ocr_carea' id='block_1_5' title="bbox 198 2690 1516 2795">
    <p class='ocr_par' dir='ltr' id='par_1_7' title="bbox 198 2690 1516 2795">
     <span class='ocr_line' id='line_1_41' title="bbox 268 2690 1516 2727; baseline 0.001 -10"><span class='ocrx_word' id='word_1_328' title='bbox 268 2698 288 2717; x_wconf 86' lang='lat'><em>1.</em></span> <span class='ocrx_word' id='word_1_329' title='bbox 310 2691 353 2717; x_wconf 89' lang='lat' dir='ltr'><em>A:</em></span> <span class='ocrx_word' id='word_1_330' title='bbox 376 2690 502 2726; x_wconf 82' lang='lat' dir='ltr'><em>deinpta</em></span> <span class='ocrx_word' id='word_1_331' title='bbox 523 2690 626 2717; x_wconf 71' lang='lat' dir='ltr'><em>betole</em></span> <span class='ocrx_word' id='word_1_332' title='bbox 646 2693 675 2717; x_wconf 86' lang='lat' dir='ltr'><em>et</em></span> <span class='ocrx_word' id='word_1_333' title='bbox 692 2698 758 2723; x_wconf 82' lang='lat' dir='ltr'><em>per.</em></span> <span class='ocrx_word' id='word_1_334' title='bbox 852 2699 892 2721; x_wconf 85' lang='lat'><em>10,</em></span> <span class='ocrx_word' id='word_1_335' title='bbox 915 2699 949 2718; x_wconf 87' lang='lat'><em>11</em></span> <span class='ocrx_word' id='word_1_336' title='bbox 972 2691 1009 2718; x_wconf 82' lang='lat' dir='ltr'><em>B:</em></span> <span class='ocrx_word' id='word_1_337' title='bbox 1032 2692 1062 2718; x_wconf 86' lang='lat' dir='ltr'><em>in</em></span> <span class='ocrx_word' id='word_1_338' title='bbox 1083 2691 1166 2726; x_wconf 84' lang='lat' dir='ltr'><em>ipsis.</em></span> <span class='ocrx_word' id='word_1_339' title='bbox 1260 2691 1298 2725; x_wconf 82' lang='lat'><em>15,</em></span> <span class='ocrx_word' id='word_1_340' title='bbox 1322 2693 1363 2718; x_wconf 72' lang='grc' dir='ltr'><em>ιδ.</em></span> <span class='ocrx_word' id='word_1_341' title='bbox 1385 2692 1429 2718; x_wconf 84' lang='grc' dir='ltr'><em>Α;</em></span> <span class='ocrx_word' id='word_1_342' title='bbox 1460 2691 1516 2727; x_wconf 85' lang='lat' dir='ltr'><em>qui</em></span> 
     </span>
     <span class='ocr_line' id='line_1_42' title="bbox 198 2711 1511 2759; baseline 0.002 -8"><span class='ocrx_word' id='word_1_343' title='bbox 198 2724 364 2752; x_wconf 82' lang='lat' dir='ltr'><em>honorant.</em></span> <span class='ocrx_word' id='word_1_344' title='bbox 474 2733 513 2759; x_wconf 89' lang='lat'><em>17.</em></span> <span class='ocrx_word' id='word_1_345' title='bbox 545 2726 591 2752; x_wconf 92' lang='lat' dir='ltr'><em>A:</em></span> <span class='ocrx_word' id='word_1_346' title='bbox 625 2726 799 2752; x_wconf 84' lang='lat' dir='ltr'><em>i&#39;nzuriatur</em></span> <span class='ocrx_word' id='word_1_347' title='bbox 826 2729 855 2753; x_wconf 87' lang='lat' dir='ltr'><em>et</em></span> <span class='ocrx_word' id='word_1_348' title='bbox 885 2711 1050 2753; x_wconf 62' lang='lat' dir='ltr'><em>Christum.</em></span> <span class='ocrx_word' id='word_1_349' title='bbox 1159 2725 1202 2753; x_wconf 85' lang='lat'><em>25.</em></span> <span class='ocrx_word' id='word_1_350' title='bbox 1236 2727 1282 2753; x_wconf 92' lang='lat' dir='ltr'><em>A:</em></span> <span class='ocrx_word' id='word_1_351' title='bbox 1316 2734 1377 2753; x_wconf 84' lang='lat' dir='ltr'><em>non</em></span> <span class='ocrx_word' id='word_1_352' title='bbox 1410 2727 1511 2753; x_wconf 82' lang='lat' dir='ltr'><em>talem.</em></span> 
     </span>
     <span class='ocr_line' id='line_1_43' title="bbox 199 2757 1311 2795; baseline 0.001 -9"><span class='ocrx_word' id='word_1_353' title='bbox 199 2757 242 2792; x_wconf 84' lang='lat'><em>32,</em></span> <span class='ocrx_word' id='word_1_354' title='bbox 263 2757 305 2786; x_wconf 96' lang='lat'><em>33.</em></span> <span class='ocrx_word' id='word_1_355' title='bbox 327 2761 372 2787; x_wconf 89' lang='lat' dir='ltr'><strong>A:</strong></span> <span class='ocrx_word' id='word_1_356' title='bbox 393 2760 535 2787; x_wconf 74' lang='lat' dir='ltr'><em>iudicetis</em></span> <span class='ocrx_word' id='word_1_357' title='bbox 553 2775 586 2779; x_wconf 88' lang='lat'><em>—-</em></span> <span class='ocrx_word' id='word_1_358' title='bbox 605 2763 726 2787; x_wconf 86' lang='lat' dir='ltr'><em>secreta</em></span> <span class='ocrx_word' id='word_1_359' title='bbox 747 2760 841 2787; x_wconf 81' lang='lat' dir='ltr'><em>deest.</em></span> <span class='ocrx_word' id='word_1_360' title='bbox 914 2759 957 2794; x_wconf 89' lang='lat'>33,</span> <span class='ocrx_word' id='word_1_361' title='bbox 979 2759 1027 2794; x_wconf 85' lang='lat'>34.</span> <span class='ocrx_word' id='word_1_362' title='bbox 1048 2761 1092 2787; x_wconf 91' lang='lat' dir='ltr'><em>A.</em></span> <span class='ocrx_word' id='word_1_363' title='bbox 1114 2760 1311 2795; x_wconf 73' lang='grc' dir='ltr'><em>ιιιιραηείαιιε.</em></span> 
     </span>
    </p>
   </div>
   <div class='ocr_carea' id='block_1_6' title="bbox 270 2831 791 2874">
    <p class='ocr_par' dir='ltr' id='par_1_8' title="bbox 270 2831 791 2874">
     <span class='ocr_line' id='line_1_44' title="bbox 270 2831 791 2874; baseline 0 -10"><span class='ocrx_word' id='word_1_364' title='bbox 270 2842 299 2873; x_wconf 92' lang='lat'><em>7.</em></span> <span class='ocrx_word' id='word_1_365' title='bbox 328 2832 395 2873; x_wconf 85' lang='lat' dir='ltr'><em>Op.</em></span> <span class='ocrx_word' id='word_1_366' title='bbox 423 2833 521 2873; x_wconf 68' lang='lat' dir='ltr'><em>Imp„</em></span> <span class='ocrx_word' id='word_1_367' title='bbox 550 2832 570 2863; x_wconf 93' lang='lat' dir='ltr'><em>l.</em></span> <span class='ocrx_word' id='word_1_368' title='bbox 599 2842 626 2863; x_wconf 91' lang='lat' dir='ltr'><em>c.</em></span> <span class='ocrx_word' id='word_1_369' title='bbox 654 2843 687 2874; x_wconf 87' lang='lat' dir='ltr'><em>p.</em></span> <span class='ocrx_word' id='word_1_370' title='bbox 713 2831 791 2864; x_wconf 87' lang='lat'>821.</span> 
     </span>
    </p>
   </div>
   <div class='ocr_carea' id='block_1_7' title="bbox 1713 209 1790 255">
    <p class='ocr_par' dir='ltr' id='par_1_9' title="bbox 1713 209 1790 255">
     <span class='ocr_line' id='line_1_45' title="bbox 1713 209 1790 255; baseline 0.013 -11"><span class='ocrx_word' id='word_1_371' title='bbox 1713 209 1790 255; x_wconf 80' lang='lat'><em>389</em></span> 
     </span>
    </p>
   </div>
   <div class='ocr_carea' id='block_1_8' title="bbox 1516 332 1793 467">
    <p class='ocr_par' dir='ltr' id='par_1_10' title="bbox 1516 332 1793 467">
     <span class='ocr_line' id='line_1_46' title="bbox 1575 332 1735 360; baseline -0.013 0"><span class='ocrx_word' id='word_1_372' title='bbox 1575 332 1735 360; x_wconf 76' lang='lat' dir='ltr'><em>&#39;sl-ausub-</em></span> 
     </span>
     <span class='ocr_line' id='line_1_47' title="bbox 1545 366 1771 395; baseline -0.013 0"><span class='ocrx_word' id='word_1_373' title='bbox 1545 367 1722 395; x_wconf 82' lang='lat' dir='ltr'><em>stantiation</em></span> <span class='ocrx_word' id='word_1_374' title='bbox 1745 366 1771 393; x_wconf 76' lang='lat' dir='ltr'><em>is</em></span> 
     </span>
     <span class='ocr_line' id='line_1_48' title="bbox 1516 401 1793 431; baseline -0.014 0"><span class='ocrx_word' id='word_1_375' title='bbox 1516 404 1565 431; x_wconf 85' lang='lat' dir='ltr'><em>the</em></span> <span class='ocrx_word' id='word_1_376' title='bbox 1580 401 1793 430; x_wconf 78' lang='lat' dir='ltr'><em>abomination</em></span> 
     </span>
     <span class='ocr_line' id='line_1_49' title="bbox 1533 437 1766 467; baseline -0.021 0"><span class='ocrx_word' id='word_1_377' title='bbox 1533 440 1568 467; x_wconf 85' lang='lat' dir='ltr'><em>of</em></span> <span class='ocrx_word' id='word_1_378' title='bbox 1585 437 1766 466; x_wconf 78' lang='lat' dir='ltr'><em>desolation.</em></span> 
     </span>
    </p>
   </div>
   <div class='ocr_carea' id='block_1_9' title="bbox 1518 685 1795 966">
    <p class='ocr_par' dir='ltr' id='par_1_11' title="bbox 1518 685 1795 966">
     <span class='ocr_line' id='line_1_50' title="bbox 1545 685 1767 719; baseline -0.02 -7"><span class='ocrx_word' id='word_1_379' title='bbox 1545 685 1627 719; x_wconf 81' lang='lat' dir='ltr'><em>Chry</em></span> <span class='ocrx_word' id='word_1_380' title='bbox 1633 687 1767 711; x_wconf 62' lang='lat' dir='ltr'><em>sostom:</em></span> 
     </span>
     <span class='ocr_line' id='line_1_51' title="bbox 1547 717 1761 749; baseline -0.009 0"><span class='ocrx_word' id='word_1_381' title='bbox 1547 720 1651 749; x_wconf 77' lang='lat' dir='ltr'><em>Christ</em></span> <span class='ocrx_word' id='word_1_382' title='bbox 1671 717 1761 744; x_wconf 84' lang='lat' dir='ltr'><em>while</em></span> 
     </span>
     <span class='ocr_line' id='line_1_52' title="bbox 1533 752 1778 790; baseline -0.016 -6"><span class='ocrx_word' id='word_1_383' title='bbox 1533 755 1661 790; x_wconf 84' lang='lat' dir='ltr'><em>bidding</em></span> <span class='ocrx_word' id='word_1_384' title='bbox 1682 761 1717 780; x_wconf 83' lang='lat' dir='ltr'><em>us</em></span> <span class='ocrx_word' id='word_1_385' title='bbox 1738 752 1778 778; x_wconf 89' lang='lat' dir='ltr'><em>do</em></span> 
     </span>
     <span class='ocr_line' id='line_1_53' title="bbox 1552 790 1762 830; baseline -0.019 -13"><span class='ocrx_word' id='word_1_386' title='bbox 1552 790 1632 830; x_wconf 85' lang='lat' dir='ltr'><em>good</em></span> <span class='ocrx_word' id='word_1_387' title='bbox 1653 793 1683 816; x_wconf 89' lang='lat' dir='ltr'><em>to</em></span> <span class='ocrx_word' id='word_1_388' title='bbox 1704 795 1762 814; x_wconf 82' lang='lat' dir='ltr'><em>our</em></span> 
     </span>
     <span class='ocr_line' id='line_1_54' title="bbox 1529 830 1787 854; baseline -0.008 0"><span class='ocrx_word' id='word_1_389' title='bbox 1529 833 1664 854; x_wconf 80' lang='lat' dir='ltr'><em>enemles</em></span> <span class='ocrx_word' id='word_1_390' title='bbox 1683 830 1787 849; x_wconf 75' lang='lat' dir='ltr'>walns</span> 
     </span>
     <span class='ocr_line' id='line_1_55' title="bbox 1570 858 1747 896; baseline -0.017 -9"><span class='ocrx_word' id='word_1_391' title='bbox 1570 870 1606 888; x_wconf 87' lang='lat' dir='ltr'><em>us</em></span> <span class='ocrx_word' id='word_1_392' title='bbox 1627 858 1747 896; x_wconf 81' lang='lat' dir='ltr'><em>against</em></span> 
     </span>
     <span class='ocr_line' id='line_1_56' title="bbox 1547 895 1770 931; baseline -0.022 -8"><span class='ocrx_word' id='word_1_393' title='bbox 1547 895 1721 931; x_wconf 55' lang='lat' dir='ltr'><em>lavishness</em></span> <span class='ocrx_word' id='word_1_394' title='bbox 1741 900 1770 919; x_wconf 84' lang='lat' dir='ltr'><em>m</em></span> 
     </span>
     <span class='ocr_line' id='line_1_57' title="bbox 1518 929 1795 966; baseline -0.025 -7"><span class='ocrx_word' id='word_1_395' title='bbox 1518 931 1658 966; x_wconf 83' lang='lat' dir='ltr'><em>spiritual</em></span> <span class='ocrx_word' id='word_1_396' title='bbox 1679 929 1795 962; x_wconf 82' lang='lat' dir='ltr'><em>thmgs.</em></span> 
     </span>
    </p>
   </div>
  </div>
 </body>
</html>
