2003 3322
207 199 296 226 CAP.
317 189 398 243 mn]
705 201 845 231 PRIMA
874 200 999 231 PARS.

210 319 314 342 rare.
361 307 447 342 Nisi
474 307 589 354 forte
626 306 677 341 ita
706 306 841 355 pocius
881 306 1192 355 distinguendmn
1232 312 1299 347 est,
1340 312 1377 339 nt
1411 305 1522 353 prius

208 364 308 412 quod
339 364 506 412 positum
553 372 607 399 est
651 364 696 399 de
740 363 904 399 maxilla
932 375 1135 412 percussa,
1169 363 1296 398 omnia
1334 362 1523 411 significet

208 434 278 470 que
308 422 362 457 sic
394 422 627 472 ingeruntur
659 422 704 456 ab
738 421 922 470 improbis
953 429 992 456 ut
1015 421 1166 456 restitui
1187 433 1259 456 non
1278 420 1429 469 possint
1452 420 1524 455 nisi

210 480 395 515 vindicta:
426 480 634 515 secundum
658 480 760 528 quod
778 479 946 527 positum
971 486 1026 514 est
1061 479 1106 514 de
1139 478 1361 514 vestimento
1395 478 1522 513 omnia

174 537 397 588 5significet
428 550 499 586 que
526 545 688 586 possunt
720 537 870 573 restitui
904 537 983 572 sine
1016 537 1192 572 vindicta.
1229 536 1280 571 Et
1312 536 1395 571 ideo
1409 536 1524 583 forte

208 596 381 630 additum
421 603 495 631 est:
552 595 628 639 Qui
665 595 829 630 voluerit
867 602 989 630 tecum
1029 594 1064 629 in
1103 594 1240 629 iudicio
1281 593 1522 638 contendere,

207 653 292 701 quia
316 653 418 701 quod
433 666 508 702 per
530 653 709 688 iudicium
734 653 929 700 aufertur,
960 665 1031 687 non
1056 664 1098 687 ea
1123 652 1161 687 vi
1176 659 1343 701 putatur
1371 651 1525 699 auferri

207 711 268 747 cui
299 711 466 747 vindicta
499 711 695 748 debeatur.

271 769 447 804 Tercium
481 780 571 804 vero
616 780 666 804 ex
705 775 865 816 utroque
909 768 1125 815 confectum
1170 767 1230 814 sit,
1279 774 1319 802 ut
1366 774 1401 802 et
1444 767 1524 802 sine

153 826 376 862 mvindicta
408 833 443 862 et
475 839 559 862 cum
594 826 762 861 vindicta
790 825 914 874 possit
947 825 1106 861 restitui.
1153 825 1331 873 Namque
1363 837 1521 873 operam

208 884 416 921 indebitam
458 884 643 920 violenter
680 883 843 933 exigere
879 884 959 919 sine
1003 883 1080 919 ullo
1119 883 1257 918 iudicio
1295 882 1392 918 sicut
1419 882 1525 930 facit

207 942 270 990 qui
300 942 485 992 angariat
518 942 707 977 lzominem
741 941 913 990 improbe
935 949 971 977 et
993 941 1098 991 cogit
1124 953 1164 976 se
1193 940 1323 976 illicite
1345 940 1527 975 adiuvari

207 1000 253 1035 ab
286 1000 436 1035 inimico
470 1007 504 1035 et
531 1011 672 1049 penam
706 999 963 1048 improbitatis
989 1006 1119 1047 potest
1158 999 1264 1034 luere
1295 1006 1330 1034 et
1363 1010 1522 1047 operam

208 1058 385 1105 reddere,
417 1058 451 1093 si
481 1058 577 1093 lzanc
610 1058 673 1093 ille
700 1064 851 1105 repetat
873 1057 937 1105 qui
956 1057 1173 1105 improbum
1193 1057 1366 1105 pertulit.
1402 1057 1443 1091 In
1467 1056 1525 1091 lzis

153 1115 329 1165 15igitur
380 1116 552 1151 omnibus
602 1115 810 1165 generibus
870 1115 1100 1150 iniuriarum
1166 1114 1355 1150 Dominus
1417 1115 1525 1149 docet

202 1173 529 1222 pacientissimmn
554 1180 587 1208 et
606 1172 1010 1208 misericordissimum
1035 1180 1071 1208 et
1094 1172 1272 1221 adplura
1284 1173 1523 1220 perferenda

83 1231 164 1273 376a
203 1232 357 1280 paratis
385 1228 388 1283 Ι
417 1231 555 1267 simum
589 1231 757 1266 animum
793 1231 996 1266 christiani
1026 1243 1107 1266 esse
1140 1237 1333 1279 oportere.

267 1290 343 1324 Sed
374 1289 554 1337 quoniam
578 1301 721 1337 parum
756 1296 810 1324 est
843 1301 915 1324 non
949 1301 1086 1325 nocere
1117 1288 1189 1323 nisi
1220 1288 1338 1323 eciam
1369 1295 1522 1336 prestes

207 1346 427 1396 beneficium
468 1347 657 1396 indigenti
688 1346 917 1382 adversario
956 1353 1019 1382 tuo
1054 1353 1234 1394 quantum
1271 1353 1395 1394 potes,
1434 1358 1521 1381 con-

152 1414 192 1435 20
206 1412 407 1454 sequenter
432 1405 610 1454 adiungit
642 1412 676 1439 et
704 1404 814 1440 a'icit:
853 1404 967 1440 Omni
986 1404 1143 1453 petenti,
1176 1404 1306 1452 inquit,
1340 1411 1376 1439 te
1408 1404 1456 1438 da
1490 1411 1524 1438 et

206 1462 271 1511 qui
314 1463 477 1498 voluerit
516 1476 537 1498 a
577 1470 613 1497 te
652 1462 834 1507 mutuari,
885 1474 929 1497 ne
967 1469 1170 1498 aversatus
1203 1462 1348 1510 fueris.
1412 1461 1526 1496 Omni

202 1520 358 1569 petenti,
393 1520 525 1569 inquit,
558 1533 630 1556 non
654 1520 779 1555 omnia
799 1520 963 1568 petenti:
996 1527 1034 1555 ut
1059 1520 1233 1555 videlicet
1266 1519 1305 1554 id
1338 1520 1403 1554 des
1426 1519 1527 1567 quod

209 1578 305 1614 dare
337 1579 492 1614 honeste
524 1586 559 1613 et
590 1578 685 1614 iuste
711 1585 835 1627 potes.
876 1578 979 1621 Quid
1010 1578 1108 1613 enim
1131 1577 1165 1612 si
1180 1577 1383 1626 pecuniam
1403 1584 1525 1625 petat,

206 1648 281 1684 qua
333 1636 567 1672 innocentem
613 1643 772 1671 conetur
810 1636 1061 1684 opprimere?
1111 1635 1214 1679 Quid
1257 1635 1290 1670 si
1327 1642 1526 1683 postremo

151 1693 383 1742 25stuprum
412 1694 549 1743 petat?
594 1694 670 1729 Sed
708 1706 752 1729 ne
790 1694 910 1729 multa
938 1706 1159 1742 prosequar
1192 1705 1260 1741 que
1294 1701 1381 1728 sunt
1420 1693 1526 1728 innn—

208 1752 421 1798 merabilia‚
465 1752 504 1787 id
543 1752 725 1801 profecto
771 1752 939 1787 dandum
993 1759 1049 1787 est
1096 1752 1198 1800 quod
1251 1763 1317 1787 nec
1354 1751 1422 1786 tibi
1462 1763 1528 1786 nec

208 1810 324 1845 alteri
355 1817 501 1857 noceat,
545 1817 728 1859 quantum
765 1810 860 1845 sciri
889 1817 956 1845 aut
987 1809 1097 1845 credi
1128 1809 1173 1844 ab
1207 1809 1359 1844 lzomine
1385 1815 1524 1857 potest.

208 1867 262 1902 Et
293 1867 390 1903 enim
429 1868 525 1903 iuste
563 1867 770 1918 negaveris
807 1868 910 1916 quod
948 1867 1056 1916 petit,
1103 1867 1309 1902 indicanda
1349 1874 1405 1902 est
1442 1867 1525 1915 ipsa

208 1925 369 1972 iusticia,
403 1933 443 1961 ut
474 1938 546 1961 non
579 1938 662 1961 eum
696 1925 845 1961 inanem
880 1925 1062 1960 dimittas.
1098 1926 1156 1960 Ita
1190 1925 1294 1960 omni
1315 1924 1462 1973 petenti
1492 1932 1527 1959 te

153 1982 194 2014 30
210 1983 330 2029 dabis,
357 1984 531 2031 quamvis
554 1996 627 2019 non
649 1995 803 2032 semper
825 1983 865 2018 id
886 1983 988 2031 quod
1005 1983 1105 2032 petis
1129 1982 1237 2018 dabis
1260 1990 1295 2018 et
1318 1982 1525 2031 aliquando

209 2041 342 2076 melius
365 2041 510 2089 aliquid
533 2041 654 2087 dabis,
689 2054 773 2077 cum
792 2048 984 2090 petentem
1007 2041 1146 2076 iniusta
1171 2040 1409 2078 correxeris.

272 2099 386 2142 Quod
408 2107 534 2135 autem
559 2099 631 2134 ait:
670 2099 746 2142 Qui
767 2099 934 2135 voluerit
960 2111 982 2134 a
1005 2106 1040 2134 te
1063 2097 1234 2134 mutuari
1256 2111 1300 2134 ne
1322 2105 1528 2134 aversatus

197 2156 343 2204 fueris,
378 2157 428 2192 ad
457 2157 625 2192 animum
651 2158 898 2204 referendum
923 2164 988 2192 est.
1024 2157 1203 2192 Hilarem
1227 2156 1324 2192 enim
1349 2156 1525 2191 datorem

209 2214 337 2264 diligit
369 2215 487 2250 Deus.
526 2214 733 2250 Mutuatur
764 2222 891 2250 autem
924 2214 1046 2250 omnis
1078 2214 1141 2262 qui
1179 2214 1327 2263 accipit,
1372 2213 1529 2249 eciamsi

152 2270 281 2307 3511011
325 2272 398 2321 ipsi
438 2273 637 2308 soluturus
670 2279 742 2316 est;
785 2285 869 2308 cum
917 2272 1014 2307 enim
1060 2272 1374 2307 misericordibus
1419 2272 1525 2306 Deus

204 2330 323 2378 plura
362 2330 552 2376 restituat,
598 2331 720 2366 omnis
764 2331 827 2378 qui
864 2330 1082 2379 beneficium
1124 2337 1278 2378 prestat
1299 2330 1524 2378 feneratur.

266 2387 341 2423 Aut
377 2388 412 2424 si
450 2400 522 2424 non
550 2388 681 2437 placet
719 2388 893 2436 accipere
938 2394 1173 2423 mutuantem
1223 2387 1295 2423 nisi
1337 2400 1420 2423 eum
1464 2386 1529 2435 qui

209 2445 360 2494 accipit,
406 2446 631 2481 redditurus
676 2446 969 2495 intelligendum
1004 2453 1059 2481 est
1091 2446 1301 2481 Dominum
1336 2445 1418 2494 ipsa
1453 2445 1526 2479 duo

208 2515 355 2552 genera
383 2503 590 2552 prestandi
620 2515 700 2540 esse
731 2504 989 2552 complexum.
1032 2504 1209 2552 Namque
1241 2510 1307 2538 aut
1340 2504 1528 2539 donamus

282 2704 310 2730 9.
332 2696 360 2722 A
380 2697 410 2723 in
433 2704 546 2731 marga
566 2704 599 2730 3.
674 2704 708 2722 11.
730 2697 774 2722 A:
795 2695 952 2730 sedfacit.
1027 2703 1065 2722 12.
1083 2696 1120 2722 13:
1137 2695 1301 2722 adiurari.
1377 2694 1413 2722 13.
1429 2696 1471 2722 A:
1489 2696 1527 2722 ab

213 2731 318 2758 inicio.
393 2738 433 2764 Ιι..
456 2732 499 2758 A:
523 2730 574 2757 ille
594 2733 725 2765 repetat.
800 2729 845 2763 34.
867 2730 904 2757 ss:
928 2730 1012 2757 Dens
1034 2730 1126 2757 deest.

284 2824 337 2845 20.
363 2814 481 2845 Matth.
508 2815 549 2854 V,
575 2824 631 2855 42.
733 2815 785 2855 34.
813 2814 850 2845 ΙΙ.
879 2814 959 2845 Cor.
989 2814 1041 2853 IX,
1069 2824 1100 2855 7.

1731 202 1750 226 ω

1758 203 1780 226 0

1789 190 1805 225 υ)

1572 1295 1621 1321 ΑΗ
1645 1295 1679 1321 of
1696 1295 1778 1321 them

1548 1333 1631 1355 must
1653 1330 1687 1355 bc
1709 1330 1803 1355 borne

1600 1365 1755 1400 patiently.
