2003 3322
180 229 260 265 294
888 223 1006 254 opus
1031 222 1366 254 EVANGELICUM
1564 210 1670 264 [CAP.
1697 218 1780 246 xiv.

470 343 613 379 penam
648 329 923 378 pecuniariam
957 329 1032 365 nisi
1066 329 1141 377 ipsi
1174 329 1353 377 episcopi
1377 328 1628 365 reddiderint
1652 328 1781 365 maius

470 389 647 425 debitum
694 387 770 435 legi
804 387 897 433 Dei3
946 400 1026 423 non
1065 395 1200 423 tamen
1240 387 1453 423 intendunt
1495 385 1691 434 extirpare
1732 388 1780 422 ab

469 447 523 483 eis
563 458 708 494 penam
749 445 871 481 seculi
911 446 971 481 vel
1012 445 1155 481 inferni
1189 446 1257 481 sed
1292 444 1504 481 intendunt
1537 446 1632 480 dare
1665 456 1779 480 occa-

470 505 637 550 sionem,
683 512 727 539 ut
767 505 817 540 ad
851 515 965 539 suum
1003 502 1190 539 meritum
1226 503 1428 540 exsolvant
1462 502 1641 538 debitum
1675 502 1783 550 quod

471 563 526 599 sic
560 564 715 598 debent.
751 563 800 597 Et
833 574 922 597 cum
956 561 1025 597 tali
1057 560 1332 597 moderamine
1355 561 1511 597 videtur
1535 559 1816 608 Augustinus5

472 620 603 657 dicere
643 620 750 668 quod
789 618 967 655 debitum
1008 619 1179 667 pecunie
1220 627 1277 655 est
1316 620 1540 655 secundum
1574 619 1680 666 leges
1714 618 1784 654 ho-

474 678 625 714 minum
662 677 912 724 exigendum.

198 744 302 783 Hence
323 743 344 770 it
364 750 435 777 may
531 738 579 771 Et
613 734 859 771 sentenciam
894 734 1011 770 istam
1047 735 1271 771 recolerent
1303 734 1430 771 nostri
1455 746 1570 782 pape,
1607 733 1784 782 episcopi

181 779 368 841 ἓθηξζῇὴξᾶῗ
383 778 458 839 {fef
473 794 532 829 vel
566 793 699 830 clerici
740 793 1040 838 contendentes,
1075 793 1169 840 quia
1202 801 1369 841 pensata
1402 793 1487 840 lege
1517 791 1679 829 Domini
1712 804 1785 828 nec

246 849 389 876 benefice.
473 864 574 887 unus
607 864 712 899 papa
746 851 957 887 excludens
990 849 1189 898 reliquum
1224 852 1271 887 de
1304 850 1480 899 prelacia
1513 863 1633 898 quam
1669 849 1786 897 exigit
1806 861 1843 882 10

473 922 545 946 nec
585 922 687 945 unus
728 908 895 945 clericus
936 909 1147 944 excludens
1181 908 1379 957 reliquum
1414 910 1461 944 de
1494 907 1691 945 beneficio
1725 920 1786 944 ec-

473 967 697 1004 clesiastico
731 968 840 1015 quod
864 967 1045 1014 adoptat,
1080 966 1174 1003 facit
1199 966 1239 1002 in
1263 968 1337 1003 hoc
1361 966 1434 1003 sibi
1458 966 1660 1013 iniuriam,
1695 978 1785 1002 cum

472 1026 522 1061 sit
555 1025 595 1061 in
629 1026 704 1061 hoc
735 1024 832 1072 legis
868 1024 939 1060 Dei
973 1024 1223 1061 adversarius
1258 1034 1295 1061 et
1326 1037 1398 1073 per
1428 1036 1680 1073 consequens
1713 1023 1787 1060 sibi

474 1085 521 1119 de
554 1084 639 1131 lege
672 1082 836 1119 Domini
870 1095 951 1118 non
985 1084 1164 1119 debetur.

531 1143 586 1177 Ex
630 1154 710 1189 quo
758 1140 1001 1177 convincunt
1045 1140 1209 1189 quidam
1254 1140 1420 1176 ulterius
1466 1140 1572 1188 quod
1619 1139 1844 1187 uterque15

474 1212 591 1247 papa,
633 1212 722 1235 cum
757 1207 915 1235 tantum
950 1211 991 1234 se
1024 1198 1146 1246 gratis
1179 1198 1330 1247 obligat
1361 1198 1528 1246 singulis
1562 1197 1788 1234 christianis

475 1258 582 1305 quod
615 1256 664 1293 sit
694 1269 833 1293 servus
865 1269 1069 1292 servorum
1094 1256 1171 1292 Dei
1192 1265 1228 1292 et
1253 1269 1323 1304 per
1347 1268 1596 1305 consequens
1626 1255 1789 1292 racione

477 1314 639 1351 maioris
673 1313 898 1351 carismatis
931 1314 1080 1362 recepti
1116 1327 1137 1350 a
1160 1314 1350 1361 Domino,
1385 1323 1428 1350 ut
1454 1314 1579 1362 magis
1603 1313 1789 1362 proficiat

475 1373 642 1410 ecclesie
691 1372 894 1417 militanti,
940 1372 1109 1409 incurrit
1149 1372 1277 1409 maius
1318 1372 1497 1409 debiturn
1540 1373 1673 1420 quoad
1715 1371 1788 1407 Dei

476 1431 600 1467 nostri
647 1430 841 1467 iudicium
887 1432 961 1467 hoc
1007 1431 1209 1468 omittens
1265 1431 1332 1467 Ille
1380 1443 1474 1478 ergo
1521 1430 1589 1479 qui
1631 1438 1690 1466 est
1730 1429 1788 1465 in-
1805 1439 1846 1460 20

476 1489 692 1537 dispositus
737 1488 794 1525 sic
833 1488 965 1525 dicere
1004 1488 1237 1525 oracionem
1278 1488 1525 1525 dominicam
1573 1497 1631 1525 est
1670 1487 1788 1524 nimis

477 1546 739 1595 indispositus
792 1546 928 1583 iuvare
981 1559 1073 1583 suos
1126 1546 1308 1583 subditos
1362 1548 1409 1583 de
1462 1546 1541 1583 alio
1586 1545 1789 1583 adiutorio

478 1604 691 1653 spirituali.
727 1605 845 1641 Tales
879 1604 1014 1652 itaque
1049 1604 1275 1641 evidencias
1310 1606 1454 1641 debent
1487 1604 1636 1640 subditi
1660 1605 1790 1640 facere

478 1663 558 1699 suis
602 1662 766 1711 prelatis
811 1662 1029 1708 humiliter,
1075 1671 1118 1698 ut
1160 1664 1220 1699 vel
1265 1662 1321 1699 sic
1360 1662 1583 1710 cogitantes
1622 1663 1669 1698 de
1708 1663 1791 1709 lege

188 1729 247 1758 We
268 1729 379 1757 should
402 1729 457 1756 call
480 1720 642 1756 Domini
676 1729 758 1756 tam
792 1720 866 1756 sibi
899 1720 993 1768 ipsis
1018 1721 1270 1757 benefaciant
1293 1733 1414 1769 quam
1446 1720 1654 1768 subiectis;
1686 1729 1722 1756 et
1745 1721 1792 1755 de
1809 1718 1848 1750 25

205 1765 448 1827 ξξῖζῃῇᾞᾶἑῇἰ
480 1779 556 1815 isto
590 1777 788 1826 spirituali
823 1778 958 1814 debito
993 1780 1137 1815 debent
1172 1779 1307 1815 fideles
1341 1787 1378 1814 et
1408 1778 1542 1814 clerici
1566 1777 1793 1827 specialiter

267 1835 396 1862 service.
481 1837 611 1873 facere
636 1836 890 1872 mencionem
916 1845 953 1872 et
976 1845 1056 1872 tam
1083 1836 1123 1872 in
1147 1836 1498 1884 predicacionibus
1524 1849 1644 1884 quam
1665 1836 1791 1872 eciam

481 1894 521 1931 in
554 1894 634 1930 suis
668 1893 927 1931 oracionibus
961 1894 1211 1931 effectualem
1246 1907 1491 1941 sermonem,
1537 1903 1579 1931 ut
1614 1894 1792 1930 militans

482 1952 649 1989 ecclesia
699 1952 935 2000 corrigatur,
998 1953 1092 2001 quia
1139 1962 1293 1989 tantum
1340 1961 1398 1989 est
1445 1952 1611 1989 ecclesia
1657 1952 1794 1988 dedita

482 2010 744 2047 mortificanti
783 2010 954 2058 pecunie
996 2012 1104 2059 quod
1137 2024 1218 2047 non
1251 2012 1451 2059 ponderat
1485 2010 1649 2059 aliquod
1685 2010 1792 2046 debi-
1812 2009 1853 2040 30

480 2078 563 2104 tum
607 2077 741 2116 preter
780 2068 901 2114 illud3
948 2078 985 2105 et
1024 2069 1240 2117 utrobique
1282 2070 1338 2105 lex
1379 2068 1541 2104 Domini
1580 2067 1795 2105 infideliter

481 2135 539 2162 est
573 2126 765 2172 extincta;
800 2128 849 2162 ad
884 2135 1041 2162 tantum
1076 2127 1180 2163 enim
1216 2126 1365 2163 cecavit
1397 2126 1577 2174 sophista
1611 2127 1795 2162 diabolus

482 2184 698 2220 militantes
737 2196 827 2220 cum
868 2184 1197 2221 excusacionibus
1231 2185 1271 2220 in
1308 2184 1481 2232 peccatis
1515 2186 1623 2233 quod
1658 2184 1795 2220 dicunt

481 2255 522 2278 se
554 2255 777 2291 numquam
812 2242 1005 2290 placitare
1036 2256 1109 2290 pro
1134 2242 1269 2279 debito
1293 2243 1509 2290 temporali
1534 2242 1608 2278 nisi
1633 2243 1795 2291 quando

482 2300 675 2348 placitant
708 2313 780 2348 pro
815 2302 920 2337 bono
955 2309 991 2337 et
1015 2300 1214 2348 spirituali
1238 2300 1439 2337 iuvamine
1464 2300 1667 2346 debitoris,
1703 2297 1851 2348 quia-35

482 2367 525 2394 ut
570 2360 677 2406 apud
712 2360 839 2394 Deum
889 2360 937 2395 de
978 2358 1113 2394 debito
1153 2367 1375 2395 excusetur.
1430 2360 1508 2395 Sed
1548 2367 1677 2394 totum
1720 2359 1795 2394 hoc

482 2416 689 2463 sophisma
723 2425 780 2452 est
813 2417 931 2464 plana
966 2416 1099 2453 illusio
1131 2416 1233 2452 sicut
1276 2416 1528 2452 mendacium
1577 2429 1657 2465 quo
1698 2429 1796 2464 pug—

484 2482 625 2510 nantes
678 2474 833 2522 fingunt
887 2487 927 2510 se
973 2483 1138 2522 propter
1183 2476 1332 2510 bonum
1383 2474 1571 2520 hostium,
1620 2473 1715 2522 quia
1754 2481 1797 2509 ut

484 2533 678 2568 reducant
712 2531 819 2580 ipsos
849 2534 898 2568 ad
922 2532 1192 2568 humilitatem
1228 2541 1264 2568 et
1297 2532 1599 2569 observanciam
1628 2531 1796 2578 iusticie,

484 2590 539 2626 sic
578 2602 770 2638 pugnare.
820 2591 983 2626 Certum
1025 2590 1189 2639 quidem
1224 2599 1281 2627 est
1315 2592 1423 2638 quod
1457 2599 1640 2626 scrutans
1674 2590 1797 2626 corda
1811 2596 1856 2627 40

554 2784 579 2802 2.
614 2776 650 2802 ss:
684 2776 756 2810 lege
782 2775 851 2802 wei.
959 2777 986 2802 o.
1010 2777 1053 2803 A:
1081 2784 1141 2802 non
1163 2779 1207 2802 est
1226 2777 1402 2802 secundum.
1513 2784 1554 2806 to.
1583 2776 1620 2803 B:
1643 2774 1747 2803 inanis
1766 2788 1798 2799 τ-

486 2811 596 2837 inanis.
706 2819 746 2844 ις),
780 2818 826 2836 20.
861 2811 904 2837 A:
939 2811 1023 2845 quod
1053 2811 1221 2837 domimum
1255 2811 1412 2837 iudicium.
1522 2808 1567 2837 213.
1602 2812 1645 2838 A:
1680 2811 1797 2837 delveto.

485 2845 530 2871 28.
552 2846 595 2871 A:
616 2844 819 2880 affectualem.
