<?xml version="1.0" encoding="UTF-8"?>
<!DOCTYPE html PUBLIC "-//W3C//DTD XHTML 1.0 Transitional//EN"
    "http://www.w3.org/TR/xhtml1/DTD/xhtml1-transitional.dtd">
<html xmlns="http://www.w3.org/1999/xhtml" xml:lang="en" lang="en">
 <head>
  <title>
</title>
<meta http-equiv="Content-Type" content="text/html;charset=utf-8" />
  <meta name='ocr-system' content='tesseract 3.04.00' />
  <meta name='ocr-capabilities' content='ocr_page ocr_carea ocr_par ocr_line ocrx_word'/>
</head>
<body>
  <div class='ocr_page' id='page_1' title='image "./opusevangelicum12wycl_0316.png"; bbox 0 0 2003 3322; ppageno 0'>
   <div class='ocr_carea' id='block_1_1' title="bbox 162 220 236 255">
    <p class='ocr_par' dir='ltr' id='par_1_1' title="bbox 162 220 236 255">
     <span class='ocr_line' id='line_1_1' title="bbox 162 220 236 255; baseline 0.014 -1"><span class='ocrx_word' id='word_1_1' title='bbox 162 220 236 255; x_wconf 80' lang='lat'><em>306</em></span> 
     </span>
    </p>
   </div>
   <div class='ocr_carea' id='block_1_2' title="bbox 855 216 1758 269">
    <p class='ocr_par' dir='ltr' id='par_1_2' title="bbox 855 216 1758 269">
     <span class='ocr_line' id='line_1_2' title="bbox 855 216 1758 269; baseline -0.009 -10"><span class='ocrx_word' id='word_1_2' title='bbox 855 228 973 259; x_wconf 83' lang='lat' dir='ltr'>OPUS</span> <span class='ocrx_word' id='word_1_3' title='bbox 998 227 1333 258; x_wconf 80' lang='lat' dir='ltr'><strong>EVANGELICUM</strong></span> <span class='ocrx_word' id='word_1_4' title='bbox 1536 216 1642 269; x_wconf 73' lang='lat' dir='ltr'><strong>[CAP.</strong></span> <span class='ocrx_word' id='word_1_5' title='bbox 1662 225 1758 252; x_wconf 89' lang='lat' dir='ltr'>XVII.</span> 
     </span>
    </p>
   </div>
   <div class='ocr_carea' id='block_1_3' title="bbox 437 333 1820 2518">
    <p class='ocr_par' dir='ltr' id='par_1_3' title="bbox 437 333 1820 2518">
     <span class='ocr_line' id='line_1_3' title="bbox 445 333 1759 382; baseline 0.001 -14"><span class='ocrx_word' id='word_1_6' title='bbox 445 335 600 369; x_wconf 87' lang='lat' dir='ltr'><em>cordem</em></span> <span class='ocrx_word' id='word_1_7' title='bbox 642 334 896 375; x_wconf 76' lang='lat' dir='ltr'><em>laudabimus,</em></span> <span class='ocrx_word' id='word_1_8' title='bbox 931 333 1077 368; x_wconf 76' lang='lat' dir='ltr'><em>dicente</em></span> <span class='ocrx_word' id='word_1_9' title='bbox 1109 333 1196 367; x_wconf 85' lang='lat' dir='ltr'><em>illo:</em></span> <span class='ocrx_word' id='word_1_10' title='bbox 1247 333 1386 378; x_wconf 77' lang='lat' dir='ltr'><em>Venite,</em></span> <span class='ocrx_word' id='word_1_11' title='bbox 1419 334 1606 368; x_wconf 88' lang='lat' dir='ltr'><em>benedicti</em></span> <span class='ocrx_word' id='word_1_12' title='bbox 1630 335 1759 382; x_wconf 82' lang='lat' dir='ltr'><em>patris</em></span> 
     </span>
     <span class='ocr_line' id='line_1_4' title="bbox 446 390 1760 441; baseline 0.001 -15"><span class='ocrx_word' id='word_1_13' title='bbox 446 392 532 435; x_wconf 80' lang='lat' dir='ltr'><em>mei,</em></span> <span class='ocrx_word' id='word_1_14' title='bbox 561 392 748 439; x_wconf 84' lang='lat' dir='ltr'><em>percipite</em></span> <span class='ocrx_word' id='word_1_15' title='bbox 782 403 945 440; x_wconf 73' lang='lat' dir='ltr'><em>regnum</em></span> <span class='ocrx_word' id='word_1_16' title='bbox 979 392 1079 438; x_wconf 82' lang='lat' dir='ltr'><em>quod</em></span> <span class='ocrx_word' id='word_1_17' title='bbox 1114 390 1218 426; x_wconf 74' lang='lat' dir='ltr'><em>vobis</em></span> <span class='ocrx_word' id='word_1_18' title='bbox 1244 398 1429 438; x_wconf 87' lang='lat' dir='ltr'><em>paratum</em></span> <span class='ocrx_word' id='word_1_19' title='bbox 1460 398 1515 426; x_wconf 82' lang='lat' dir='ltr'><em>est</em></span> <span class='ocrx_word' id='word_1_20' title='bbox 1538 391 1584 426; x_wconf 89' lang='lat' dir='ltr'><em>ab</em></span> <span class='ocrx_word' id='word_1_21' title='bbox 1608 392 1760 441; x_wconf 66' lang='lat' dir='ltr'><em>origine</em></span> 
     </span>
     <span class='ocr_line' id='line_1_5' title="bbox 446 448 1757 496; baseline 0 -12"><span class='ocrx_word' id='word_1_22' title='bbox 446 449 588 484; x_wconf 85' lang='lat' dir='ltr'><em>mundi.</em></span> <span class='ocrx_word' id='word_1_23' title='bbox 644 450 683 483; x_wconf 86' lang='lat' dir='ltr'><em>In</em></span> <span class='ocrx_word' id='word_1_24' title='bbox 728 449 908 491; x_wconf 78' lang='lat' dir='ltr'><em>Domino,</em></span> <span class='ocrx_word' id='word_1_25' title='bbox 956 448 1075 496; x_wconf 80' lang='lat' dir='ltr'><em>inquit</em></span> <span class='ocrx_word' id='word_1_26' title='bbox 1113 449 1319 496; x_wconf 82' lang='lat' dir='ltr'><em>propheta,</em></span> <span class='ocrx_word' id='word_1_27' title='bbox 1364 449 1588 483; x_wconf 77' lang='lat' dir='ltr'><em>laudabitur</em></span> <span class='ocrx_word' id='word_1_28' title='bbox 1630 450 1757 484; x_wconf 85' lang='lat' dir='ltr'><em>anima</em></span> 
     </span>
     <span class='ocr_line' id='line_1_6' title="bbox 444 506 1760 553; baseline 0 -11"><span class='ocrx_word' id='word_1_29' title='bbox 444 519 542 553; x_wconf 84' lang='lat' dir='ltr'><em>mea,</em></span> <span class='ocrx_word' id='word_1_30' title='bbox 587 507 745 541; x_wconf 87' lang='lat' dir='ltr'><em>audiant</em></span> <span class='ocrx_word' id='word_1_31' title='bbox 789 507 979 541; x_wconf 82' lang='lat' dir='ltr'><em>mansueti</em></span> <span class='ocrx_word' id='word_1_32' title='bbox 1020 513 1055 541; x_wconf 86' lang='lat' dir='ltr'><em>et</em></span> <span class='ocrx_word' id='word_1_33' title='bbox 1099 506 1363 543; x_wconf 89' lang='lat' dir='ltr'><em>iocundentur.</em></span> <span class='ocrx_word' id='word_1_34' title='bbox 1419 506 1460 541; x_wconf 76' lang='lat' dir='ltr'><em>Si</em></span> <span class='ocrx_word' id='word_1_35' title='bbox 1499 506 1661 542; x_wconf 81' lang='lat' dir='ltr'><em>sciencia</em></span> <span class='ocrx_word' id='word_1_36' title='bbox 1705 515 1760 542; x_wconf 86' lang='lat' dir='ltr'><em>est</em></span> 
     </span>
     <span class='ocr_line' id='line_1_7' title="bbox 445 563 1792 613; baseline -0.001 -14"><span class='ocrx_word' id='word_1_37' title='bbox 445 577 517 613; x_wconf 76' lang='lat' dir='ltr'><em>qua</em></span> <span class='ocrx_word' id='word_1_38' title='bbox 561 564 662 599; x_wconf 88' lang='lat' dir='ltr'><em>beati</em></span> <span class='ocrx_word' id='word_1_39' title='bbox 702 570 790 599; x_wconf 86' lang='lat' dir='ltr'><em>sunt</em></span> <span class='ocrx_word' id='word_1_40' title='bbox 829 564 893 612; x_wconf 82' lang='lat' dir='ltr'><em>qui</em></span> <span class='ocrx_word' id='word_1_41' title='bbox 931 564 1077 613; x_wconf 76' lang='lat' dir='ltr'><em>lugent,</em></span> <span class='ocrx_word' id='word_1_42' title='bbox 1123 563 1299 611; x_wconf 84' lang='lat' dir='ltr'><em>quoniam</em></span> <span class='ocrx_word' id='word_1_43' title='bbox 1339 563 1412 613; x_wconf 88' lang='lat' dir='ltr'><em>ipsi</em></span> <span class='ocrx_word' id='word_1_44' title='bbox 1448 564 1792 610; x_wconf 80' lang='lat' dir='ltr'><em>consolabuntur,5</em></span> 
     </span>
     <span class='ocr_line' id='line_1_8' title="bbox 446 621 1761 670; baseline -0.001 -13"><span class='ocrx_word' id='word_1_45' title='bbox 446 634 598 658; x_wconf 89' lang='lat' dir='ltr'><em>oremus</em></span> <span class='ocrx_word' id='word_1_46' title='bbox 644 629 682 657; x_wconf 90' lang='lat' dir='ltr'><em>ut</em></span> <span class='ocrx_word' id='word_1_47' title='bbox 701 622 780 670; x_wconf 89' lang='lat' dir='ltr'><em>fiat</em></span> <span class='ocrx_word' id='word_1_48' title='bbox 821 622 997 657; x_wconf 76' lang='lat' dir='ltr'><em>voluntas</em></span> <span class='ocrx_word' id='word_1_49' title='bbox 1041 622 1118 657; x_wconf 88' lang='lat' dir='ltr'><em>eius</em></span> <span class='ocrx_word' id='word_1_50' title='bbox 1156 621 1252 657; x_wconf 90' lang='lat' dir='ltr'><em>sicut</em></span> <span class='ocrx_word' id='word_1_51' title='bbox 1292 622 1326 655; x_wconf 91' lang='lat' dir='ltr'><em>in</em></span> <span class='ocrx_word' id='word_1_52' title='bbox 1366 622 1445 657; x_wconf 92' lang='lat' dir='ltr'><em>celo</em></span> <span class='ocrx_word' id='word_1_53' title='bbox 1485 629 1519 657; x_wconf 88' lang='lat' dir='ltr'><em>et</em></span> <span class='ocrx_word' id='word_1_54' title='bbox 1557 622 1592 656; x_wconf 90' lang='lat' dir='ltr'><em>in</em></span> <span class='ocrx_word' id='word_1_55' title='bbox 1631 628 1761 666; x_wconf 77' lang='lat' dir='ltr'><em>terra,-</em></span> 
     </span>
     <span class='ocr_line' id='line_1_9' title="bbox 446 679 1758 728; baseline 0.001 -14"><span class='ocrx_word' id='word_1_56' title='bbox 446 680 531 728; x_wconf 82' lang='lat' dir='ltr'><em>quia</em></span> <span class='ocrx_word' id='word_1_57' title='bbox 565 692 648 715; x_wconf 86' lang='lat' dir='ltr'><em>cum</em></span> <span class='ocrx_word' id='word_1_58' title='bbox 680 691 821 728; x_wconf 84' lang='lat' dir='ltr'><em>corpus</em></span> <span class='ocrx_word' id='word_1_59' title='bbox 852 687 1045 727; x_wconf 79' lang='lat' dir='ltr'><em>tamquam</em></span> <span class='ocrx_word' id='word_1_60' title='bbox 1080 686 1201 724; x_wconf 88' lang='lat' dir='ltr'><em>terra,</em></span> <span class='ocrx_word' id='word_1_61' title='bbox 1240 679 1396 727; x_wconf 82' lang='lat' dir='ltr'><em>spiritui</em></span> <span class='ocrx_word' id='word_1_62' title='bbox 1437 687 1631 727; x_wconf 80' lang='lat' dir='ltr'><em>tamquam</em></span> <span class='ocrx_word' id='word_1_63' title='bbox 1665 680 1758 725; x_wconf 85' lang='lat' dir='ltr'><em>celo,</em></span> 
     </span>
     <span class='ocr_line' id='line_1_10' title="bbox 446 736 1758 786; baseline -0.001 -13"><span class='ocrx_word' id='word_1_64' title='bbox 446 750 595 773; x_wconf 87' lang='lat' dir='ltr'><em>summa</em></span> <span class='ocrx_word' id='word_1_65' title='bbox 642 745 676 772; x_wconf 90' lang='lat' dir='ltr'><em>et</em></span> <span class='ocrx_word' id='word_1_66' title='bbox 719 744 798 772; x_wconf 86' lang='lat' dir='ltr'><em>tota</em></span> <span class='ocrx_word' id='word_1_67' title='bbox 838 749 936 785; x_wconf 88' lang='lat' dir='ltr'><em>pace</em></span> <span class='ocrx_word' id='word_1_68' title='bbox 979 736 1227 782; x_wconf 76' lang='lat' dir='ltr'><em>consenserit,</em></span> <span class='ocrx_word' id='word_1_69' title='bbox 1273 749 1344 772; x_wconf 81' lang='lat' dir='ltr'><em>non</em></span> <span class='ocrx_word' id='word_1_70' title='bbox 1391 737 1628 786; x_wconf 77' lang='lat' dir='ltr'><em>lugebimus;</em></span> <span class='ocrx_word' id='word_1_71' title='bbox 1672 750 1758 772; x_wconf 87' lang='lat' dir='ltr'><em>nam</em></span> 
     </span>
     <span class='ocr_line' id='line_1_11' title="bbox 446 794 1758 843; baseline 0.001 -14"><span class='ocrx_word' id='word_1_72' title='bbox 446 795 573 830; x_wconf 85' lang='lat' dir='ltr'><em>nullus</em></span> <span class='ocrx_word' id='word_1_73' title='bbox 601 795 700 830; x_wconf 90' lang='lat' dir='ltr'><em>alius</em></span> <span class='ocrx_word' id='word_1_74' title='bbox 730 795 840 829; x_wconf 90' lang='lat' dir='ltr'><em>huius</em></span> <span class='ocrx_word' id='word_1_75' title='bbox 869 795 1056 843; x_wconf 84' lang='lat' dir='ltr'><em>temporis</em></span> <span class='ocrx_word' id='word_1_76' title='bbox 1089 795 1212 830; x_wconf 88' lang='lat' dir='ltr'><em>luctus</em></span> <span class='ocrx_word' id='word_1_77' title='bbox 1244 801 1310 836; x_wconf 73' lang='lat' dir='ltr'><em>est,</em></span> <span class='ocrx_word' id='word_1_78' title='bbox 1344 794 1417 830; x_wconf 89' lang='lat' dir='ltr'><em>nisi</em></span> <span class='ocrx_word' id='word_1_79' title='bbox 1443 807 1526 829; x_wconf 88' lang='lat' dir='ltr'><em>cum</em></span> <span class='ocrx_word' id='word_1_80' title='bbox 1551 796 1603 830; x_wconf 92' lang='lat' dir='ltr'><em>ad</em></span> <span class='ocrx_word' id='word_1_81' title='bbox 1626 807 1758 830; x_wconf 78' lang='lat' dir='ltr'><em>verum</em></span> 
     </span>
     <span class='ocr_line' id='line_1_12' title="bbox 444 852 1818 902; baseline 0 -15"><span class='ocrx_word' id='word_1_82' title='bbox 444 853 633 902; x_wconf 72' lang='lat' dir='ltr'><em>gaudium</em></span> <span class='ocrx_word' id='word_1_83' title='bbox 672 865 712 887; x_wconf 93' lang='lat' dir='ltr'><em>se</em></span> <span class='ocrx_word' id='word_1_84' title='bbox 749 852 821 887; x_wconf 90' lang='lat' dir='ltr'><em>ista</em></span> <span class='ocrx_word' id='word_1_85' title='bbox 861 852 1074 902; x_wconf 76' lang='lat' dir='ltr'><em>confligunt</em></span> <span class='ocrx_word' id='word_1_86' title='bbox 1112 859 1147 887; x_wconf 90' lang='lat' dir='ltr'><em>et</em></span> <span class='ocrx_word' id='word_1_87' title='bbox 1179 859 1322 901; x_wconf 72' lang='lat' dir='ltr'><em>cogunt</em></span> <span class='ocrx_word' id='word_1_88' title='bbox 1354 864 1421 888; x_wconf 91' lang='lat' dir='ltr'><em>nos</em></span> <span class='ocrx_word' id='word_1_89' title='bbox 1454 853 1601 888; x_wconf 88' lang='lat' dir='ltr'><em>dicere:</em></span> <span class='ocrx_word' id='word_1_90' title='bbox 1646 853 1759 888; x_wconf 85' lang='lat' dir='ltr'><em>Video</em></span> <span class='ocrx_word' id='word_1_91' title='bbox 1780 864 1818 885; x_wconf 91' lang='lat'><em>10</em></span> 
     </span>
     <span class='ocr_line' id='line_1_13' title="bbox 446 910 1761 960; baseline 0 -15"><span class='ocrx_word' id='word_1_92' title='bbox 446 910 563 945; x_wconf 88' lang='lat' dir='ltr'><em>aliam</em></span> <span class='ocrx_word' id='word_1_93' title='bbox 598 911 722 960; x_wconf 73' lang='lat' dir='ltr'><em>legem</em></span> <span class='ocrx_word' id='word_1_94' title='bbox 762 910 797 945; x_wconf 88' lang='lat' dir='ltr'><em>in</em></span> <span class='ocrx_word' id='word_1_95' title='bbox 839 910 1019 946; x_wconf 87' lang='lat' dir='ltr'><em>membris</em></span> <span class='ocrx_word' id='word_1_96' title='bbox 1057 910 1149 945; x_wconf 89' lang='lat' dir='ltr'><em>meis</em></span> <span class='ocrx_word' id='word_1_97' title='bbox 1188 917 1468 959; x_wconf 75' lang='lat' dir='ltr'><em>repugnantem</em></span> <span class='ocrx_word' id='word_1_98' title='bbox 1509 910 1589 960; x_wconf 79' lang='lat' dir='ltr'><em>legi</em></span> <span class='ocrx_word' id='word_1_99' title='bbox 1626 911 1761 946; x_wconf 86' lang='lat' dir='ltr'><em>mentis</em></span> 
     </span>
     <span class='ocr_line' id='line_1_14' title="bbox 447 968 1762 1004; baseline -0.001 -1"><span class='ocrx_word' id='word_1_100' title='bbox 447 980 528 1003; x_wconf 88' lang='lat' dir='ltr'><em>mee</em></span> <span class='ocrx_word' id='word_1_101' title='bbox 559 975 594 1003; x_wconf 88' lang='lat' dir='ltr'><em>et</em></span> <span class='ocrx_word' id='word_1_102' title='bbox 627 968 769 1003; x_wconf 87' lang='lat' dir='ltr'><em>luctum</em></span> <span class='ocrx_word' id='word_1_103' title='bbox 804 975 977 1003; x_wconf 91' lang='lat' dir='ltr'><em>nostrum</em></span> <span class='ocrx_word' id='word_1_104' title='bbox 1012 980 1102 1003; x_wconf 78' lang='lat' dir='ltr'><em>voce</em></span> <span class='ocrx_word' id='word_1_105' title='bbox 1134 968 1341 1003; x_wconf 81' lang='lat' dir='ltr'><em>lacrimosa</em></span> <span class='ocrx_word' id='word_1_106' title='bbox 1375 968 1594 1003; x_wconf 86' lang='lat' dir='ltr'><em>contestari.</em></span> <span class='ocrx_word' id='word_1_107' title='bbox 1636 968 1762 1004; x_wconf 39' lang='lat' dir='ltr'><em>*Miser</em></span> 
     </span>
     <span class='ocr_line' id='line_1_15' title="bbox 447 1025 1763 1076; baseline 0 -16"><span class='ocrx_word' id='word_1_108' title='bbox 447 1038 519 1076; x_wconf 77' lang='lat' dir='ltr'><em>ego</em></span> <span class='ocrx_word' id='word_1_109' title='bbox 553 1026 665 1061; x_wconf 89' lang='lat' dir='ltr'><em>homo</em></span> <span class='ocrx_word' id='word_1_110' title='bbox 698 1025 779 1073; x_wconf 84' lang='lat' dir='ltr'><em>quis</em></span> <span class='ocrx_word' id='word_1_111' title='bbox 813 1038 872 1060; x_wconf 87' lang='lat' dir='ltr'><em>nze</em></span> <span class='ocrx_word' id='word_1_112' title='bbox 904 1026 1080 1061; x_wconf 79' lang='lat' dir='ltr'><em>liberabit</em></span> <span class='ocrx_word' id='word_1_113' title='bbox 1113 1026 1158 1061; x_wconf 93' lang='lat' dir='ltr'><em>de</em></span> <span class='ocrx_word' id='word_1_114' title='bbox 1190 1033 1314 1061; x_wconf 86' lang='lat' dir='ltr'><em>morte</em></span> <span class='ocrx_word' id='word_1_115' title='bbox 1345 1026 1522 1074; x_wconf 89' lang='lat' dir='ltr'><em>corporis</em></span> <span class='ocrx_word' id='word_1_116' title='bbox 1549 1026 1688 1061; x_wconf 80' lang='lat' dir='ltr'><em>huius?</em></span> <span class='ocrx_word' id='word_1_117' title='bbox 1721 1026 1763 1060; x_wconf 85' lang='lat' dir='ltr'><em>Si</em></span> 
     </span>
     <span class='ocr_line' id='line_1_16' title="bbox 437 1083 1761 1131; baseline 0 -13"><span class='ocrx_word' id='word_1_118' title='bbox 437 1083 638 1131; x_wconf 85' lang='lat' dir='ltr'><em>fortitudo</em></span> <span class='ocrx_word' id='word_1_119' title='bbox 662 1090 717 1119; x_wconf 88' lang='lat' dir='ltr'><em>est</em></span> <span class='ocrx_word' id='word_1_120' title='bbox 739 1095 810 1131; x_wconf 76' lang='lat' dir='ltr'><em>qua</em></span> <span class='ocrx_word' id='word_1_121' title='bbox 835 1084 934 1119; x_wconf 89' lang='lat' dir='ltr'><em>beati</em></span> <span class='ocrx_word' id='word_1_122' title='bbox 954 1090 1040 1119; x_wconf 92' lang='lat' dir='ltr'><em>sunt</em></span> <span class='ocrx_word' id='word_1_123' title='bbox 1067 1083 1131 1131; x_wconf 80' lang='lat' dir='ltr'><em>qui</em></span> <span class='ocrx_word' id='word_1_124' title='bbox 1151 1083 1322 1119; x_wconf 89' lang='lat' dir='ltr'><em>esuriunt</em></span> <span class='ocrx_word' id='word_1_125' title='bbox 1344 1091 1380 1118; x_wconf 86' lang='lat' dir='ltr'><em>et</em></span> <span class='ocrx_word' id='word_1_126' title='bbox 1397 1083 1535 1119; x_wconf 85' lang='lat' dir='ltr'><em>siciunt</em></span> <span class='ocrx_word' id='word_1_127' title='bbox 1560 1083 1761 1129; x_wconf 75' lang='lat' dir='ltr'><em>iusticiam,</em></span> 
     </span>
     <span class='ocr_line' id='line_1_17' title="bbox 447 1141 1817 1190; baseline -0.001 -14"><span class='ocrx_word' id='word_1_128' title='bbox 447 1142 623 1190; x_wconf 75' lang='lat' dir='ltr'><em>quoniam</em></span> <span class='ocrx_word' id='word_1_129' title='bbox 665 1141 737 1190; x_wconf 92' lang='lat' dir='ltr'><em>ipsi</em></span> <span class='ocrx_word' id='word_1_130' title='bbox 774 1142 1076 1177; x_wconf 84' lang='lat' dir='ltr'><em>saturabuntur:</em></span> <span class='ocrx_word' id='word_1_131' title='bbox 1108 1153 1262 1177; x_wconf 79' lang='lat' dir='ltr'><em>oremus</em></span> <span class='ocrx_word' id='word_1_132' title='bbox 1295 1148 1334 1176; x_wconf 88' lang='lat' dir='ltr'><em>ut</em></span> <span class='ocrx_word' id='word_1_133' title='bbox 1361 1141 1475 1190; x_wconf 86' lang='lat' dir='ltr'><em>panis</em></span> <span class='ocrx_word' id='word_1_134' title='bbox 1508 1148 1638 1177; x_wconf 90' lang='lat' dir='ltr'><em>noster</em></span> <span class='ocrx_word' id='word_1_135' title='bbox 1669 1141 1760 1177; x_wconf 90' lang='lat' dir='ltr'><em>coti-</em></span> <span class='ocrx_word' id='word_1_136' title='bbox 1782 1144 1817 1175; x_wconf 75' lang='lat'><em>15</em></span> 
     </span>
     <span class='ocr_line' id='line_1_18' title="bbox 448 1199 1760 1248; baseline 0 -14"><span class='ocrx_word' id='word_1_137' title='bbox 448 1199 586 1234; x_wconf 86' lang='lat' dir='ltr'><em>dianus</em></span> <span class='ocrx_word' id='word_1_138' title='bbox 619 1200 733 1234; x_wconf 85' lang='lat' dir='ltr'><em>detur</em></span> <span class='ocrx_word' id='word_1_139' title='bbox 765 1199 870 1235; x_wconf 85' lang='lat' dir='ltr'><em>nobis</em></span> <span class='ocrx_word' id='word_1_140' title='bbox 903 1199 1026 1244; x_wconf 83' lang='lat' dir='ltr'><em>hodie,</em></span> <span class='ocrx_word' id='word_1_141' title='bbox 1067 1211 1138 1247; x_wconf 82' lang='lat' dir='ltr'><em>quo</em></span> <span class='ocrx_word' id='word_1_142' title='bbox 1161 1199 1264 1247; x_wconf 84' lang='lat' dir='ltr'><em>fulti</em></span> <span class='ocrx_word' id='word_1_143' title='bbox 1303 1206 1337 1234; x_wconf 87' lang='lat' dir='ltr'><em>et</em></span> <span class='ocrx_word' id='word_1_144' title='bbox 1367 1199 1570 1235; x_wconf 88' lang='lat' dir='ltr'><em>sustentati</em></span> <span class='ocrx_word' id='word_1_145' title='bbox 1600 1199 1651 1234; x_wconf 85' lang='lat' dir='ltr'><em>ad</em></span> <span class='ocrx_word' id='word_1_146' title='bbox 1677 1199 1760 1248; x_wconf 89' lang='lat' dir='ltr'><em>ple-</em></span> 
     </span>
     <span class='ocr_line' id='line_1_19' title="bbox 448 1256 1760 1305; baseline 0 -14"><span class='ocrx_word' id='word_1_147' title='bbox 448 1257 642 1292; x_wconf 86' lang='lat' dir='ltr'><em>nissimam</em></span> <span class='ocrx_word' id='word_1_148' title='bbox 678 1256 785 1291; x_wconf 81' lang='lat' dir='ltr'><em>illam</em></span> <span class='ocrx_word' id='word_1_149' title='bbox 818 1257 1061 1292; x_wconf 84' lang='lat' dir='ltr'><em>saturitatem</em></span> <span class='ocrx_word' id='word_1_150' title='bbox 1097 1257 1227 1292; x_wconf 80' lang='lat' dir='ltr'><em>venire</em></span> <span class='ocrx_word' id='word_1_151' title='bbox 1253 1257 1458 1305; x_wconf 84' lang='lat' dir='ltr'><em>possimus.</em></span> <span class='ocrx_word' id='word_1_152' title='bbox 1496 1257 1540 1291; x_wconf 85' lang='lat' dir='ltr'><em>Si</em></span> <span class='ocrx_word' id='word_1_153' title='bbox 1560 1257 1760 1293; x_wconf 84' lang='lat' dir='ltr'><em>consilium</em></span> 
     </span>
     <span class='ocr_line' id='line_1_20' title="bbox 448 1314 1759 1363; baseline -0.001 -13"><span class='ocrx_word' id='word_1_154' title='bbox 448 1322 503 1350; x_wconf 83' lang='lat' dir='ltr'><em>est</em></span> <span class='ocrx_word' id='word_1_155' title='bbox 534 1327 607 1363; x_wconf 79' lang='lat' dir='ltr'><em>quo</em></span> <span class='ocrx_word' id='word_1_156' title='bbox 641 1314 740 1349; x_wconf 89' lang='lat' dir='ltr'><em>beati</em></span> <span class='ocrx_word' id='word_1_157' title='bbox 776 1322 863 1350; x_wconf 89' lang='lat' dir='ltr'><em>sunt</em></span> <span class='ocrx_word' id='word_1_158' title='bbox 903 1315 1187 1360; x_wconf 82' lang='lat' dir='ltr'><em>misericordes,</em></span> <span class='ocrx_word' id='word_1_159' title='bbox 1227 1315 1403 1362; x_wconf 82' lang='lat' dir='ltr'><em>quoniam</em></span> <span class='ocrx_word' id='word_1_160' title='bbox 1443 1315 1615 1363; x_wconf 86' lang='lat' dir='ltr'><em>ipsorum</em></span> <span class='ocrx_word' id='word_1_161' title='bbox 1649 1315 1759 1350; x_wconf 88' lang='lat' dir='ltr'><em>mise-</em></span> 
     </span>
     <span class='ocr_line' id='line_1_21' title="bbox 448 1372 1761 1416; baseline 0.002 -10"><span class='ocrx_word' id='word_1_162' title='bbox 448 1372 607 1416; x_wconf 83' lang='lat' dir='ltr'><em>rebitur,</em></span> <span class='ocrx_word' id='word_1_163' title='bbox 649 1372 886 1408; x_wconf 74' lang='lat' dir='ltr'><em>dimittamus</em></span> <span class='ocrx_word' id='word_1_164' title='bbox 926 1373 1048 1408; x_wconf 84' lang='lat' dir='ltr'><em>debita</em></span> <span class='ocrx_word' id='word_1_165' title='bbox 1090 1372 1326 1408; x_wconf 83' lang='lat' dir='ltr'><em>debitoribus</em></span> <span class='ocrx_word' id='word_1_166' title='bbox 1366 1373 1508 1408; x_wconf 85' lang='lat' dir='ltr'><em>nostris</em></span> <span class='ocrx_word' id='word_1_167' title='bbox 1540 1381 1575 1408; x_wconf 94' lang='lat' dir='ltr'><em>et</em></span> <span class='ocrx_word' id='word_1_168' title='bbox 1607 1385 1761 1408; x_wconf 86' lang='lat' dir='ltr'><em>oremus</em></span> 
     </span>
     <span class='ocr_line' id='line_1_22' title="bbox 447 1430 1820 1479; baseline -0.001 -15"><span class='ocrx_word' id='word_1_169' title='bbox 447 1438 486 1465; x_wconf 89' lang='lat' dir='ltr'><em>ut</em></span> <span class='ocrx_word' id='word_1_170' title='bbox 519 1438 651 1465; x_wconf 83' lang='lat' dir='ltr'><em>nostra</em></span> <span class='ocrx_word' id='word_1_171' title='bbox 692 1430 936 1466; x_wconf 78' lang='lat' dir='ltr'><em>dimittantur</em></span> <span class='ocrx_word' id='word_1_172' title='bbox 977 1430 1094 1466; x_wconf 83' lang='lat' dir='ltr'><em>nobis.</em></span> <span class='ocrx_word' id='word_1_173' title='bbox 1142 1430 1185 1466; x_wconf 83' lang='lat' dir='ltr'><em>Si</em></span> <span class='ocrx_word' id='word_1_174' title='bbox 1214 1431 1428 1466; x_wconf 84' lang='lat' dir='ltr'><em>intellectus</em></span> <span class='ocrx_word' id='word_1_175' title='bbox 1467 1438 1521 1466; x_wconf 88' lang='lat' dir='ltr'><em>est</em></span> <span class='ocrx_word' id='word_1_176' title='bbox 1557 1443 1630 1479; x_wconf 79' lang='lat' dir='ltr'><em>quo</em></span> <span class='ocrx_word' id='word_1_177' title='bbox 1663 1431 1820 1466; x_wconf 77' lang='lat' dir='ltr'><em>beatizo</em></span> 
     </span>
     <span class='ocr_line' id='line_1_23' title="bbox 445 1488 1762 1537; baseline 0.001 -15"><span class='ocrx_word' id='word_1_178' title='bbox 445 1495 531 1524; x_wconf 88' lang='lat' dir='ltr'><em>sunt</em></span> <span class='ocrx_word' id='word_1_179' title='bbox 563 1488 697 1523; x_wconf 87' lang='lat' dir='ltr'><em>mundi</em></span> <span class='ocrx_word' id='word_1_180' title='bbox 727 1488 856 1533; x_wconf 86' lang='lat' dir='ltr'><em>corde,</em></span> <span class='ocrx_word' id='word_1_181' title='bbox 896 1488 1072 1536; x_wconf 76' lang='lat' dir='ltr'><em>quoniam</em></span> <span class='ocrx_word' id='word_1_182' title='bbox 1112 1489 1187 1537; x_wconf 85' lang='lat' dir='ltr'><em>ipsi</em></span> <span class='ocrx_word' id='word_1_183' title='bbox 1217 1489 1342 1524; x_wconf 89' lang='lat' dir='ltr'><em>Deum</em></span> <span class='ocrx_word' id='word_1_184' title='bbox 1378 1488 1568 1532; x_wconf 77' lang='lat' dir='ltr'><em>videbunt,</em></span> <span class='ocrx_word' id='word_1_185' title='bbox 1608 1500 1762 1524; x_wconf 83' lang='lat' dir='ltr'><em>oremus</em></span> 
     </span>
     <span class='ocr_line' id='line_1_24' title="bbox 447 1546 1761 1595; baseline 0.001 -15"><span class='ocrx_word' id='word_1_186' title='bbox 447 1558 518 1581; x_wconf 89' lang='lat' dir='ltr'><em>non</em></span> <span class='ocrx_word' id='word_1_187' title='bbox 564 1546 696 1581; x_wconf 91' lang='lat' dir='ltr'><em>induci</em></span> <span class='ocrx_word' id='word_1_188' title='bbox 733 1546 768 1580; x_wconf 91' lang='lat' dir='ltr'><em>in</em></span> <span class='ocrx_word' id='word_1_189' title='bbox 809 1546 1113 1594; x_wconf 84' lang='lat' dir='ltr'><em>temptacionem‚</em></span> <span class='ocrx_word' id='word_1_190' title='bbox 1165 1558 1209 1581; x_wconf 91' lang='lat' dir='ltr'><em>ne</em></span> <span class='ocrx_word' id='word_1_191' title='bbox 1247 1547 1454 1581; x_wconf 81' lang='lat' dir='ltr'><em>habeamus</em></span> <span class='ocrx_word' id='word_1_192' title='bbox 1498 1546 1644 1595; x_wconf 80' lang='lat' dir='ltr'><em>duplex</em></span> <span class='ocrx_word' id='word_1_193' title='bbox 1681 1558 1761 1592; x_wconf 85' lang='lat' dir='ltr'><em>cor,</em></span> 
     </span>
     <span class='ocr_line' id='line_1_25' title="bbox 447 1603 1759 1652; baseline 0 -14"><span class='ocrx_word' id='word_1_194' title='bbox 447 1616 519 1639; x_wconf 89' lang='lat' dir='ltr'><em>non</em></span> <span class='ocrx_word' id='word_1_195' title='bbox 558 1604 771 1651; x_wconf 85' lang='lat' dir='ltr'><em>appetendo</em></span> <span class='ocrx_word' id='word_1_196' title='bbox 805 1604 901 1638; x_wconf 89' lang='lat' dir='ltr'><em>illud</em></span> <span class='ocrx_word' id='word_1_197' title='bbox 932 1603 1102 1652; x_wconf 78' lang='lat' dir='ltr'><em>simplex</em></span> <span class='ocrx_word' id='word_1_198' title='bbox 1134 1612 1169 1639; x_wconf 92' lang='lat' dir='ltr'><em>et</em></span> <span class='ocrx_word' id='word_1_199' title='bbox 1195 1604 1470 1652; x_wconf 76' lang='lat' dir='ltr'><em>principaliter</em></span> <span class='ocrx_word' id='word_1_200' title='bbox 1503 1604 1654 1649; x_wconf 85' lang='lat' dir='ltr'><em>bonum,</em></span> <span class='ocrx_word' id='word_1_201' title='bbox 1688 1616 1759 1652; x_wconf 84' lang='lat' dir='ltr'><em>quo</em></span> 
     </span>
     <span class='ocr_line' id='line_1_26' title="bbox 448 1661 1762 1709; baseline 0 -13"><span class='ocrx_word' id='word_1_202' title='bbox 448 1662 543 1697; x_wconf 88' lang='lat' dir='ltr'><em>bono</em></span> <span class='ocrx_word' id='word_1_203' title='bbox 588 1662 684 1696; x_wconf 87' lang='lat' dir='ltr'><em>bona</em></span> <span class='ocrx_word' id='word_1_204' title='bbox 731 1669 819 1697; x_wconf 88' lang='lat' dir='ltr'><em>sunt</em></span> <span class='ocrx_word' id='word_1_205' title='bbox 863 1673 1078 1709; x_wconf 81' lang='lat' dir='ltr'><em>quecunque</em></span> <span class='ocrx_word' id='word_1_206' title='bbox 1121 1662 1217 1697; x_wconf 90' lang='lat' dir='ltr'><em>bona</em></span> <span class='ocrx_word' id='word_1_207' title='bbox 1262 1669 1361 1706; x_wconf 87' lang='lat' dir='ltr'><em>sunt,</em></span> <span class='ocrx_word' id='word_1_208' title='bbox 1414 1673 1486 1709; x_wconf 77' lang='lat' dir='ltr'><em>quo</em></span> <span class='ocrx_word' id='word_1_209' title='bbox 1539 1661 1762 1709; x_wconf 85' lang='lat' dir='ltr'><em>referamus</em></span> 
     </span>
     <span class='ocr_line' id='line_1_27' title="bbox 449 1719 1816 1768; baseline 0.001 -15"><span class='ocrx_word' id='word_1_210' title='bbox 449 1719 575 1754; x_wconf 85' lang='lat' dir='ltr'><em>omnia</em></span> <span class='ocrx_word' id='word_1_211' title='bbox 616 1731 686 1766; x_wconf 80' lang='lat' dir='ltr'><em>que</em></span> <span class='ocrx_word' id='word_1_212' title='bbox 720 1731 794 1767; x_wconf 88' lang='lat' dir='ltr'><em>per</em></span> <span class='ocrx_word' id='word_1_213' title='bbox 831 1719 953 1767; x_wconf 87' lang='lat' dir='ltr'><em>ipsum</em></span> <span class='ocrx_word' id='word_1_214' title='bbox 995 1726 1029 1754; x_wconf 91' lang='lat' dir='ltr'><em>et</em></span> <span class='ocrx_word' id='word_1_215' title='bbox 1067 1719 1113 1754; x_wconf 88' lang='lat' dir='ltr'><em>ab</em></span> <span class='ocrx_word' id='word_1_216' title='bbox 1146 1719 1226 1767; x_wconf 87' lang='lat' dir='ltr'><em>ipso</em></span> <span class='ocrx_word' id='word_1_217' title='bbox 1260 1726 1294 1754; x_wconf 89' lang='lat' dir='ltr'><em>et</em></span> <span class='ocrx_word' id='word_1_218' title='bbox 1325 1719 1360 1754; x_wconf 88' lang='lat' dir='ltr'><em>in</em></span> <span class='ocrx_word' id='word_1_219' title='bbox 1394 1720 1516 1768; x_wconf 85' lang='lat' dir='ltr'><em>ipsum</em></span> <span class='ocrx_word' id='word_1_220' title='bbox 1551 1731 1761 1767; x_wconf 79' lang='lat' dir='ltr'><em>operamur</em></span> <span class='ocrx_word' id='word_1_221' title='bbox 1779 1724 1816 1755; x_wconf 77' lang='lat'><em>25</em></span> 
     </span>
     <span class='ocr_line' id='line_1_28' title="bbox 447 1776 1760 1825; baseline -0.002 -13"><span class='ocrx_word' id='word_1_222' title='bbox 447 1777 515 1812; x_wconf 86' lang='lat' dir='ltr'><em>sed</em></span> <span class='ocrx_word' id='word_1_223' title='bbox 558 1776 673 1811; x_wconf 85' lang='lat' dir='ltr'><em>simul</em></span> <span class='ocrx_word' id='word_1_224' title='bbox 716 1777 946 1825; x_wconf 87' lang='lat' dir='ltr'><em>temporalia</em></span> <span class='ocrx_word' id='word_1_225' title='bbox 985 1784 1020 1812; x_wconf 91' lang='lat' dir='ltr'><em>et</em></span> <span class='ocrx_word' id='word_1_226' title='bbox 1060 1784 1192 1812; x_wconf 87' lang='lat' dir='ltr'><em>eterna</em></span> <span class='ocrx_word' id='word_1_227' title='bbox 1230 1778 1422 1812; x_wconf 85' lang='lat' dir='ltr'><em>sectando.</em></span> <span class='ocrx_word' id='word_1_228' title='bbox 1475 1777 1760 1825; x_wconf 75' lang='lat' dir='ltr'><em>Temptaciones</em></span> 
     </span>
     <span class='ocr_line' id='line_1_29' title="bbox 448 1834 1760 1884; baseline 0.001 -16"><span class='ocrx_word' id='word_1_229' title='bbox 448 1834 544 1869; x_wconf 90' lang='lat' dir='ltr'><em>enim</em></span> <span class='ocrx_word' id='word_1_230' title='bbox 593 1835 638 1869; x_wconf 88' lang='lat' dir='ltr'><em>de</em></span> <span class='ocrx_word' id='word_1_231' title='bbox 684 1834 757 1870; x_wconf 83' lang='lat' dir='ltr'><em>hiis</em></span> <span class='ocrx_word' id='word_1_232' title='bbox 797 1835 911 1869; x_wconf 87' lang='lat' dir='ltr'><em>rebus</em></span> <span class='ocrx_word' id='word_1_233' title='bbox 948 1846 1018 1882; x_wconf 80' lang='lat' dir='ltr'><em>que</em></span> <span class='ocrx_word' id='word_1_234' title='bbox 1054 1847 1202 1884; x_wconf 73' lang='lat' dir='ltr'><em>graves</em></span> <span class='ocrx_word' id='word_1_235' title='bbox 1239 1842 1273 1870; x_wconf 91' lang='lat' dir='ltr'><em>et</em></span> <span class='ocrx_word' id='word_1_236' title='bbox 1317 1835 1542 1870; x_wconf 85' lang='lat' dir='ltr'><em>calamitose</em></span> <span class='ocrx_word' id='word_1_237' title='bbox 1581 1835 1760 1870; x_wconf 75' lang='lat' dir='ltr'><em>videntur</em></span> 
     </span>
     <span class='ocr_line' id='line_1_30' title="bbox 449 1891 1759 1941; baseline 0.001 -15"><span class='ocrx_word' id='word_1_238' title='bbox 449 1892 676 1938; x_wconf 78' lang='lat' dir='ltr'><em>hominibus,</em></span> <span class='ocrx_word' id='word_1_239' title='bbox 722 1904 793 1927; x_wconf 91' lang='lat' dir='ltr'><em>non</em></span> <span class='ocrx_word' id='word_1_240' title='bbox 839 1891 875 1927; x_wconf 88' lang='lat' dir='ltr'><em>in</em></span> <span class='ocrx_word' id='word_1_241' title='bbox 920 1904 988 1927; x_wconf 85' lang='lat' dir='ltr'><em>nos</em></span> <span class='ocrx_word' id='word_1_242' title='bbox 1032 1893 1158 1927; x_wconf 78' lang='lat' dir='ltr'><em>valent</em></span> <span class='ocrx_word' id='word_1_243' title='bbox 1200 1893 1233 1928; x_wconf 85' lang='lat' dir='ltr'><em>si</em></span> <span class='ocrx_word' id='word_1_244' title='bbox 1272 1905 1342 1927; x_wconf 91' lang='lat' dir='ltr'><em>non</em></span> <span class='ocrx_word' id='word_1_245' title='bbox 1389 1893 1513 1928; x_wconf 71' lang='lat' dir='ltr'><em>valent</em></span> <span class='ocrx_word' id='word_1_246' title='bbox 1562 1892 1639 1938; x_wconf 83' lang='lat' dir='ltr'><em>ille,</em></span> <span class='ocrx_word' id='word_1_247' title='bbox 1691 1905 1759 1941; x_wconf 81' lang='lat' dir='ltr'><em>que</em></span> 
     </span>
     <span class='ocr_line' id='line_1_31' title="bbox 449 1950 1760 1998; baseline 0.001 -14"><span class='ocrx_word' id='word_1_248' title='bbox 449 1950 650 1985; x_wconf 84' lang='lat' dir='ltr'><em>blandiciis</em></span> <span class='ocrx_word' id='word_1_249' title='bbox 682 1962 815 1985; x_wconf 86' lang='lat' dir='ltr'><em>earum</em></span> <span class='ocrx_word' id='word_1_250' title='bbox 850 1962 981 1985; x_wconf 87' lang='lat' dir='ltr'><em>rerum</em></span> <span class='ocrx_word' id='word_1_251' title='bbox 1022 1950 1212 1993; x_wconf 81' lang='lat' dir='ltr'><em>accidunt,</em></span> <span class='ocrx_word' id='word_1_252' title='bbox 1245 1962 1337 1998; x_wconf 77' lang='lat' dir='ltr'><em>quas</em></span> <span class='ocrx_word' id='word_1_253' title='bbox 1376 1950 1546 1986; x_wconf 84' lang='lat' dir='ltr'><em>homines</em></span> <span class='ocrx_word' id='word_1_254' title='bbox 1577 1951 1693 1986; x_wconf 85' lang='lat' dir='ltr'><em>bonas</em></span> <span class='ocrx_word' id='word_1_255' title='bbox 1726 1958 1760 1986; x_wconf 92' lang='lat' dir='ltr'><em>et</em></span> 
     </span>
     <span class='ocr_line' id='line_1_32' title="bbox 449 2007 1818 2057; baseline 0.002 -16"><span class='ocrx_word' id='word_1_256' title='bbox 449 2008 624 2042; x_wconf 87' lang='lat' dir='ltr'><em>letandas</em></span> <span class='ocrx_word' id='word_1_257' title='bbox 651 2014 800 2055; x_wconf 85' lang='lat' dir='ltr'><em>putant.</em></span> <span class='ocrx_word' id='word_1_258' title='bbox 843 2008 884 2042; x_wconf 84' lang='lat' dir='ltr'><em>Si</em></span> <span class='ocrx_word' id='word_1_259' title='bbox 919 2007 1111 2056; x_wconf 86' lang='lat' dir='ltr'><em>sapiencia</em></span> <span class='ocrx_word' id='word_1_260' title='bbox 1150 2015 1204 2043; x_wconf 88' lang='lat' dir='ltr'><em>est</em></span> <span class='ocrx_word' id='word_1_261' title='bbox 1236 2020 1309 2056; x_wconf 83' lang='lat' dir='ltr'><em>qua</em></span> <span class='ocrx_word' id='word_1_262' title='bbox 1342 2008 1442 2043; x_wconf 88' lang='lat' dir='ltr'><em>beati</em></span> <span class='ocrx_word' id='word_1_263' title='bbox 1477 2015 1564 2043; x_wconf 88' lang='lat' dir='ltr'><em>sunt</em></span> <span class='ocrx_word' id='word_1_264' title='bbox 1591 2008 1818 2057; x_wconf 67' lang='lat' dir='ltr'><em>pacifici‚30</em></span> 
     </span>
     <span class='ocr_line' id='line_1_33' title="bbox 449 2065 1753 2114; baseline 0.002 -15"><span class='ocrx_word' id='word_1_265' title='bbox 449 2065 624 2113; x_wconf 82' lang='lat' dir='ltr'><em>quoniam</em></span> <span class='ocrx_word' id='word_1_266' title='bbox 671 2065 744 2113; x_wconf 87' lang='lat' dir='ltr'><em>ipsi</em></span> <span class='ocrx_word' id='word_1_267' title='bbox 776 2065 859 2114; x_wconf 87' lang='lat' dir='ltr'><em>filii</em></span> <span class='ocrx_word' id='word_1_268' title='bbox 889 2066 964 2101; x_wconf 88' lang='lat' dir='ltr'><em>Dei</em></span> <span class='ocrx_word' id='word_1_269' title='bbox 1007 2066 1257 2110; x_wconf 74' lang='lat' dir='ltr'><em>vocabuntur,</em></span> <span class='ocrx_word' id='word_1_270' title='bbox 1303 2078 1458 2101; x_wconf 85' lang='lat' dir='ltr'><em>oremus</em></span> <span class='ocrx_word' id='word_1_271' title='bbox 1502 2072 1540 2100; x_wconf 86' lang='lat' dir='ltr'><em>ut</em></span> <span class='ocrx_word' id='word_1_272' title='bbox 1591 2078 1612 2100; x_wconf 86' lang='lat' dir='ltr'><em>a</em></span> <span class='ocrx_word' id='word_1_273' title='bbox 1652 2066 1753 2101; x_wconf 91' lang='lat' dir='ltr'><em>malo</em></span> 
     </span>
     <span class='ocr_line' id='line_1_34' title="bbox 450 2122 1761 2171; baseline 0.001 -14"><span class='ocrx_word' id='word_1_274' title='bbox 450 2123 675 2166; x_wconf 86' lang='lat' dir='ltr'><em>liberemur;</em></span> <span class='ocrx_word' id='word_1_275' title='bbox 712 2122 793 2171; x_wconf 87' lang='lat' dir='ltr'><em>ipsa</em></span> <span class='ocrx_word' id='word_1_276' title='bbox 826 2122 924 2158; x_wconf 86' lang='lat' dir='ltr'><em>enim</em></span> <span class='ocrx_word' id='word_1_277' title='bbox 958 2123 1140 2158; x_wconf 86' lang='lat' dir='ltr'><em>liberacio</em></span> <span class='ocrx_word' id='word_1_278' title='bbox 1178 2123 1319 2159; x_wconf 88' lang='lat' dir='ltr'><em>liberos</em></span> <span class='ocrx_word' id='word_1_279' title='bbox 1358 2135 1424 2159; x_wconf 85' lang='lat' dir='ltr'><em>nos</em></span> <span class='ocrx_word' id='word_1_280' title='bbox 1444 2123 1583 2171; x_wconf 76' lang='lat' dir='ltr'><em>faciet,</em></span> <span class='ocrx_word' id='word_1_281' title='bbox 1628 2123 1668 2158; x_wconf 89' lang='lat' dir='ltr'><em>id</em></span> <span class='ocrx_word' id='word_1_282' title='bbox 1705 2130 1761 2159; x_wconf 89' lang='lat' dir='ltr'><em>est</em></span> 
     </span>
     <span class='ocr_line' id='line_1_35' title="bbox 437 2180 1759 2229; baseline 0.002 -15"><span class='ocrx_word' id='word_1_283' title='bbox 437 2180 548 2229; x_wconf 88' lang='lat' dir='ltr'><em>filios</em></span> <span class='ocrx_word' id='word_1_284' title='bbox 593 2180 678 2225; x_wconf 87' lang='lat' dir='ltr'><em>Dei,</em></span> <span class='ocrx_word' id='word_1_285' title='bbox 726 2181 885 2215; x_wconf 90' lang='lat' dir='ltr'><em>heredes</em></span> <span class='ocrx_word' id='word_1_286' title='bbox 931 2180 1081 2229; x_wconf 84' lang='lat' dir='ltr'><em>quidem</em></span> <span class='ocrx_word' id='word_1_287' title='bbox 1126 2181 1333 2217; x_wconf 85' lang='lat' dir='ltr'><em>coheredes</em></span> <span class='ocrx_word' id='word_1_288' title='bbox 1375 2187 1440 2216; x_wconf 88' lang='lat' dir='ltr'><em>aut</em></span> <span class='ocrx_word' id='word_1_289' title='bbox 1490 2181 1638 2216; x_wconf 79' lang='lat' dir='ltr'><em>Christi</em></span> <span class='ocrx_word' id='word_1_290' title='bbox 1670 2182 1759 2216; x_wconf 88' lang='lat' dir='ltr'><em>Jesu</em></span> 
     </span>
     <span class='ocr_line' id='line_1_36' title="bbox 450 2237 1762 2287; baseline 0.002 -15"><span class='ocrx_word' id='word_1_291' title='bbox 450 2237 596 2273; x_wconf 89' lang='lat' dir='ltr'><em>domini</em></span> <span class='ocrx_word' id='word_1_292' title='bbox 641 2245 676 2273; x_wconf 88' lang='lat' dir='ltr'><em>et</em></span> <span class='ocrx_word' id='word_1_293' title='bbox 721 2238 903 2287; x_wconf 74' lang='lat' dir='ltr'><em>magistri</em></span> <span class='ocrx_word' id='word_1_294' title='bbox 938 2238 1072 2284; x_wconf 89' lang='lat' dir='ltr'><em>nostri,</em></span> <span class='ocrx_word' id='word_1_295' title='bbox 1112 2246 1152 2273; x_wconf 84' lang='lat' dir='ltr'><em>ut</em></span> <span class='ocrx_word' id='word_1_296' title='bbox 1188 2239 1326 2287; x_wconf 89' lang='lat' dir='ltr'><em>spiritu</em></span> <span class='ocrx_word' id='word_1_297' title='bbox 1364 2238 1588 2287; x_wconf 87' lang='lat' dir='ltr'><em>adopcionis</em></span> <span class='ocrx_word' id='word_1_298' title='bbox 1637 2239 1762 2274; x_wconf 85' lang='lat' dir='ltr'><em>edocti</em></span> 
     </span>
     <span class='ocr_line' id='line_1_37' title="bbox 450 2296 1815 2345; baseline 0.002 -15"><span class='ocrx_word' id='word_1_299' title='bbox 450 2296 659 2330; x_wconf 87' lang='lat' dir='ltr'><em>clamemus</em></span> <span class='ocrx_word' id='word_1_300' title='bbox 691 2296 742 2330; x_wconf 90' lang='lat' dir='ltr'><em>ad</em></span> <span class='ocrx_word' id='word_1_301' title='bbox 774 2296 897 2344; x_wconf 86' lang='lat' dir='ltr'><em>ipsum</em></span> <span class='ocrx_word' id='word_1_302' title='bbox 922 2296 1077 2344; x_wconf 85' lang='lat' dir='ltr'><em>fontem</em></span> <span class='ocrx_word' id='word_1_303' title='bbox 1112 2296 1186 2331; x_wconf 80' lang='lat' dir='ltr'><em>vite</em></span> <span class='ocrx_word' id='word_1_304' title='bbox 1217 2296 1322 2331; x_wconf 87' lang='lat' dir='ltr'><em>Abba</em></span> <span class='ocrx_word' id='word_1_305' title='bbox 1350 2303 1476 2345; x_wconf 79' lang='lat' dir='ltr'><em>pater.</em></span> <span class='ocrx_word' id='word_1_306' title='bbox 1776 2302 1815 2335; x_wconf 76' lang='lat'><em>35</em></span> 
     </span>
     <span class='ocr_line' id='line_1_38' title="bbox 509 2354 1759 2403; baseline 0.002 -15"><span class='ocrx_word' id='word_1_307' title='bbox 509 2354 608 2388; x_wconf 85' lang='lat' dir='ltr'><em>Sane</em></span> <span class='ocrx_word' id='word_1_308' title='bbox 647 2366 718 2389; x_wconf 88' lang='lat' dir='ltr'><em>non</em></span> <span class='ocrx_word' id='word_1_309' title='bbox 759 2354 1005 2403; x_wconf 75' lang='lat' dir='ltr'><em>negligenter</em></span> <span class='ocrx_word' id='word_1_310' title='bbox 1039 2355 1341 2403; x_wconf 83' lang='lat' dir='ltr'><em>pretereundum</em></span> <span class='ocrx_word' id='word_1_311' title='bbox 1375 2361 1430 2390; x_wconf 90' lang='lat' dir='ltr'><em>est</em></span> <span class='ocrx_word' id='word_1_312' title='bbox 1468 2354 1569 2402; x_wconf 79' lang='lat' dir='ltr'><em>quod</em></span> <span class='ocrx_word' id='word_1_313' title='bbox 1606 2366 1656 2389; x_wconf 85' lang='lat' dir='ltr'><em>ex</em></span> <span class='ocrx_word' id='word_1_314' title='bbox 1687 2354 1759 2390; x_wconf 89' lang='lat' dir='ltr'><em>hiis</em></span> 
     </span>
     <span class='ocr_line' id='line_1_39' title="bbox 450 2411 1759 2460; baseline 0.002 -15"><span class='ocrx_word' id='word_1_315' title='bbox 450 2411 622 2446; x_wconf 87' lang='lat' dir='ltr'><em>omnibus</em></span> <span class='ocrx_word' id='word_1_316' title='bbox 664 2411 865 2446; x_wconf 86' lang='lat' dir='ltr'><em>sentenciis</em></span> <span class='ocrx_word' id='word_1_317' title='bbox 908 2412 1042 2460; x_wconf 82' lang='lat' dir='ltr'><em>quibus</em></span> <span class='ocrx_word' id='word_1_318' title='bbox 1087 2424 1155 2447; x_wconf 85' lang='lat' dir='ltr'><em>nos</em></span> <span class='ocrx_word' id='word_1_319' title='bbox 1198 2412 1388 2448; x_wconf 86' lang='lat' dir='ltr'><em>Dominus</em></span> <span class='ocrx_word' id='word_1_320' title='bbox 1430 2424 1548 2447; x_wconf 91' lang='lat' dir='ltr'><em>orare</em></span> <span class='ocrx_word' id='word_1_321' title='bbox 1585 2412 1759 2460; x_wconf 80' lang='lat' dir='ltr'><em>precepit</em></span> 
     </span>
     <span class='ocr_line' id='line_1_40' title="bbox 449 2469 1759 2518; baseline 0.001 -15"><span class='ocrx_word' id='word_1_322' title='bbox 449 2480 532 2503; x_wconf 88' lang='lat' dir='ltr'><em>eam</em></span> <span class='ocrx_word' id='word_1_323' title='bbox 552 2469 793 2517; x_wconf 89' lang='lat' dir='ltr'><em>potissimum</em></span> <span class='ocrx_word' id='word_1_324' title='bbox 818 2470 1161 2505; x_wconf 84' lang='lat' dir='ltr'><em>commendandam</em></span> <span class='ocrx_word' id='word_1_325' title='bbox 1193 2482 1273 2505; x_wconf 87' lang='lat' dir='ltr'><em>esse</em></span> <span class='ocrx_word' id='word_1_326' title='bbox 1295 2470 1478 2505; x_wconf 80' lang='lat' dir='ltr'><em>iudicavit</em></span> <span class='ocrx_word' id='word_1_327' title='bbox 1506 2481 1576 2518; x_wconf 85' lang='lat' dir='ltr'><em>que</em></span> <span class='ocrx_word' id='word_1_328' title='bbox 1592 2469 1759 2517; x_wconf 87' lang='lat' dir='ltr'><em>pertinet</em></span> 
     </span>
    </p>
   </div>
   <div class='ocr_carea' id='block_1_4' title="bbox 449 2624 1762 2762">
    <p class='ocr_par' dir='ltr' id='par_1_4' title="bbox 449 2624 1762 2762">
     <span class='ocr_line' id='line_1_41' title="bbox 518 2624 1757 2660; baseline 0.002 -10"><span class='ocrx_word' id='word_1_329' title='bbox 518 2632 548 2657; x_wconf 82' lang='lat'><em>4.</em></span> <span class='ocrx_word' id='word_1_330' title='bbox 568 2625 597 2651; x_wconf 88' lang='lat' dir='ltr'><strong>A</strong></span> <span class='ocrx_word' id='word_1_331' title='bbox 617 2624 645 2650; x_wconf 89' lang='lat' dir='ltr'><em>in</em></span> <span class='ocrx_word' id='word_1_332' title='bbox 669 2632 781 2658; x_wconf 59' lang='lat' dir='ltr'><em>marg:</em></span> <span class='ocrx_word' id='word_1_333' title='bbox 809 2632 841 2659; x_wconf 70' lang='lat'><em>3.</em></span> <span class='ocrx_word' id='word_1_334' title='bbox 952 2633 988 2651; x_wconf 78' lang='lat'><em>12.</em></span> <span class='ocrx_word' id='word_1_335' title='bbox 1009 2625 1037 2652; x_wconf 89' lang='lat' dir='ltr'><strong>A</strong></span> <span class='ocrx_word' id='word_1_336' title='bbox 1065 2625 1094 2652; x_wconf 86' lang='lat' dir='ltr'><em>in</em></span> <span class='ocrx_word' id='word_1_337' title='bbox 1124 2634 1237 2660; x_wconf 47' lang='lat' dir='ltr'><em>marga</em></span> <span class='ocrx_word' id='word_1_338' title='bbox 1266 2632 1297 2657; x_wconf 68' lang='lat'><em>4.</em></span> <span class='ocrx_word' id='word_1_339' title='bbox 1408 2633 1446 2659; x_wconf 87' lang='lat'><em>17.</em></span> <span class='ocrx_word' id='word_1_340' title='bbox 1473 2626 1502 2652; x_wconf 94' lang='lat' dir='ltr'><strong>A</strong></span> <span class='ocrx_word' id='word_1_341' title='bbox 1531 2625 1560 2652; x_wconf 86' lang='lat' dir='ltr'><em>in</em></span> <span class='ocrx_word' id='word_1_342' title='bbox 1588 2633 1700 2660; x_wconf 48' lang='lat' dir='ltr'><em>marga</em></span> <span class='ocrx_word' id='word_1_343' title='bbox 1726 2626 1757 2652; x_wconf 83' lang='lat'><em>5.</em></span> 
     </span>
     <span class='ocr_line' id='line_1_42' title="bbox 450 2658 1762 2694; baseline 0.001 -9"><span class='ocrx_word' id='word_1_344' title='bbox 450 2667 491 2693; x_wconf 63' lang='grc' dir='ltr'><em>ις).</em></span> <span class='ocrx_word' id='word_1_345' title='bbox 514 2660 541 2685; x_wconf 91' lang='grc' dir='ltr'><strong>Α</strong></span> <span class='ocrx_word' id='word_1_346' title='bbox 562 2658 591 2685; x_wconf 84' lang='lat' dir='ltr'><em>in</em></span> <span class='ocrx_word' id='word_1_347' title='bbox 613 2667 727 2693; x_wconf 45' lang='lat' dir='ltr'><em>marga</em></span> <span class='ocrx_word' id='word_1_348' title='bbox 753 2658 782 2685; x_wconf 84' lang='lat'><em>6.</em></span> <span class='ocrx_word' id='word_1_349' title='bbox 857 2659 901 2685; x_wconf 67' lang='lat'><em>26.</em></span> <span class='ocrx_word' id='word_1_350' title='bbox 922 2660 1112 2694; x_wconf 72' lang='lat' dir='ltr'><em>Augustino:</em></span> <span class='ocrx_word' id='word_1_351' title='bbox 1134 2660 1320 2694; x_wconf 79' lang='lat' dir='ltr'><em>temporalia</em></span> <span class='ocrx_word' id='word_1_352' title='bbox 1340 2663 1368 2686; x_wconf 84' lang='lat' dir='ltr'><em>et</em></span> <span class='ocrx_word' id='word_1_353' title='bbox 1387 2663 1522 2687; x_wconf 81' lang='lat' dir='ltr'><em>terrena.</em></span> <span class='ocrx_word' id='word_1_354' title='bbox 1597 2660 1639 2685; x_wconf 69' lang='lat'><em>28.</em></span> <span class='ocrx_word' id='word_1_355' title='bbox 1661 2661 1705 2686; x_wconf 86' lang='lat' dir='ltr'><em>A:</em></span> <span class='ocrx_word' id='word_1_356' title='bbox 1731 2660 1762 2686; x_wconf 86' lang='lat' dir='ltr'><em>si</em></span> 
     </span>
     <span class='ocr_line' id='line_1_43' title="bbox 449 2693 1757 2762; baseline 0.001 -43"><span class='ocrx_word' id='word_1_357' title='bbox 449 2693 728 2762; x_wconf 41' lang='lat' dir='ltr'><em>fflffsssfflenmoem&#39;</em></span> <span class='ocrx_word' id='word_1_358' title='bbox 802 2702 848 2728; x_wconf 73' lang='lat'><em>2¹)-</em></span> <span class='ocrx_word' id='word_1_359' title='bbox 862 2695 889 2721; x_wconf 91' lang='lat' dir='ltr'><strong>A</strong></span> <span class='ocrx_word' id='word_1_360' title='bbox 900 2707 905 2720; x_wconf 72' lang='grc' dir='ltr'><strong><em>ι</em></strong></span> <span class='ocrx_word' id='word_1_361' title='bbox 918 2695 1013 2721; x_wconf 83' lang='lat' dir='ltr'><em>bonas</em></span> <span class='ocrx_word' id='word_1_362' title='bbox 1029 2695 1125 2721; x_wconf 84' lang='lat' dir='ltr'><em>twice.</em></span> <span class='ocrx_word' id='word_1_363' title='bbox 1200 2694 1243 2722; x_wconf 83' lang='lat'><em>30.</em></span> <span class='ocrx_word' id='word_1_364' title='bbox 1260 2696 1286 2722; x_wconf 84' lang='lat' dir='ltr'><strong>A</strong></span> <span class='ocrx_word' id='word_1_365' title='bbox 1301 2695 1330 2721; x_wconf 85' lang='lat' dir='ltr'><em>in</em></span> <span class='ocrx_word' id='word_1_366' title='bbox 1348 2703 1460 2729; x_wconf 53' lang='lat' dir='ltr'><em>marg:</em></span> <span class='ocrx_word' id='word_1_367' title='bbox 1477 2703 1505 2729; x_wconf 90' lang='lat'><em>7.</em></span> <span class='ocrx_word' id='word_1_368' title='bbox 1578 2693 1621 2729; x_wconf 81' lang='lat'><em>37.</em></span> <span class='ocrx_word' id='word_1_369' title='bbox 1635 2694 1672 2721; x_wconf 87' lang='lat' dir='ltr'><em>B:</em></span> <span class='ocrx_word' id='word_1_370' title='bbox 1685 2702 1757 2729; x_wconf 87' lang='lat' dir='ltr'><em>pre-</em></span> 
     </span>
    </p>
   </div>
   <div class='ocr_carea' id='block_1_5' title="bbox 452 2787 1757 2873">
    <p class='ocr_par' dir='ltr' id='par_1_5' title="bbox 452 2787 1757 2873">
     <span class='ocr_line' id='line_1_44' title="bbox 524 2787 1757 2828; baseline 0.002 -11"><span class='ocrx_word' id='word_1_371' title='bbox 524 2797 549 2817; x_wconf 89' lang='lat'><em>1.</em></span> <span class='ocrx_word' id='word_1_372' title='bbox 578 2787 696 2818; x_wconf 75' lang='lat' dir='ltr'><em>Matth.</em></span> <span class='ocrx_word' id='word_1_373' title='bbox 715 2789 818 2826; x_wconf 84' lang='lat' dir='ltr'>XXV,</span> <span class='ocrx_word' id='word_1_374' title='bbox 840 2789 891 2827; x_wconf 80' lang='lat'><em>34.</em></span> <span class='ocrx_word' id='word_1_375' title='bbox 990 2790 1018 2820; x_wconf 69' lang='lat'><em>3.</em></span> <span class='ocrx_word' id='word_1_376' title='bbox 1047 2790 1100 2819; x_wconf 80' lang='lat' dir='ltr'><em>Ps.</em></span> <span class='ocrx_word' id='word_1_377' title='bbox 1119 2790 1264 2828; x_wconf 89' lang='lat' dir='ltr'>XXXIII,</span> <span class='ocrx_word' id='word_1_378' title='bbox 1286 2799 1314 2820; x_wconf 82' lang='lat'><em>2.</em></span> <span class='ocrx_word' id='word_1_379' title='bbox 1417 2799 1464 2819; x_wconf 94' lang='lat'><em>10.</em></span> <span class='ocrx_word' id='word_1_380' title='bbox 1492 2789 1593 2820; x_wconf 87' lang='lat' dir='ltr'><em>Rom.</em></span> <span class='ocrx_word' id='word_1_381' title='bbox 1612 2789 1757 2828; x_wconf 75' lang='lat' dir='ltr'>V11,23.</span> 
     </span>
     <span class='ocr_line' id='line_1_45' title="bbox 452 2834 1075 2873; baseline 0.003 -10"><span class='ocrx_word' id='word_1_382' title='bbox 452 2834 504 2872; x_wconf 80' lang='lat'><em>34.</em></span> <span class='ocrx_word' id='word_1_383' title='bbox 532 2834 632 2864; x_wconf 83' lang='lat' dir='ltr'><em>Rom.</em></span> <span class='ocrx_word' id='word_1_384' title='bbox 660 2834 746 2872; x_wconf 75' lang='lat' dir='ltr'>VIII,</span> <span class='ocrx_word' id='word_1_385' title='bbox 779 2834 832 2872; x_wconf 82' lang='lat'><em>15;</em></span> <span class='ocrx_word' id='word_1_386' title='bbox 861 2834 934 2865; x_wconf 87' lang='lat' dir='ltr'><em>Gal.</em></span> <span class='ocrx_word' id='word_1_387' title='bbox 962 2835 1017 2873; x_wconf 87' lang='lat' dir='ltr'><em>IV,</em></span> <span class='ocrx_word' id='word_1_388' title='bbox 1044 2834 1075 2865; x_wconf 83' lang='lat'><em>6.</em></span> 
     </span>
    </p>
   </div>
  </div>
 </body>
</html>
