2003 3322
214 211 302 239 CAP.
324 203 421 257 xlx]
675 215 890 246 SECUNDA
917 214 1045 245 PARS.

214 329 332 365 tetur,
366 329 409 356 ut
438 329 605 367 apparet
637 321 858 356 secundum
893 321 1019 367 legem
1055 318 1205 355 diaboli
1244 318 1420 354 tribuere
1453 330 1524 354 suo

214 377 379 413 inimico
413 377 674 414 mortificanti
708 378 917 414 ecclesiam
947 376 1190 425 stipendium
1215 376 1453 424 temporale,
1488 384 1525 411 et

214 435 269 471 sic
311 435 574 471 necessitatur
621 435 752 472 fovere
799 436 950 472 scolam
994 434 1231 471 Antichristi
1271 433 1523 470 occidentem

215 493 360 529 Christi
394 492 601 529 ecclesiam
636 494 743 541 quod
777 493 1080 529 excusacionem
1113 505 1194 528 non
1222 500 1353 539 potest
1383 503 1526 539 capere

181 554 305 587 §ante
329 553 470 587 Deum.
495 551 613 587 Tales
636 551 759 598 igitur
774 559 949 599 quatuor
967 552 1155 586 humores
1180 549 1314 586 infecti
1338 549 1526 585 facientes

215 617 271 644 tot
316 609 624 656 gurgulaciones
679 609 720 645 in
773 621 941 656 corpore
993 608 1133 645 matris
1178 607 1343 644 ecclesie
1390 615 1527 643 nostre

214 668 360 702 debent
401 667 552 703 destrui
594 676 631 703 et
670 666 806 703 reduci
847 668 897 703 ad
937 666 1149 703 sanitatem
1191 678 1312 714 quam
1347 665 1527 702 Christus

213 724 405 772 imposuit
429 734 465 760 et
489 724 575 773 ipsa
604 724 754 761 sanitas
784 737 828 760 ex
857 725 933 760 fide
964 724 1145 761 consistit
1174 724 1214 759 in
1242 723 1528 760 observacione

215 782 441 830 equalitatis
473 782 570 830 legis
600 781 761 818 Domini
795 784 929 831 quoad
961 782 1163 819 iusticiam
1198 790 1234 817 et
1267 782 1316 817 ad
1348 782 1527 828 pondus;

158 853 198 875 10
213 841 282 876 sed
319 850 440 876 nutus
484 840 665 876 modicus
705 840 834 876 factus
872 840 912 876 in
951 839 1117 876 brachio
1158 851 1257 887 eque
1296 839 1397 874 libre
1435 838 1529 875 facit

215 910 388 934 errorem
425 898 645 934 notabilem
680 897 720 934 in
752 910 958 948 processu,
997 911 1086 934 curn
1131 910 1202 945 per
1240 896 1527 945 philosophum

214 955 405 992 minimus
445 969 556 992 error
595 956 634 992 in
673 956 874 1004 principio
916 955 1079 992 maximi
1119 964 1176 991 est
1209 967 1329 992 causa
1363 954 1403 990 in
1437 954 1526 991 fine.

713 1105 851 1145 CAP.
885 1104 1026 1144 XIX.

274 1210 463 1258 Sequitur
507 1210 546 1246 in
591 1219 698 1246 textu
745 1210 959 1257 evangelii:
1019 1210 1113 1246 Cum
1162 1217 1287 1246 autem
1340 1210 1527 1255 ieiunatis,

161 1269 331 1306 15nolite
350 1268 449 1318 fieri
477 1269 575 1304 sicut
598 1269 787 1319 ypocrite
819 1269 971 1312 tristes;
1000 1268 1262 1304 exterminant
1284 1268 1382 1303 enim
1397 1268 1529 1316 facies

213 1339 316 1372 suas,
354 1334 393 1361 ut
419 1334 586 1375 pareant
619 1327 834 1362 hominibus
866 1327 1086 1362 ieizmantes.
1126 1326 1249 1361 Amen
1284 1326 1367 1361 dico
1401 1326 1529 1362 vobis:

216 1392 442 1433 receperunt
495 1385 709 1420 mercedem
762 1397 885 1420 suam.
945 1385 999 1419 Tu
1053 1392 1179 1419 autem
1232 1396 1315 1418 cum
1370 1384 1528 1428 ieiunas,

215 1455 318 1491 unge
371 1450 485 1490 caput
535 1450 640 1477 tuum
695 1449 729 1477 et
768 1442 918 1490 faciem
966 1449 1069 1477 tuam
1119 1442 1219 1485 lava,
1272 1454 1317 1476 ne
1360 1442 1529 1477 videaris

215 1500 431 1535 hominibus
468 1500 651 1542 ieiunans,
690 1501 758 1535 sed
791 1500 902 1548 patri
938 1506 1001 1535 tuo
1034 1500 1098 1548 qui
1129 1507 1184 1535 est
1216 1500 1251 1534 in
1284 1499 1530 1544 abscondito,-

158 1573 200 1593 20
215 1565 249 1593 et
278 1565 393 1606 pater
424 1565 511 1594 tuus
542 1558 606 1606 qui
637 1558 738 1593 videt
770 1558 806 1593 in
839 1558 1060 1593 abscondito
1094 1558 1230 1593 reddet
1262 1557 1338 1592 tibi.

273 1616 401 1662 Super
433 1628 513 1663 quo
545 1615 811 1663 Augustinus:
848 1616 1028 1663 Sequitur
1057 1617 1103 1650 de
1135 1615 1270 1651 ieiunio
1298 1622 1525 1663 preceptum

210 1673 410 1722 pertinens
442 1674 493 1708 ad
524 1674 682 1709 eandem
719 1673 850 1709 cordis
882 1674 1187 1716 mundacionem,
1234 1674 1279 1708 de
1317 1685 1389 1721 qua
1430 1685 1528 1708 nunc

215 1731 361 1781 agitur.
408 1732 508 1766 Nam
554 1739 589 1767 et
636 1731 671 1766 in
716 1732 787 1767 hoc
832 1743 978 1779 quoque
1016 1731 1306 1779 precavendum
1361 1738 1428 1777 est,
1482 1743 1527 1765 ne

214 1796 397 1837 surrepat
441 1789 569 1837 aliqua
615 1789 823 1825 ostentacio
867 1797 901 1824 et
945 1790 1138 1838 appetitus
1187 1789 1312 1824 laudis
1365 1789 1528 1824 humane

159 1851 198 1883 25
216 1847 280 1895 qui
323 1847 490 1895 duplicet
534 1859 603 1883 cor
634 1854 668 1882 et
707 1859 779 1882 non
818 1847 917 1883 sinat
956 1847 1140 1882 mundum
1182 1854 1216 1882 et
1247 1847 1419 1895 simplex
1450 1859 1530 1882 esse

216 1905 268 1939 ad
301 1905 494 1940 dominum
529 1905 653 1940 Deum
694 1905 999 1955 intelligendum.
1047 1904 1141 1940 Cum
1181 1911 1306 1940 autem
1341 1904 1528 1949 ieiunatis,

216 1962 347 2010 inquit,
391 1963 506 1998 nolite
537 1963 635 2012 fieri
675 1963 772 1998 sicut
804 1963 992 2014 ypocrite
1031 1963 1174 2007 tristes,
1226 1963 1530 1998 exterminantes

217 2021 362 2055 vultum
395 2033 519 2065 suum,
560 2028 600 2056 ut
631 2029 848 2069 appareant
887 2021 1101 2056 hominibus
1133 2020 1364 2056 ieiunantes:
1410 2020 1530 2055 Amen

218 2079 301 2114 dico
335 2079 450 2123 vohis,
482 2086 739 2127 perceperunt
772 2079 988 2114 mercedem
1030 2092 1137 2115 suam
1178 2091 1289 2126 quam
1324 2079 1531 2126 querebant

160 2140 202 2171 30
217 2144 251 2171 et
284 2148 355 2171 non
389 2136 519 2171 aliam.
562 2137 635 2172 Vos
666 2144 791 2172 autem
826 2136 1037 2172 ieiunantes
1070 2136 1203 2186 ungite
1241 2136 1366 2184 capita
1401 2143 1529 2171 vestra

217 2201 251 2229 et
287 2194 417 2242 facies
470 2201 619 2230 uestras
672 2195 810 2240 lavate,
863 2206 908 2229 ne
960 2194 1168 2229 videamini
1217 2195 1263 2228 ab
1316 2193 1532 2229 hominibus

217 2252 437 2298 ieiunantes,
482 2252 550 2287 sed
586 2252 697 2300 patri
742 2259 871 2288 vestro
914 2252 980 2300 qui
1027 2259 1082 2287 est
1129 2252 1164 2286 in
1210 2251 1450 2293 abscondito,
1496 2258 1531 2286 et

212 2316 330 2358 pater
368 2317 495 2345 vester
531 2309 596 2357 qui
633 2317 689 2345 est
726 2310 761 2344 in
794 2310 1016 2345 abscondito
1057 2310 1193 2345 reddet
1240 2309 1356 2345 vobis.
1403 2309 1530 2344 Mani-

208 2367 358 2414 festum
399 2374 454 2403 est
492 2367 550 2403 his
577 2368 773 2416 preceptis
812 2380 959 2403 omnem
1001 2375 1174 2403 nostram
1215 2367 1463 2402 intencionem
1497 2373 1532 2402 et

161 2424 403 2463 351'nteriora
442 2425 589 2475 gaudia
630 2425 753 2475 dirigi
791 2425 942 2472 debere,
981 2437 1026 2461 ne
1046 2425 1157 2473 foris
1197 2431 1398 2473 querentes
1429 2436 1531 2460 mer-

289 2629 309 2647 1.
329 2622 373 2648 A:
396 2624 426 2648 et
443 2625 581 2657 apperet.
678 2622 705 2649 6.
726 2623 771 2648 A:
791 2620 1055 2657 gragulaciones.
1154 2629 1189 2655 11,
1212 2629 1249 2648 12.
1271 2622 1316 2648 A:
1339 2629 1405 2648 cum
1421 2629 1481 2656 per
1500 2636 1530 2640 —

217 2655 516 2718 ἒξήῖἒηῗίέεοεέἔωΐο
569 2664 608 2683 21.
640 2656 669 2683 A
694 2656 725 2682 in
752 2664 866 2691 marg:
894 2656 1095 2692 Augustinus.
1204 2654 1248 2683 23.
1277 2657 1322 2683 A:
1355 2656 1531 2683 cavendum.

220 2819 231 2849 l
293 2783 342 2813 14.
369 2773 488 2851 Matfith.
514 2774 570 2814 VI,
601 2773 745 2806 16-18.
844 2784 897 2805 21.
922 2774 974 2805 De
1000 2783 1163 2805 sermone
1181 2774 1320 2804 Domini
1346 2774 1378 2804 in
1402 2779 1532 2811 monte,

235 2843 241 2850 .
268 2829 296 2850 c.
323 2829 355 2860 p.
383 2829 420 2851 21
453 2844 459 2851 .

1732 202 1802 237 311

1556 324 1581 351 It
1600 324 1625 350 is
1645 332 1661 350 a
1682 324 1802 358 slavery

1568 358 1632 384 that
1652 366 1719 385 men
1741 366 1792 384 are

1608 393 1696 419 made
1716 397 1747 419 to

1609 431 1740 465 support

1582 461 1769 489 Antichrist.

1583 1617 1633 1643 Au
1657 1617 1773 1643 ustine:

1646 1660 1660 1678 e
1680 1656 1762 1678 must

1595 1686 1715 1713 beware
1735 1687 1770 1713 of

1559 1722 1744 1748 ostentation
1765 1721 1795 1748 in

1617 1756 1741 1791 fasting.
