2003 3322
191 240 265 275 194

887 236 1005 267 OPUS
1030 236 1365 267 EVANGELICUM
1579 224 1685 277 [CAR
1707 233 1782 260 LIII-

472 344 518 378 de
542 342 731 392 dignitate
744 354 857 391 quam
883 342 1046 377 habebat
1068 342 1103 377 in
1126 342 1267 387 seculo,
1292 354 1364 377 non
1383 342 1597 390 prebuerat
1617 342 1782 377 alteram

471 400 675 436 maxillam
709 399 925 436 cedentibus
958 400 1175 435 dexteram.
1229 400 1315 435 Non
1355 399 1453 435 enim
1487 399 1660 445 dicendo,
1693 399 1785 435 civis

471 459 668 494 Romanus
709 470 807 504 sum,
852 470 924 493 non
963 464 1049 492 erat
1080 464 1248 506 paratus
1292 458 1363 493 lzoc
1408 457 1444 492 in
1487 469 1528 493 se
1570 457 1788 506 contempni

469 517 572 565 quod
589 528 665 565 pro
699 515 853 551 minimo
888 515 1051 550 habebat
1083 515 1128 550 ab
1162 515 1214 551 eis
1241 511 1246 566 Ι
1273 515 1338 564 qui
1368 515 1404 550 in
1437 515 1502 550 illo
1536 527 1671 551 nomen
1705 522 1783 551 tam
1828 511 1909 553 375³

466 574 686 622 preciosum
720 581 755 609 et
779 573 955 609 salutare
986 580 1307 621 contempserant.
1344 573 1542 621 Numquid
1573 573 1669 608 enim
1702 573 1818 608 ide05

472 631 595 667 minus
628 638 764 680 postea
805 631 955 666 vincula
994 630 1177 666 toleravit
1207 642 1278 679 que
1309 630 1453 666 civibus
1484 631 1671 666 Romanis
1713 643 1784 666 non

472 689 608 725 licebat
630 689 775 738 imponi
788 696 854 724 aut
866 700 1093 737 quemquam
1114 688 1159 723 de
1182 689 1254 723 liac
1276 688 1415 723 iniuria
1432 688 1551 724 voluit
1573 688 1788 724 accusare?

472 747 550 783 Sed
579 747 614 782 si
642 746 707 795 qui
737 747 771 782 ei
785 753 954 795 propter
976 746 1142 781 civitatis
1164 746 1339 781 Romane
1361 757 1495 781 nomen
1513 753 1786 795 pepercerunt,

472 817 544 841 non
578 812 725 840 tantum
759 804 842 839 ideo
876 804 940 839 ille
971 816 1044 839 non
1072 803 1228 852 prebuit
1258 804 1360 852 quod
1382 803 1570 851 ferirent,
1605 816 1689 840 cum
1724 816 1787 839 eos

472 876 494 898 a
538 869 643 897 tanta
686 862 947 911 perversitate
997 861 1203 911 corrigere
1253 869 1410 910 cuperet
1455 862 1652 910 paciencia
1703 874 1786 908 sua,
1806 874 1845 895 ιο

470 932 565 969 quos
598 920 749 955 videbat
782 919 817 954 in
848 931 889 955 se
919 919 1097 955 sinistras
1124 926 1261 967 partes
1294 919 1422 968 magis
1453 920 1648 955 honorare
1673 931 1785 968 quam

473 978 671 1013 dexteras.
704 977 808 1012 Illud
840 984 895 1013 est
927 977 1023 1012 enim
1057 984 1204 1012 tantum
1239 977 1510 1012 attendendum
1548 989 1621 1025 quo
1661 977 1787 1012 animo

473 1035 600 1071 onmia
624 1035 784 1083 faceret
815 1047 929 1083 quam
963 1035 1142 1070 benevolo
1175 1042 1211 1069 et
1242 1034 1419 1070 clementi
1448 1034 1484 1069 in
1517 1047 1580 1070 eos
1607 1047 1628 1070 a
1656 1034 1789 1083 quibus

473 1094 544 1129 ista
572 1093 814 1142 paciebatur.
849 1093 949 1127 Nam
984 1100 1020 1127 et
1046 1091 1241 1141 pontificis
1272 1092 1375 1127 iussu
1403 1092 1537 1141 palma
1565 1105 1788 1141 percussus,

472 1152 574 1200 quod
606 1150 877 1186 contumeliose
910 1150 1012 1186 visus
1044 1157 1101 1186 est
1124 1150 1264 1192 dicere,
1298 1162 1382 1185 cum
1417 1150 1489 1186 ait:
1522 1150 1721 1186 Percuciet
1754 1157 1789 1185 te
1808 1151 1844 1183 15

473 1208 679 1254 Dominus,
702 1209 837 1257 paries
870 1209 1058 1254 dealbate,
1093 1208 1216 1243 minus
1248 1208 1547 1257 intelligentibus
1579 1208 1787 1244 convicium

471 1274 596 1311 sonat,
641 1266 941 1316 intelligentibus
981 1278 1072 1301 vero
1105 1265 1319 1314 prophecia
1359 1273 1426 1301 est.
1479 1266 1616 1301 Paries
1652 1266 1791 1314 quippe

472 1325 672 1360 dealbatus
705 1324 927 1375 hypocrisis
965 1331 1032 1368 est,
1078 1323 1118 1358 id
1150 1330 1216 1369 est,
1261 1323 1460 1359 simulacio
1504 1324 1787 1359 sacerdotalem

466 1382 677 1430 preferens
711 1382 952 1431 dignitatem,
986 1389 1021 1417 et
1051 1381 1118 1417 sub
1143 1382 1213 1417 lzoc
1235 1381 1385 1416 nomine
1407 1388 1601 1430 tamquam
1625 1381 1788 1417 candido

472 1440 640 1489 tegmine
678 1439 900 1475 interiorem
933 1439 1044 1488 quasi
1080 1440 1221 1474 luteam
1263 1439 1539 1487 turpitudinem
1580 1439 1786 1475 occultans.
1807 1451 1847 1472 20

473 1498 575 1533 Nam
607 1498 710 1546 quod
742 1497 968 1532 humilitatis
991 1497 1087 1545 fuit,
1122 1496 1355 1532 mirabiliter
1387 1497 1604 1541 custodivit,
1641 1509 1724 1533 cum
1759 1497 1793 1532 ei

473 1555 688 1591 diceretur:
739 1555 913 1603 Principi
967 1555 1213 1591 sacerdotum
1276 1554 1505 1590 maledicis?
1573 1555 1792 1603 respondit:

474 1613 629 1649 Nescivi
650 1613 811 1662 fratres
841 1613 928 1661 quia
966 1613 1150 1662 princeps
1188 1620 1243 1648 est
1279 1613 1538 1648 sacerdotum.
1595 1612 1789 1661 Scriptum

473 1679 528 1707 est
560 1671 679 1707 enim:
710 1671 883 1719 Principi
908 1670 1046 1719 populi
1076 1670 1132 1706 tui
1162 1682 1234 1706 non
1268 1670 1485 1706 maledices.
1524 1670 1596 1706 Ubi
1628 1670 1791 1706 ostendit

472 1737 614 1778 quanta
659 1728 940 1777 tranquillitate
981 1728 1079 1763 illud
1126 1728 1288 1764 dixisset
1333 1729 1436 1777 quod
1478 1728 1602 1764 iratus
1646 1728 1847 1764 dixisse25

476 1787 692 1833 videbatur,
724 1787 826 1835 quod
858 1794 937 1821 tam
971 1786 1058 1829 cito,
1097 1793 1174 1821 tam
1209 1793 1406 1822 mansuete
1438 1786 1650 1835 respondit,
1689 1786 1793 1835 quod

475 1845 521 1880 ab
555 1844 844 1894 indignantibus
876 1852 911 1880 et
928 1843 1171 1893 perturbatis
1192 1843 1290 1894 fieri
1321 1856 1393 1879 non
1421 1851 1561 1893 potest.
1596 1844 1648 1879 Et
1680 1844 1715 1879 in
1749 1856 1790 1880 eo

475 1903 556 1952 ipso
589 1902 889 1952 intelligentibus
917 1913 1050 1937 verum
1086 1901 1205 1937 dixit:
1238 1902 1393 1937 Nescivi
1416 1902 1504 1950 quia
1522 1901 1704 1951 princeps
1737 1909 1792 1938 est

475 1961 736 2006 sacerdotum,
760 1967 955 2008 tamquam
978 1960 1013 1995 si
1034 1959 1199 1995 diceret:
1220 1959 1310 2010 Ego
1334 1959 1450 1994 alium
1469 1959 1788 2008 sciviprinczpenz

474 2018 736 2063 sacerdotum,
766 2030 843 2066 pro
867 2017 971 2053 cuius
995 2017 1145 2053 nomine
1167 2017 1234 2052 illa
1257 2016 1437 2062 sustineo,
1470 2017 1530 2053 cui
1560 2018 1792 2053 maledicere
1807 2019 1848 2051 30

467 2076 541 2124 fas
573 2088 646 2111 non
679 2082 734 2111 est
766 2083 802 2111 et
834 2075 895 2111 cui
925 2087 993 2110 vos
1025 2075 1266 2119 maledicitis,
1301 2087 1384 2111 cum
1420 2075 1455 2110 in
1488 2087 1547 2110 me
1571 2075 1665 2110 nihil
1685 2075 1793 2110 aliud

475 2146 587 2182 quain
622 2145 756 2169 nomen
790 2132 868 2168 eius
901 2133 1047 2168 odistis.
1094 2132 1156 2168 Sic
1189 2144 1286 2182 ergo
1320 2139 1472 2181 oportet
1503 2145 1576 2168 non
1613 2132 1792 2168 simulate

477 2192 547 2227 ista
587 2190 786 2235 insultare,
835 2191 904 2226 sed
942 2190 977 2225 in
1016 2190 1097 2239 ipso
1132 2190 1250 2226 corde
1288 2202 1369 2226 esse
1400 2191 1451 2225 ad
1483 2190 1610 2226 omnia
1644 2202 1789 2240 prepa-

478 2256 619 2292 ratum,
652 2256 693 2284 ut
719 2248 843 2297 possit
875 2259 1013 2284 canere
1042 2248 1139 2283 illud
1166 2248 1457 2297 propheticum:
1501 2248 1688 2283 Paratum
1723 2260 1792 2284 cor

477 2318 600 2342 meum
645 2307 763 2352 Deus,
805 2313 990 2354 paratum
1036 2318 1105 2341 cor
1148 2317 1285 2343 meum.
1332 2305 1450 2340 Multi
1490 2305 1586 2341 enim
1625 2306 1791 2354 prebere
1806 2306 1846 2341 35

477 2365 642 2399 alteram
684 2364 888 2399 maxillam
927 2370 1128 2409 noverunt,
1168 2363 1334 2413 diligere
1372 2375 1463 2398 vero
1503 2362 1609 2398 illum
1652 2376 1672 2398 a
1716 2375 1788 2412 quo

469 2422 676 2470 feriuntur
708 2421 904 2471 ignorant.
938 2421 989 2456 At
1012 2433 1103 2456 vero
1131 2421 1211 2469 ipse
1232 2420 1436 2466 Dominus,
1468 2420 1533 2469 qui
1553 2421 1678 2469 utique
1696 2432 1788 2469 pre-

478 2487 586 2528 cepta
609 2491 680 2528 que
702 2479 830 2515 docuit
857 2479 973 2528 prius
1004 2479 1177 2527 implevit
1204 2478 1443 2527 percucienti
1463 2490 1503 2514 se
1525 2478 1560 2514 in
1583 2478 1787 2514 maxillam

547 2624 571 2651 3.
594 2626 636 2651 A:
658 2624 814 2651 Romanus
826 2624 900 2651 sive.
990 2623 1018 2651 8.
1033 2624 1077 2651 A:
1100 2626 1128 2650 et
1140 2624 1187 2656 si‚·
1207 2624 1246 2650 ib.
1263 2624 1306 2650 A:
1328 2623 1430 2650 Rome.
1512 2622 1548 2650 13.
1570 2624 1614 2650 A:
1634 2623 1789 2651 benevole.

481 2668 521 2692 ¹4-
542 2660 585 2686 A:
606 2667 678 2686 nam
698 2659 739 2686 in.
814 2658 856 2691 16,
879 2667 917 2693 17.
939 2659 982 2685 A:
1005 2659 1174 2686 convicium
1198 2674 1227 2677 —
1241 2665 1316 2685 vero
1338 2658 1430 2685 deest.
1504 2665 1549 2685 20.
1572 2658 1608 2684 B:
1631 2659 1788 2685 occultans

479 2695 572 2720 deest.
680 2700 717 2720 21.
740 2694 784 2720 A:
807 2693 875 2721 Non
897 2693 986 2728 quod.
1096 2701 1140 2723 20-
1165 2692 1280 2719 Codd.:
1316 2694 1470 2727 tamquam
1489 2692 1518 2719 si
1536 2692 1628 2719 deest.
1660 2692 1788 2720 Addidi.

479 2727 520 2755 33.
536 2730 580 2755 A:
597 2728 727 2755 iactare.
801 2727 847 2755 36.
860 2729 902 2754 A:
920 2728 1053 2754 alteram
1068 2724 1172 2761 twice:
1185 2727 1317 2762 prebere
1331 2727 1424 2754 deest.
1497 2725 1540 2762 37.
1553 2728 1597 2754 A:
1611 2727 1788 2762 ignoratur.

550 2800 578 2831 3.
607 2801 679 2830 Act.
698 2799 797 2838 XXII,
819 2798 870 2830 26.
970 2809 1022 2830 22.
1042 2800 1115 2831 Act.
1134 2799 1249 2838 XXIII,
1278 2797 1306 2829 3.
1393 2808 1444 2840 24.
1472 2798 1582 2830 Exod.
1607 2799 1707 2839 XXII,
1740 2797 1788 2830 18.

480 2847 533 2887 34.
561 2846 686 2878 psalm.
715 2846 801 2885 LVI,
827 2844 858 2878 8,
