2003 3322
219 193 309 222 CAP.
333 184 490 240 xxxm]
706 195 919 228 SECUNDA
946 195 1072 227 PARS.
1745 187 1821 234 367

221 311 311 340 cent
332 314 405 339 nec
428 314 498 350 per
523 314 563 338 se
592 314 665 338 nec
695 314 765 349 per
787 301 937 338 iudices
969 303 1195 338 mundanos
1226 302 1359 349 quoad
1388 313 1533 349 penam
1573 308 1691 342 against
1710 309 1797 335 those

220 360 468 397 inferendam
512 359 797 396 iniuriantibus
837 368 1003 408 propter
1035 359 1223 395 iniuriam
1257 358 1331 395 sibi
1364 342 1815 405 factam30ff1¹1¹tssaffifcet2dffie

220 427 257 455 et
289 419 508 454 concordat
541 418 689 454 factum
714 417 862 453 Christi
897 426 934 453 et
957 417 1068 454 Pauli
1097 417 1157 453 sui
1189 416 1373 464 apostoli,
1407 416 1533 452 immo
1548 413 1730 473 C³n0¹¹laffigd
1752 413 1823 440 civil

217 476 279 512 lex
312 475 458 512 Christi
497 488 619 523 quarn
658 474 830 523 precipit
868 475 908 511 in
947 476 1022 511 hoc
1060 475 1152 511 loco
1185 476 1233 511 de
1266 473 1464 522 paciendo
1497 482 1534 510 et
1712 468 1718 474 ⁴

187 533 461 575 5remittendo
506 532 685 569 iniurias.
735 533 813 568 Sed
853 541 1011 569 constat
1050 533 1159 581 quod
1197 540 1275 568 tres
1307 532 1413 580 leges
1446 544 1534 579 pre-

220 590 338 637 dicte,
383 590 534 627 scilicet
577 591 637 626 lex
682 589 851 638 papalis,
904 590 1123 638 imperialis
1171 599 1209 626 et
1253 589 1397 638 regalis
1442 602 1533 625 cum

220 648 457 685 execucione
493 648 698 684 communi
735 648 798 684 isti
833 648 1035 685 sentencie
1065 647 1367 695 contradicunt3
1407 647 1533 683 immo

219 706 370 742 dictum
417 714 476 742 est
520 706 653 754 sepius
697 707 806 754 quod
851 705 926 742 iste
962 706 1068 754 leges
1109 715 1201 742 sunt
1233 706 1479 754 acceptande
1511 718 1534 741 a

219 764 417 810 fidelibus,
441 765 489 800 de
511 772 662 812 quanto
696 772 918 800 consonant
950 763 1027 811 legi
1050 763 1135 800 Dei.
1169 766 1224 800 Ex
1251 776 1355 812 equo
1376 763 1534 801 videtur

166 842 204 864 10
219 823 330 870 quod
368 830 460 858 sunt
492 821 721 870 aliqualiter
752 821 855 858 iuste
895 830 932 858 et
964 834 1139 858 consone
1170 821 1247 869 legi
1281 821 1367 868 Dei,
1406 821 1532 857 immo

218 879 250 915 si
283 879 485 927 principes
517 879 640 916 seculi
673 892 754 915 non
787 880 935 924 habent
966 879 1072 927 leges
1105 878 1261 928 aliquas
1291 880 1531 926 mundanas,

218 937 376 974 videtur
398 938 507 986 quod
539 950 621 973 non
653 938 800 973 debent
832 937 1065 973 seculariter
1097 936 1332 985 principari.
1366 938 1459 973 Ideo
1491 937 1532 973 in

218 995 294 1031 ista
327 995 495 1031 materia
528 1003 689 1043 oportet
726 996 945 1043 prudenter
977 996 1208 1043 procedere,
1247 994 1341 1043 quia
1377 994 1533 1031 videtur

217 1053 485 1100 Augustinum
531 1061 568 1089 et
612 1052 712 1089 alios
758 1061 918 1089 sanctos
961 1065 1085 1101 penas
1128 1053 1326 1101 legiorum
1373 1052 1532 1100 regibus
1555 1048 1808 1111 ihNgeceiafiifncastg

166 1119 202 1152 15
219 1122 311 1158 sepe
355 1111 590 1160 concedere,
642 1119 686 1146 ut
729 1110 823 1147 licet
867 1110 921 1147 eis
965 1110 1231 1158 incarcerare,
1285 1110 1532 1159 decapitare,
1581 1092 1785 1154 theppeopfge.)

219 1170 479 1218 suspendere,
526 1169 686 1207 trahere
726 1177 764 1205 et
802 1180 985 1205 cremare
1022 1169 1146 1216 legios
1178 1182 1270 1206 suos
1302 1168 1531 1217 tranquilli-

219 1235 343 1263 tatem
381 1226 443 1262 sui
482 1226 621 1275 populi
659 1227 952 1274 perturbantes.
1000 1228 1092 1264 Ideo
1124 1227 1178 1264 ita
1211 1227 1275 1263 hic
1308 1226 1416 1263 dicta
1449 1239 1532 1263 non

219 1293 312 1321 sunt
344 1283 465 1320 nimis
497 1284 571 1320 toti
603 1284 754 1332 populo
788 1285 1043 1321 declaranda.

279 1343 356 1378 Sed
399 1342 615 1378 videndum
659 1350 718 1378 est
762 1355 852 1378 cum
892 1342 1112 1390 prudencia
1145 1341 1242 1391 quid
1281 1342 1531 1391 evangelium
1580 1351 1648 1380 The
1669 1351 1795 1391 Gospel-

163 1418 205 1440 20
219 1399 318 1436 illud
362 1399 494 1438 sentit.
547 1401 596 1436 Et
638 1399 795 1436 videtur
839 1400 1081 1448 quibusdam
1127 1401 1236 1448 quod
1280 1400 1530 1449 evangelium
1547 1387 1819 1458 Ξξίῗςέξξξοξιῇιξ

219 1457 325 1494 istud
357 1457 477 1494 sentit
509 1457 753 1494 sentenciam
788 1458 1075 1506 supradictam.
1116 1458 1283 1495 Videtur
1315 1458 1442 1496 eciam
1477 1459 1531 1495 eis

218 1515 384 1552 ulterius
417 1517 527 1564 quod
558 1515 760 1564 principes
791 1515 915 1552 seculi
946 1525 1115 1564 possunt
1146 1516 1382 1553 seculariter
1404 1517 1532 1553 domi-

219 1573 318 1620 nari,
372 1573 464 1610 licet
506 1586 589 1610 non
633 1573 882 1610 exercuerint
929 1573 1084 1622 aliquas
1128 1574 1226 1611 tales
1271 1575 1391 1622 leges,
1437 1574 1532 1623 quia

219 1640 391 1680 possunt
422 1632 643 1668 secundum
676 1631 956 1668 ordinaciones
989 1633 1186 1669 humanas
1225 1641 1330 1669 stare
1364 1632 1531 1670 arbitrio

164 1688 413 1735 25iudicum,
457 1688 642 1737 accipere
686 1689 886 1737 stipendia
929 1690 1156 1727 necessaria
1194 1703 1267 1727 suo
1307 1690 1443 1727 officio
1484 1692 1531 1727 de

219 1748 368 1795 populo
400 1746 581 1784 subiecto
613 1759 686 1783 suo
718 1747 889 1796 imperio
919 1757 956 1784 et
980 1756 1146 1785 econtra
1167 1748 1312 1796 punire
1334 1749 1530 1797 populum

221 1804 336 1841 exilio
372 1805 434 1841 vel
480 1805 558 1842 alia
595 1817 698 1853 pena
737 1805 966 1853 evangelica
1011 1805 1088 1854 legi
1128 1806 1277 1843 Christi
1317 1806 1530 1852 conformi⁷

218 1862 310 1899 licet
326 1863 601 1900 malefactores
617 1864 836 1899 secundum
854 1864 1008 1901 nullum
1024 1864 1298 1913 predictorum
1315 1866 1530 1902 modorum

220 1932 290 1968 per
321 1921 421 1957 tales
452 1920 653 1968 principes
685 1921 810 1957 seculi
842 1920 921 1958 sint
953 1921 1097 1970 puniti.

163 1982 205 2015 30
276 1978 381 2015 Dicit
412 1978 488 2015 ista
520 1978 725 2016 sentencia
757 1979 882 2016 tercio
915 1981 1024 2028 quod
1054 1981 1116 2017 lex
1145 1980 1293 2017 Christi
1325 1980 1426 2017 foret
1459 1992 1530 2029 per
1554 1987 1687 2016 Christ‘s
1707 1990 1765 2016 law
1785 1990 1811 2017 is

219 2048 259 2072 se
291 2036 492 2073 sufficiens
525 2037 576 2073 ad
598 2045 724 2073 totam
760 2036 999 2074 militantem
1033 2038 1242 2075 ecclesiam
1266 2039 1527 2086 regulandam
1597 2024 1769 2093 engffigetssnto

220 2094 362 2130 melius
401 2107 521 2143 quam
561 2094 714 2142 regitur
750 2108 821 2142 per
859 2095 1102 2132 tradiciones
1147 2095 1357 2132 hominurn
1402 2096 1528 2132 intro·
1574 2092 1626 2154 Ἓξ
1645 2093 1755 2155 ἷζῡζὲῖν
1772 2095 1803 2156 113

220 2153 371 2188 ductas.
418 2153 496 2189 Sed
539 2152 715 2189 creditur
754 2154 862 2201 quod
909 2165 1070 2190 necesse
1114 2162 1172 2190 est
1216 2155 1324 2202 quod
1367 2154 1529 2191 veniant
1569 2135 1795 2199 1iinlffobeyuit.

219 2210 410 2246 scandala
456 2222 500 2246 ex
546 2209 630 2246 istis
682 2209 975 2247 tradicionibus
1027 2211 1238 2248 hominum
1290 2211 1527 2249 adinventis.

165 2271 203 2305 35
220 2269 319 2304 Narn
359 2267 496 2304 fideles
535 2267 699 2316 capiunt
737 2277 946 2317 tamquam
986 2269 1260 2317 propinquum
1295 2269 1387 2306 fidei
1421 2271 1529 2318 quod

219 2326 392 2373 populus
408 2326 588 2361 Hebreus
610 2326 650 2361 in
673 2327 758 2373 lege
772 2326 896 2363 veteri
919 2326 991 2363 fuit
1012 2327 1164 2375 optime
1186 2339 1284 2375 pure
1307 2329 1528 2364 secundum

218 2383 346 2431 legem
392 2383 553 2419 Domini
604 2384 826 2432 regulatus,
879 2397 972 2420 narn
1026 2393 1117 2421 ante
1168 2385 1264 2433 legis
1317 2385 1527 2423 dacionem

218 2441 445 2488 patriarche
483 2441 585 2477 sicut
618 2443 761 2488 Adam,
801 2443 910 2488 Seth,
943 2444 1041 2488 Noe,
1074 2443 1292 2490 Abraham,
1331 2445 1459 2480 Ysaac
1492 2452 1530 2480 et

218 2500 340 2535 Jacob
373 2511 464 2535 cum
499 2499 641 2536 ceteris
662 2500 823 2536 fuerunt
853 2513 924 2548 per
952 2500 1080 2548 legem
1113 2509 1256 2538 nature
1287 2501 1526 2549 impressam

159 2555 260 2601 40in
296 2556 484 2593 cordibus
522 2556 604 2593 suis
640 2557 793 2605 optime
836 2558 1021 2607 regulati,
1060 2567 1099 2595 et
1137 2559 1377 2607 quiditatem
1421 2559 1527 2596 illius

288 2743 331 2769 14.
351 2737 379 2764 A
405 2737 435 2764 in
463 2745 578 2772 marg:
604 2736 805 2773 Augustinus.
915 2744 957 2770 19.
983 2739 1011 2765 A
1037 2738 1067 2765 in
1094 2745 1209 2773 marga
1239 2746 1262 2765 1.
1375 2745 1414 2766 21.
1442 2740 1469 2766 A
1496 2738 1525 2767 in

219 2778 285 2798 mar
309 2781 332 2798 .:
353 2779 382 2798 2.
454 2770 499 2798 30.
520 2774 549 2811 ᾼ
569 2772 599 2798 in
621 2780 716 2807 marg.
739 2773 791 2799 fol.
813 2772 867 2799 int.
889 2771 977 2806 393‘1:
1002 2772 1092 2812 Quod
1109 2774 1160 2800 lex
1183 2772 1301 2800 Christi
1316 2774 1384 2801 sine
1402 2775 1468 2801 alia
1484 2778 1529 2801 est

217 2813 253 2832 su
261 2779 376 2841 spiens
394 2805 437 2833 ad
454 2814 591 2841 regzmen
611 2807 710 2834 tocius
730 2807 857 2834 ecclesie
874 2807 1045 2834 militantzs.
1120 2806 1162 2843 37.
1184 2809 1228 2835 A:
1249 2809 1330 2844 legis
1343 2809 1525 2836 diacionem.
