2062 3327
223 220 312 250 CAP.
333 209 387 265 v]
737 221 876 253 PRIMA
904 222 1030 254 PARS.

223 341 279 367 est
312 331 486 379 primum
522 330 748 366 intencione
782 340 818 366 et
851 330 1038 366 ultimum
1070 330 1109 366 in
1133 330 1383 366 execucione.
1419 330 1536 366 Meri-

222 399 306 425 tum
341 398 474 425 autem
511 388 685 436 primum
732 389 781 424 ad
816 389 920 425 hunc
969 390 1136 436 gradum
1184 388 1444 424 beatitudinis
1479 397 1536 424 est

222 456 437 495 paupertas
470 446 644 496 spiritus,
691 447 738 482 de
782 459 860 495 qua
906 446 1067 495 quidam
1103 446 1286 482 dubitant
1319 455 1451 482 utrum
1487 446 1536 481 sit

223 505 359 553 inopia
393 517 513 552 quam
550 505 692 540 fratres
727 506 943 541 observant
967 513 1008 540 ut
1040 505 1100 541 vel
1133 504 1188 539 sic
1222 503 1296 551 ipsi
1334 504 1411 539 sint
1445 505 1535 540 bea-

190 562 391 599 §titudine
424 561 647 610 propiores

279 622 356 657 Sed
389 621 452 656 hic
497 620 666 656 firmiter
713 628 849 655 teneas
896 628 932 655 et
975 620 1203 656 nullatenus
1237 619 1394 655 dubites
1427 621 1535 667 quod

223 679 402 714 Christus
435 678 497 714 hic
536 677 812 726 principaliter
843 676 1023 725 loquitur
1056 678 1103 713 de
1136 676 1333 725 spirituali
1366 689 1536 725 pauper-

221 745 301 773 tate
354 748 430 784 que
482 744 539 772 est
591 735 809 785 humilitas,
864 735 957 783 quia
1009 735 1096 783 ipsa
1140 734 1359 783 opponitur
1403 734 1535 782 primo

221 803 387 842 peccato
421 795 530 842 quod
562 793 611 830 sit
643 793 845 842 superbia,
880 802 917 829 et
950 802 1158 842 tamquam
1192 793 1302 841 prior
1333 792 1457 830 virtus
1490 805 1535 829 ac

170 851 548 900 xoperseverancior
591 864 718 900 usque
762 852 812 887 ad
858 850 1146 887 beatitudinem
1193 859 1433 899 perseverat.
1488 853 1535 887 Et

222 912 293 947 hec
339 910 515 946 creditur
547 909 656 946 racio
695 921 819 957 quare
853 909 1034 946 Christus
1079 909 1257 946 annectit
1302 908 1365 945 isti
1398 908 1534 945 virtuti

221 967 420 1016 premium
455 969 503 1004 de
550 967 739 1015 presenti,
786 968 879 1003 dum
915 967 1011 1003 dicit
1059 967 1237 1016 quoniam
1276 967 1447 1016 ipsorum
1481 974 1535 1003 est

222 1039 386 1077 regnum
419 1026 602 1062 celorum.
637 1027 738 1062 Nam
774 1025 879 1061 beati
913 1025 1045 1062 cuncti
1084 1025 1319 1062 laureantur
1351 1025 1427 1061 ista
1458 1024 1536 1061 vir—

222 1093 319 1134 tute,
353 1083 455 1120 sicut
478 1083 667 1132 superbia
699 1082 774 1119 sibi
799 1083 1001 1120 contraria
1025 1082 1159 1119 cuncti
1194 1082 1344 1119 diaboli
1378 1083 1535 1119 fuerant

169 1141 436 1190 15deturpati.
472 1144 550 1178 Ista
583 1154 676 1190 ergo
708 1141 832 1178 virtus
877 1141 980 1177 sicut
1013 1141 1088 1177 alie
1122 1140 1162 1177 in
1195 1140 1259 1178 via
1291 1153 1372 1177 non
1406 1149 1535 1177 cessat

220 1200 260 1236 in
293 1212 428 1250 opere,
463 1212 554 1236 cum
589 1199 693 1236 beati
726 1199 804 1235 sint
838 1208 1032 1247 perpetuo
1065 1211 1222 1235 summe
1256 1199 1384 1235 mites.

278 1260 355 1294 Ista
389 1270 481 1306 ergo
513 1257 638 1294 virtus
672 1256 813 1293 alludit
852 1257 973 1294 statui
1006 1257 1254 1303 innocencie,
1289 1257 1409 1293 statui
1442 1258 1533 1293 bea-

220 1315 401 1352 titudinis
436 1324 473 1352 et
505 1315 625 1352 statui
650 1315 713 1352 hic
735 1315 776 1351 in
804 1315 880 1352 via.
914 1317 996 1352 Nec
1019 1315 1185 1351 dubium
1220 1315 1316 1364 quin
1351 1314 1533 1362 implicat

220 1375 428 1410 honestam
454 1373 673 1424 egenciam,
707 1382 855 1410 statum
889 1373 1124 1410 innocencie
1157 1381 1194 1409 et
1226 1381 1374 1409 statum
1409 1372 1533 1409 beati-

164 1445 204 1466 20
219 1431 368 1468 tudinis
413 1431 640 1480 aliqualiter
674 1440 1000 1480 consequen-tem.
1045 1433 1147 1468 Nam
1180 1430 1221 1467 in
1259 1431 1343 1467 istis
1377 1432 1532 1467 duobus

218 1489 389 1526 statibus
422 1502 503 1526 non
536 1490 667 1526 forent
700 1489 883 1526 homines
909 1489 1156 1526 secularibus
1180 1488 1333 1525 diviciis
1361 1489 1531 1535 onerati,

218 1549 287 1584 sed
319 1548 450 1584 forent
483 1548 673 1584 habentes
712 1547 752 1583 in
786 1560 972 1585 mensura
1018 1549 1066 1584 de
1110 1547 1193 1584 istis
1227 1547 1342 1583 bonis
1375 1547 1532 1583 fortune

218 1605 366 1642 infimis
389 1614 586 1654 quantum
615 1615 673 1642 est
704 1605 976 1642 necessarium
1010 1618 1077 1642 eos
1111 1606 1277 1651 habere;
1311 1614 1348 1641 et
1380 1605 1437 1641 sic
1469 1605 1534 1640 ille

216 1663 345 1700 Viator
377 1677 457 1700 non
491 1673 550 1700 est
582 1664 764 1700 firmatus
796 1677 886 1701 vere
918 1665 993 1700 hac
1024 1664 1169 1700 virtute
1201 1663 1335 1700 celesti
1368 1675 1444 1712 que
1478 1671 1535 1699 est

162 1727 432 1770 25paupertas
476 1721 639 1770 spiritus
679 1735 756 1770 que
796 1735 877 1758 non
922 1721 1067 1759 excutit
1111 1721 1274 1759 divicias
1308 1722 1534 1757 mundanas

218 1780 455 1828 superfluas,
500 1779 724 1828 specialiter
768 1792 859 1816 cum
905 1779 981 1816 sint
1024 1779 1224 1816 viantibus
1269 1792 1439 1815 onerose
1484 1780 1534 1815 ad

217 1838 460 1885 superbiam,
511 1838 646 1886 gulam
691 1846 811 1886 atque
856 1838 1052 1874 luxuriam
1100 1847 1135 1874 et
1180 1837 1317 1874 omnia
1363 1836 1533 1873 crimina

217 1896 414 1932 allective:
448 1898 530 1932 Nec
563 1896 601 1931 in
626 1895 700 1932 ista
724 1896 922 1944 corporali
949 1896 1085 1944 inopia
1110 1895 1290 1932 consistit
1322 1895 1534 1931 inicialiter

219 1954 394 1989 medium
431 1963 570 1990 contra
603 1954 779 2001 primum
813 1963 1023 2002 peccatum
1059 1955 1108 1990 ad
1143 1953 1434 1990 beatitudinem
1469 1965 1534 1988 ac-

161 2016 203 2048 30
218 2012 471 2060 quirendam.

276 2069 492 2106 Dubitatur
516 2069 642 2106 eciam
668 2069 937 2106 communiter
961 2069 991 2104 si
1016 2069 1090 2105 iste
1123 2081 1255 2105 sermo
1279 2068 1427 2105 Christi
1461 2068 1533 2104 fuit

217 2127 281 2163 ille
315 2140 432 2175 quem
467 2127 638 2175 Spiritus
684 2130 853 2164 Sanctus
886 2136 1038 2164 reserat
1071 2128 1177 2163 Luce
1209 2128 1273 2177 VI,
1308 2136 1344 2162 et
1376 2126 1533 2163 videtur

218 2197 301 2221 esse
336 2198 479 2233 magna
513 2186 777 2222 contrarietas
802 2185 864 2221 hic
896 2194 932 2221 et
955 2185 1022 2224 ibi,
1058 2185 1193 2221 Primo
1217 2186 1349 2233 quoad
1383 2185 1531 2230 locum,

217 2243 312 2291 quia
350 2243 403 2279 ibi
444 2243 626 2280 Christus
660 2244 697 2279 in
730 2244 831 2280 valle
864 2243 1064 2293 disseruit,
1110 2243 1173 2279 hic
1207 2243 1244 2278 in
1281 2252 1430 2279 monte.
1465 2244 1532 2278 Se-

161 2304 200 2337 35
218 2302 349 2337 cundo
383 2303 513 2350 quoad
547 2303 667 2338 verba
702 2301 979 2349 multipliciter
1022 2301 1188 2346 variata,
1223 2314 1315 2337 nam
1350 2300 1402 2336 ibi
1436 2301 1532 2336 dixit

217 2359 416 2395 Christus:
455 2360 558 2395 Bene
584 2372 790 2409 pauperes,
835 2359 899 2395 hic
937 2359 1037 2395 beati
1062 2372 1256 2409 pauperes
1286 2359 1436 2408 spiritu.
1484 2361 1532 2394 Et

216 2416 341 2453 tercio
373 2430 443 2465 per
488 2419 563 2453 hoc
596 2419 704 2465 quod
749 2418 812 2453 hic
856 2417 978 2453 multe
1017 2417 1217 2453 sentencie
1256 2425 1347 2453 sunt
1387 2416 1532 2452 inserte

216 2487 293 2522 que
325 2474 365 2511 in
399 2477 504 2511 Luce
537 2475 743 2523 evangelio
776 2484 868 2511 sunt
901 2475 1076 2512 dimisse.

287 2676 311 2704 3.
334 2679 377 2705 A:
399 2679 529 2713 quidem.
615 2677 656 2705 23.
680 2679 722 2705 A:
744 2679 801 2705 Itos
821 2678 942 2705 habere.
1037 2686 1082 2711 2¹1-
1106 2678 1144 2704 B:
1167 2686 1238 2704 vere
1258 2685 1303 2704 ac.
1396 2675 1433 2703 31.
1455 2678 1478 2702 Α
1501 2677 1529 2703 in

217 2721 331 2774 [2271ngst
360 2713 491 2739 Dubium
501 2722 511 2744 ‚·
548 2713 587 2740 ib.
616 2715 659 2740 A:
695 2713 749 2739 isti
771 2721 879 2739 sermo.
1023 2712 1069 2739 30.
1104 2713 1139 2739 13:
1174 2713 1259 2739 beati
1289 2719 1445 2746 pauperes
1484 2711 1532 2737 hic

288 2841 340 2874 ¹36.
369 2842 483 2873 Lucae
509 2843 565 2880 Vl,
595 2852 647 2872 20.

1779 213 1821 249 15

1586 624 1740 651 Poorness
1761 624 1795 651 of

1560 659 1648 693 spirit
1669 669 1699 683 z
1722 659 1822 686 humi·

1654 694 1718 728 lity.

1584 1262 1608 1288 It
1628 1262 1751 1297 implies
1772 1270 1787 1288 a

1566 1297 1678 1324 certain
1701 1298 1809 1332 degree

1590 1332 1624 1358 of
1642 1337 1778 1367 povcrty.
