2003 3322
181 245 261 282 258
889 249 1007 280 OPUS
1032 249 1368 280 EVANGELICUM
1608 236 1715 291 [CAP.
1736 246 1775 273 v.

467 356 544 392 suis
582 362 616 391 et
654 356 819 403 offerunt
863 361 950 390 ante
987 355 1127 400 Deum,
1165 354 1262 390 sicut
1301 354 1391 390 dicit
1428 355 1692 404 archangelus
1728 355 1780 391 ad

475 413 652 449 Tobiam:
684 413 774 463 Ego
806 425 889 448 sum
923 412 986 460 qui
1016 413 1137 448 obtuli
1158 413 1377 448 oracionem
1401 420 1504 448 tuam
1528 419 1616 448 ante
1637 413 1778 449 Deum.

478 472 538 506 Vis
570 478 694 506 autem
733 471 834 506 scire
873 470 1051 506 virtutem
1085 470 1196 506 eius?
1233 470 1374 506 Oracio
1413 470 1530 505 trium
1565 482 1779 519 puerorum

461 529 562 577 fecit
593 536 633 564 ut
664 529 766 578 ignis
798 528 941 563 ardens
973 540 1045 563 non
1078 529 1263 563 adureret
1294 540 1357 564 eos
1387 529 1456 564 sed
1488 528 1710 574 delectaret,
1743 535 1782 563 ut

461 587 627 637 flamma
668 587 818 634 quidem
860 586 1058 622 videretur
1095 586 1131 621 in
1169 586 1304 635 specie,
1351 586 1615 621 umbraculum
1656 587 1816 622 autemS

472 652 568 681 esset
600 645 635 680 in
669 656 784 693 opere
815 656 906 688 suo,·
944 651 1082 691 quanto
1114 644 1289 693 gloriosa
1323 651 1390 689 est,
1424 651 1528 679 tanto
1561 651 1669 679 caute
1699 656 1781 679 ser—

474 704 598 738 vanda
631 709 698 748 est,
731 714 776 737 ne
799 709 966 750 propter
998 701 1168 737 homines
1189 702 1303 749 facta
1337 702 1504 737 vilescat.
1547 702 1624 745 Qui
1653 708 1784 737 amant

223 772 269 800 To
291 779 365 807 pray
388 771 415 798 in
473 761 508 795 in
542 760 765 810 synagogis
798 771 926 794 orare.
968 760 1087 795 Putas
1120 759 1206 807 quia
1240 759 1276 794 in
1307 759 1503 809 sinagoga
1535 766 1636 795 vetat
1668 771 1785 795 orare

192 807 450 870 scssgdgffisssseis
473 818 508 853 in
542 825 726 853 conventu
759 817 984 852 hominum?
1017 817 1093 852 Sed
1125 829 1166 852 eo
1194 817 1398 865 proposito
1430 817 1466 852 in
1499 823 1684 853 conventu
1717 817 1783 852 ho-

229 882 259 904 10
281 875 413 926 qegvrqde
475 876 616 911 minum
663 882 764 911 vetat
808 887 925 910 orare
957 882 996 909 ut
1029 875 1206 910 videatur
1238 887 1258 909 a
1292 882 1488 910 conventu.
1533 874 1710 923 Alioquin
1749 874 1784 909 in
1804 888 1842 909 10

262 919 380 946 βψω
474 941 659 969 conventu
693 933 872 982 fidelium
913 944 1030 968 orare
1068 940 1122 968 est
1160 932 1366 979 laudabile,
1409 932 1506 968 sicut
1545 932 1687 968 dictum
1727 939 1786 968 est

473 992 508 1026 in
532 990 719 1027 ecclesiis:
741 990 959 1026 Benedicite
974 991 1111 1026 Deum.
1136 990 1189 1025 Et
1212 990 1349 1025 iterum
1361 989 1562 1026 :Adorate
1576 989 1784 1025 Dominum

472 1049 508 1084 in
548 1049 636 1084 aula
674 1055 807 1084 sancta
847 1048 936 1084 eius.
984 1048 1080 1083 Puto
1120 1055 1245 1083 autem
1284 1055 1320 1083 et
1357 1048 1428 1083 hoc
1466 1059 1539 1084 non
1577 1048 1629 1083 ad
1660 1047 1785 1083 locum

474 1107 598 1155 refert
631 1106 832 1152 Dominus,
865 1106 933 1141 sed
965 1106 1016 1140 ad
1043 1105 1290 1154 propositum
1324 1105 1483 1155 orantis,
1518 1105 1693 1153 quoniam
1725 1105 1790 1154 qui

472 1165 524 1200 sic
557 1171 645 1200 orat
677 1171 716 1199 ut
748 1164 794 1199 ab
827 1163 1041 1199 hominibus
1074 1163 1265 1209 videatur,
1299 1163 1401 1199 illius
1432 1175 1537 1199 mens
1565 1175 1637 1199 non
1661 1163 1786 1198 Deum
1808 1167 1844 1198 15

472 1222 609 1271 aspicit
640 1222 707 1257 sed
740 1222 910 1257 homines
941 1221 1006 1270 qui
1034 1228 1121 1257 sunt
1153 1221 1224 1265 ibi,·
1255 1228 1290 1256 et
1324 1221 1475 1256 videtur
1506 1221 1577 1256 sibi
1604 1221 1639 1256 in
1664 1219 1787 1256 medio

473 1280 683 1315 multorum
718 1291 846 1315 orare.
882 1279 952 1315 Ille
985 1279 1074 1314 talis
1106 1286 1287 1327 quantum
1322 1279 1373 1314 ad
1398 1278 1643 1327 propositum
1676 1290 1785 1314 suum

473 1338 508 1373 in
540 1350 754 1388 synagoga
788 1344 897 1381 orat,·
928 1337 1007 1373 eius
1036 1344 1161 1372 autem
1191 1336 1338 1372 orantis
1368 1348 1472 1372 mens
1499 1336 1625 1372 solum
1660 1336 1787 1371 Deum

473 1396 621 1444 aspicit,
654 1395 688 1431 si
718 1396 754 1430 in
788 1395 854 1430 illa
888 1396 984 1430 liora
1018 1401 1073 1430 est
1105 1406 1211 1430 mens
1243 1394 1322 1430 eius
1345 1394 1454 1443 quasi
1480 1394 1618 1430 habeat
1640 1394 1786 1429 nullum

475 1454 580 1490 circa
605 1449 608 1505 J
633 1465 685 1499 se,
719 1453 805 1501 quia
833 1453 936 1488 illius
968 1465 1073 1488 mens
1106 1453 1251 1488 nullum
1277 1453 1391 1499 videt,
1422 1452 1603 1502 quoniam
1622 1458 1790 1501 propter
1836 1452 1916 1488 381‘l

475 1511 660 1546 neminem
685 1518 793 1555 orat;
821 1518 856 1546 et
879 1511 962 1546 ideo
984 1510 1158 1560 quamvis
1180 1510 1216 1545 in
1238 1522 1451 1561 synagoga
1476 1517 1576 1556 orat,
1601 1517 1727 1545 tamen
1752 1508 1788 1544 in

475 1576 623 1605 secreto
668 1569 774 1618 apud
816 1581 856 1604 se
894 1569 1046 1604 videtur
1082 1581 1222 1612 orare‚·
1265 1568 1400 1603 deinde
1437 1575 1476 1603 ut
1514 1580 1633 1604 orans
1674 1567 1791 1603 nichil

477 1639 614 1663 novum
628 1627 760 1675 faciat
780 1627 884 1675 quod
906 1626 1095 1675 aspiciant
1117 1626 1308 1671 liomines5
1330 1637 1397 1661 nec
1418 1625 1501 1674 quis
1524 1637 1615 1661 voce
1637 1625 1790 1668 clamet,

478 1692 517 1720 ut
549 1685 734 1720 audiatur
754 1685 800 1719 ab
829 1684 927 1730 aliis,
962 1696 1028 1720 nec
1060 1684 1259 1732 expandat
1289 1696 1426 1719 manus
1459 1691 1499 1719 ut
1525 1683 1732 1732 phariseus
1754 1682 1790 1717 in

478 1743 632 1792 templo,
676 1749 715 1777 ut
754 1742 933 1777 videatur
964 1754 986 1777 a
1020 1741 1161 1787 multis,
1201 1753 1318 1791 neque
1350 1748 1485 1790 pectus
1515 1753 1625 1776 suum
1659 1746 1791 1789 aperte
1807 1743 1846 1775 25

472 1800 674 1850 percuciat
710 1800 778 1835 sed
815 1800 996 1835 absconse
1027 1799 1124 1835 sicut
1151 1800 1380 1848 publicanus
1417 1798 1452 1834 in
1485 1799 1638 1847 templo,
1673 1809 1791 1847 neque

477 1859 721 1908 impudenter
759 1858 890 1893 oculos
927 1857 1040 1893 tollat
1077 1858 1128 1892 ad
1165 1858 1301 1903 celum,
1346 1864 1385 1892 ut
1423 1856 1600 1892 notabilis
1620 1856 1712 1906 fiat,
1757 1863 1791 1891 et

477 1917 530 1952 ita
562 1928 670 1964 quem
703 1927 812 1951 nemo
844 1915 962 1951 eciam
996 1915 1104 1950 audit
1134 1915 1378 1961 clamantem,
1418 1926 1526 1950 nemo
1557 1913 1693 1963 aspicit
1715 1913 1793 1949 tale

478 1974 624 2023 aliquid
650 1974 877 2022 facientem,
923 1973 1041 2008 eciam
1081 1973 1181 2008 inter
1217 1973 1359 2008 multos
1390 1979 1543 2008 sanctos
1575 1971 1611 2006 in
1643 1978 1790 2007 secreto

478 2040 544 2068 est.
578 2032 632 2067 Et
662 2032 698 2066 in
721 2031 877 2081 angulis
895 2031 1131 2079 platearum.
1166 2031 1253 2066 Non
1287 2030 1387 2066 dixit
1418 2031 1460 2065 In
1488 2029 1629 2078 plateis
1660 2029 1728 2067 sea'
1748 2029 1791 2064 In
1808 2032 1849 2064 30

478 2090 634 2140 angulis
661 2090 908 2139 platearum:
952 2096 993 2124 ut
1035 2101 1079 2124 ne
1122 2089 1156 2124 si
1192 2088 1227 2123 in
1263 2088 1405 2137 plateis
1444 2087 1645 2123 oraverint
1682 2086 1794 2136 quasi

478 2148 726 2184 simulatores
772 2146 974 2197 religionis
1026 2147 1292 2195 vituperentur
1337 2146 1406 2181 sed
1451 2146 1487 2180 in
1539 2145 1706 2195 angulis,
1751 2151 1791 2179 ut

480 2206 685 2241 videantur
730 2205 912 2240 absconse
957 2216 1085 2240 orare.
1130 2204 1269 2239 Astuta
1313 2203 1475 2239 vanitas.
1523 2203 1655 2238 Sciunt
1693 2202 1790 2238 enim

478 2263 564 2312 quia
598 2264 667 2299 hoc
708 2263 830 2312 ipsum
871 2263 1053 2298 absconse
1090 2273 1210 2298 orare
1248 2261 1479 2297 laudabilius
1516 2267 1592 2306 est,·
1635 2267 1670 2296 et
1707 2260 1791 2295 ideo

468 2322 632 2371 fingunt
662 2333 702 2356 se
726 2321 976 2366 abscondere,
1010 2327 1050 2355 ut
1073 2319 1279 2368 dupliciter
1302 2319 1521 2365 laudentur,
1549 2318 1680 2367 primo
1703 2316 1790 2366 quia
1808 2318 1847 2351 35

480 2386 608 2424 orant,
654 2379 819 2414 secundo
856 2378 944 2426 quia
978 2378 1161 2413 absconse
1192 2384 1306 2412 orant
1338 2384 1373 2412 et
1403 2376 1569 2425 amplius
1600 2388 1640 2411 se
1672 2374 1790 2411 mani-

470 2437 624 2485 festant
651 2449 726 2485 per
758 2437 828 2471 lioc
859 2435 982 2483 ipsum
1016 2435 1118 2483 quod
1148 2447 1189 2471 se
1219 2435 1466 2470 abscondunt.
1502 2433 1577 2469 Dic
1600 2433 1790 2484 ypocrita

478 2495 569 2543 quid
615 2494 670 2529 vis
708 2501 749 2529 ut
786 2493 956 2529 videaris
993 2493 1141 2528 orans?
1188 2493 1324 2528 Nonne
1360 2492 1448 2541 quia
1487 2491 1692 2527 laudabilis
1730 2502 1792 2526 res

479 2559 534 2588 est
572 2552 718 2587 orare?
766 2551 813 2587 Ut
845 2551 934 2599 quid
966 2563 1062 2600 ergo
1101 2562 1173 2586 non
1212 2550 1268 2586 vis
1298 2561 1380 2585 esse
1409 2549 1613 2585 laudabilis
1643 2547 1707 2597 qui
1738 2547 1793 2584 vis

550 2753 574 2772 2.
595 2745 638 2772 A:
672 2747 754 2771 tuam
774 2743 866 2771 deest.
1010 2751 1038 2778 9.
1065 2742 1102 2769 B:
1137 2744 1325 2770 conventum.
1469 2748 1514 2768 20.
1544 2741 1582 2768 B:
1615 2744 1724 2768 contra
1749 2749 1792 2769 se.

481 2788 526 2815 27.
547 2780 584 2807 B:
607 2782 638 2806 ut
658 2779 770 2806 nobilis
780 2778 853 2813 flat.
926 2776 970 2813 37.
991 2779 1036 2805 A:
1051 2781 1182 2813 propter
1202 2778 1261 2804 hoc
1279 2777 1387 2812 ipsum.

552 2873 581 2895 2.
608 2863 697 2894 Tob.
724 2862 793 2902 XII,
825 2872 874 2893 12.
975 2871 1024 2893 12.
1053 2862 1179 2893 Psalm.
1208 2861 1339 2901 LXVII,
1367 2870 1426 2903 27;
1451 2860 1601 2900 XXVIII,
1629 2869 1659 2891 2.
