2003 3322
230 207 320 234 CAP.
339 198 420 252 xL.]
696 209 907 241 SECUNDA
935 209 1059 240 PARS.

230 316 302 352 nisi
352 315 663 365 adabigendos
711 315 1036 364 supervenientes.
1098 315 1295 350 Interdum
1341 322 1466 350 autem
1512 322 1547 350 et

231 374 278 409 de
308 372 506 423 superfluo
546 373 582 407 in
614 385 743 408 aerem
778 373 910 409 latrat.
955 372 1069 410 Tales
1101 380 1189 408 sunt
1220 384 1350 408 omnes
1380 372 1545 422 gentiles

231 431 291 467 vel
332 430 494 466 heretici
535 430 819 479 inaprobabiles
852 431 1042 466 latrantes
1081 431 1313 479 plerumque
1355 431 1546 466 adversus

228 500 362 525 servos
383 488 470 534 Dei,
491 488 697 536 aliquando
719 488 907 524 adversus
927 489 1050 524 Deum
1073 488 1331 537 blasphemiis,
1355 487 1546 524 ululantes

197 549 362 595 §aperte
406 553 441 582 et
487 557 677 593 nunquam
724 558 765 581 os
802 558 912 582 suum
954 546 1170 595 aperientes
1207 546 1259 581 ad
1296 546 1433 581 bonum
1478 546 1546 581 sed

228 616 381 652 semper
412 604 464 639 ad
496 603 654 640 malum.

285 662 394 708 Item,
423 661 539 710 porci
563 661 772 711 proprium
806 668 861 697 est
883 661 919 697 in
951 673 1041 697 ceno
1064 673 1104 697 se
1127 661 1318 707 volutare,
1352 673 1543 710 nunquam

228 719 350 755 celum
397 719 571 768 aspicere
615 731 682 755 nec
725 731 887 767 querere
935 719 1134 755 dominum
1179 731 1290 755 suum
1337 718 1410 754 nisi
1460 730 1544 754 cum

228 777 418 813 esurierit.
465 777 576 813 Tales
615 777 733 813 eciam
774 785 861 812 sunt
898 777 1101 813 christiani
1139 777 1203 825 qui
1245 777 1281 812 in
1325 776 1546 812 carnalibus

177 849 214 869 10
228 835 470 871 inmundiciis
509 835 749 871 delectantur
786 847 852 871 nec
883 835 1073 884 aspiciunt
1104 835 1312 883 aliquando
1345 835 1448 870 celos
1480 846 1547 870 nec

226 900 391 941 querunt
423 893 633 928 Dominum
666 905 775 928 suum
809 893 882 928 nisi
912 905 996 929 cum
1029 892 1232 928 necessitas
1256 892 1308 928 eis
1331 892 1544 928 advenerit.

228 950 280 985 Et
326 950 384 985 illi
426 950 576 999 quidem
622 958 799 986 evomunt
851 951 995 986 malum
1042 951 1106 999 qui
1149 951 1240 986 bene
1283 950 1455 985 iudicant
1500 951 1547 986 de

228 1008 343 1053 malo,
377 1015 625 1044 revertuntur
656 1016 781 1044 autem
814 1009 866 1044 ad
898 1009 1079 1045 vomitum
1116 1008 1274 1054 malum,
1305 1008 1402 1043 sicut
1433 1020 1546 1043 canes

227 1066 403 1114 quoniam
455 1066 724 1102 nichilominus
773 1074 895 1117 agunt
946 1067 1103 1102 malum.
1157 1066 1209 1101 Et
1261 1066 1337 1102 isti.
1371 1065 1546 1101 emittunt

176 1127 211 1160 15
228 1131 262 1160 et
279 1124 477 1172 proiciunt
504 1131 679 1160 stercora
697 1132 948 1173 peccatorum
978 1136 1152 1169 suorum,
1183 1124 1335 1172 quando
1354 1123 1546 1173 penitent:

227 1189 479 1217 revertuntur
499 1189 624 1217 autem
648 1183 700 1217 ad
720 1190 896 1219 stercora
918 1183 1018 1218 sicut
1035 1182 1161 1231 porci,
1185 1182 1339 1230 quando
1363 1181 1542 1217 omissam

227 1247 402 1288 repetunt
435 1239 565 1275 vitam.

284 1298 396 1333 Nunc
429 1297 628 1334 videamus
656 1310 726 1346 que
752 1304 840 1333 sunt
871 1305 1002 1333 sancta
1032 1304 1066 1332 et
1090 1309 1160 1345 que
1189 1297 1420 1346 margarite.
1455 1297 1541 1331 Non

227 1355 325 1391 enim
366 1355 544 1391 distinxit
582 1356 671 1404 quid
707 1356 756 1391 sit
793 1362 968 1391 sanctum
1003 1355 1099 1390 dare
1138 1361 1173 1390 et
1206 1354 1295 1403 quid
1327 1366 1399 1389 non
1434 1354 1542 1399 dare,

169 1427 212 1447 20
227 1426 310 1449 cum
349 1413 399 1449 sit
436 1413 536 1448 inter
564 1421 739 1449 sanctum
779 1421 814 1449 et
849 1420 1023 1449 sanctum
1058 1412 1278 1461 differencia
1310 1412 1546 1456 sanctitatis;

227 1471 296 1507 sed
325 1471 567 1520 generaliter
598 1484 708 1508 omne
730 1472 831 1520 quod
861 1478 1034 1507 sanctum
1069 1478 1124 1506 est
1147 1470 1264 1506 vetuit
1288 1470 1395 1506 dare.
1434 1470 1544 1520 Ergo

229 1536 403 1565 sanctum
447 1535 503 1564 est
545 1529 774 1578 baptismum
820 1536 855 1565 et
893 1536 1105 1578 propterea
1150 1540 1223 1564 non
1268 1535 1323 1564 est
1375 1528 1544 1563 dandum

230 1587 304 1622 nisi
344 1587 420 1622 iam
466 1587 691 1623 habentibus
721 1587 860 1636 fidem.
908 1587 1050 1622 Sancta
1096 1594 1152 1622 est
1189 1587 1328 1636 gracia
1369 1586 1546 1634 corporis

236 1645 403 1688 Christi;
430 1652 643 1693 propterea
676 1645 754 1681 illis
785 1645 877 1681 solis
909 1644 1037 1680 danda
1072 1644 1213 1692 estqui
1243 1644 1318 1679 iam
1348 1655 1422 1693 per
1454 1644 1545 1692 bap-

173 1708 212 1738 25
229 1702 382 1738 tismum
415 1703 541 1737 sancti
569 1711 657 1738 sunt
678 1703 760 1752 filii
791 1703 866 1739 Dei
903 1709 937 1738 et
972 1714 1045 1751 per
1080 1702 1364 1750 imposicionem
1399 1714 1544 1737 manus.

228 1760 459 1796 Benedictus
492 1761 608 1808 panis
646 1761 771 1796 dictus
809 1769 876 1806 est,
912 1768 1126 1809 propterea
1166 1760 1242 1795 illis
1276 1759 1546 1809 porrigendus

229 1826 295 1863 est,
329 1818 392 1866 qui
422 1830 583 1866 capaces
604 1819 711 1866 facti
740 1826 827 1854 sunt
859 1818 1134 1854 benediccionis
1161 1830 1236 1867 per
1256 1818 1393 1868 fidem.

287 1877 395 1918 Item,
448 1876 619 1911 misteria
666 1877 840 1913 veritatis
892 1877 1112 1926 margarite
1163 1883 1263 1917 sunt,
1317 1875 1403 1923 quia
1449 1876 1545 1911 sicut

229 1934 449 1983 margarite
477 1933 622 1969 incluse
651 1935 788 1970 cocleis
812 1935 938 1984 posite
965 1941 1051 1970 sunt
1085 1935 1120 1969 in
1140 1934 1385 1983 profundum
1410 1933 1544 1977 maris,

173 1996 214 2028 30
227 1992 281 2027 sic
313 1998 347 2026 et
379 1991 551 2026 misteria
590 1999 624 2027 et
657 1992 784 2027 divina
824 1992 860 2027 in
895 1992 1022 2028 verbis
1054 1992 1198 2027 inclusa
1228 1992 1356 2040 posita
1388 1998 1477 2026 sunt
1510 1991 1544 2025 in

228 2049 469 2084 altitudinem
493 2061 670 2085 sensuum
694 2050 981 2099 scripturarum
1006 2057 1246 2087 sanctarum.
1278 2050 1331 2085 Et
1352 2049 1449 2085 sicut
1472 2061 1544 2084 non

229 2107 351 2142 omnis
395 2107 508 2143 homo
543 2114 671 2156 potest
708 2119 749 2143 se
788 2117 970 2158 mergere
1008 2115 1041 2143 et
1075 2108 1120 2143 de
1155 2107 1370 2156 profundis
1408 2107 1546 2142 tollere

230 2165 486 2214 margaritas,
526 2164 599 2200 nisi
635 2165 787 2213 artifex
820 2166 883 2214 qui
914 2166 1051 2201 habeat
1092 2177 1200 2201 usum
1240 2165 1344 2200 illius
1376 2164 1444 2210 rei,
1492 2164 1546 2199 sic

229 2235 301 2258 non
332 2222 452 2257 omnis
482 2222 595 2257 homo
619 2230 748 2271 potest
778 2223 1010 2259 descendere
1032 2223 1067 2258 in
1091 2223 1331 2258 altitudinem
1365 2234 1544 2257 sensuum

172 2284 211 2316 35
229 2287 264 2315 et
294 2280 373 2315 illic
411 2280 581 2315 invenire
618 2280 881 2316 misteriorum
921 2281 1166 2316 absconditas
1198 2279 1444 2331 margaritas
1476 2280 1548 2315 nisi

230 2338 291 2373 vir
340 2337 555 2386 spiritualis
607 2338 671 2385 qui
727 2338 839 2374 habet
900 2338 1223 2375 exercitacionern
1284 2337 1544 2387 spiritualium

230 2395 503 2430 narracionum
537 2394 624 2432 Dei.
673 2396 889 2444 Propterea
929 2396 1149 2446 margarite
1187 2408 1259 2431 non
1296 2403 1383 2431 sunt
1421 2395 1547 2431 dande

230 2452 303 2488 nisi
353 2453 660 2488 desiderantibus
712 2454 911 2489 veritatem
968 2461 1002 2489 et
1049 2466 1132 2489 cum
1181 2453 1336 2489 racione
1379 2454 1545 2488 humana

230 2510 452 2546 viventibus.
489 2510 531 2545 Si
552 2522 649 2560 ergo
682 2511 820 2547 talibus
847 2512 979 2560 porcis
1010 2519 1249 2547 secretorum
1283 2511 1544 2547 misteriorum

170 2582 215 2612 40
230 2567 382 2604 miseris
413 2569 658 2617 margaritas
689 2580 823 2604 cenose
851 2569 925 2604 vite
956 2569 1212 2604 delectacione
1243 2576 1367 2604 mente
1387 2568 1549 2618 gravati

301 2768 334 2786 11.
356 2761 399 2786 A:
421 2760 494 2786 eius.
570 2766 608 2786 12.
630 2760 673 2786 A:
697 2759 793 2786 males
812 2759 935 2785 malum.
1010 2758 1115 2786 12—13.
1137 2759 1181 2785 A:
1203 2759 1301 2793 qui——
1316 2759 1430 2785 malum
1451 2758 1543 2785 deest.

233 2794 269 2821 15.
290 2795 335 2821 A:
365 2802 492 2821 suorum
512 2795 607 2821 deest.
717 2801 757 2827 19.
780 2795 823 2820 A:
859 2797 886 2820 et
906 2794 999 2820 deest.
1107 2801 1154 2820 20.
1174 2794 1218 2820 A:
1249 2796 1277 2820 et
1295 2796 1429 2819 sanction
1451 2793 1544 2819 deest.

233 2827 275 2855 32.
298 2828 335 2855 B:
359 2828 449 2856 lzomo
471 2832 562 2855 deest.
640 2826 680 2854 35.
703 2828 741 2855 B:
764 2827 828 2855 illic
849 2828 946 2861 deest3
968 2828 1007 2854 ib.
1030 2829 1074 2854 A:
1096 2828 1340 2855 ministeriorum
1360 2836 1440 2854 nam.

1567 1291 1661 1319 What
1680 1292 1706 1319 is
1727 1291 1818 1327 holy?

1645 1347 1665 1365 1.
1685 1338 1753 1365 The

1601 1377 1799 1406 sacraments,

1560 1869 1775 1939 mystgiiettlgeof
1786 1904 1836 1930 the

1657 1939 1748 1965 [ruth.
