2003 3322
184 215 272 243 CAP.
294 207 374 260 Lu]
699 219 838 251 PRIMA
868 220 996 251 PARS.
1713 228 1781 263 Ι9Ι

183 324 243 368 sit,
276 324 344 359 sed
374 324 427 359 ait
459 336 530 360 non
564 324 743 360 resistere
774 326 964 361 adversus
997 326 1154 371 malum,
1196 333 1235 361 ut
1267 338 1339 362 non
1372 328 1494 363 solum

184 393 255 416 non
301 382 490 430 rependas
536 383 638 430 quod
683 383 749 418 tibi
787 384 918 431 suerit
967 384 1204 433 irrogatum,
1259 385 1327 419 sea'
1377 385 1495 421 eciam

183 450 255 474 non
302 439 462 475 resistas
507 440 706 487 quominus
749 441 857 475 aliua'
899 441 1114 491 irrogetur.
1168 441 1255 477 Hoc
1300 449 1355 478 est
1398 443 1496 478 enim

182 497 284 544 quoa'
321 497 439 532 eciam
472 503 744 545 consequenter
775 499 952 547 exponit:
985 499 1063 534 Sed
1093 499 1128 535 si
1158 499 1241 547 quis
1273 506 1307 534 te
1334 512 1496 548 percus-

151 554 276 589 §serit
307 555 342 590 in
377 555 581 590 dexteram
614 555 819 591 maxillam
853 563 971 603 tuam,
1004 558 1126 606 prebe
1155 557 1213 592 illi
1250 564 1285 592 et
1316 557 1495 593 alteram.

182 612 268 647 Non
301 612 399 648 enim
432 613 505 648 ait:
539 613 582 648 Si
612 613 694 661 quis
739 620 774 649 te
800 615 1052 662 percusserit,
1097 615 1176 651 noli
1207 622 1245 650 tu
1289 623 1498 663 percutere

178 670 247 705 sed
272 682 374 718 para
407 677 442 706 te
473 671 599 706 aa'lzuc
626 672 791 719 percuti.
843 672 956 716 Quod
984 673 1035 707 ad
1067 672 1374 708 misericordiam
1404 686 1495 722 per-

181 727 302 763 tinere
339 728 393 762 lzii
430 728 600 764 maxime
631 729 802 764 senciunt
834 730 898 777 qui
927 730 980 765 eis
1012 742 1104 778 quos
1135 731 1296 765 multum
1331 731 1498 781 diligunt

182 793 377 833 tamquam
399 786 499 835 filiis
532 786 592 821 vel
623 787 849 834 quibuslibet
880 788 1136 824 dilectissimis
1174 788 1252 824 suis
1282 789 1496 839 egrotanti-

129 844 249 879 iobus
280 844 452 879 serviunt
496 844 556 879 vel
593 845 776 893 parvulis
820 846 880 881 vel
923 846 1158 894 phreneticis
1192 858 1213 881 a
1246 847 1379 894 quibus
1409 859 1498 896 sepe

181 902 300 937 multa
328 903 548 950 paciuntur,
582 909 616 937 et
647 902 682 938 si
711 903 867 939 illorum
901 904 1008 939 salus
1039 904 1138 939 illud
1169 903 1306 953 exigat
1333 905 1498 953 prebent

179 971 218 995 se
256 959 373 994 eciam
410 968 450 995 ut
488 960 607 1008 plura
652 972 736 996 cum
774 961 920 1011 gaudio
963 962 1043 997 sive
1086 962 1257 997 vindicta
1286 962 1497 1010 paciantur

181 1018 298 1053 donec
339 1018 399 1053 vel
442 1018 552 1054 etatis
609 1019 670 1053 vel
722 1019 849 1054 morbi
897 1019 1102 1068 infirmitas
1146 1027 1330 1055 transeat.
1390 1020 1497 1062 Quos

180 1086 276 1125 ergo
310 1076 501 1111 Dominus
533 1076 702 1113 medicos
733 1076 951 1112 animarum
998 1078 1181 1113 curandis
1210 1078 1407 1126 proximis
1440 1078 1495 1113 in-

128 1138 162 1171 15
178 1134 364 1179 struebat,
389 1134 479 1182 quial
500 1134 607 1169 aliua'
630 1146 693 1170 eos
717 1135 854 1171 docere
865 1143 997 1184 posset
1020 1135 1092 1171 nisi
1113 1142 1152 1171 ut
1175 1147 1306 1171 eorum
1332 1148 1494 1184 quorum

178 1192 296 1227 saluti
325 1193 527 1228 consulere
559 1192 698 1227 vellent
729 1192 1008 1228 imbecillitates
1048 1205 1141 1241 equo
1176 1193 1304 1229 animo
1348 1194 1492 1229 tolera-

180 1250 294 1285 rent?
343 1250 477 1286 Omnis
509 1261 672 1298 namque
715 1250 942 1299 improbitas
986 1263 1036 1286 ex
1082 1252 1202 1287 animi
1232 1251 1496 1288 imbecillitate

180 1308 290 1353 venit,
324 1308 409 1356 quia
444 1308 538 1343 nibil
569 1315 624 1343 est
653 1308 896 1344 innocencius
928 1321 970 1344 eo
1003 1309 1068 1357 qui
1097 1309 1132 1344 in
1167 1310 1308 1345 virtute
1334 1310 1492 1358 perfec-

178 1373 237 1401 tus
269 1372 334 1401 est.
372 1367 455 1401 Hec
487 1365 743 1413 Augustinus.

123 1440 165 1461 20
240 1423 404 1459 Videtur
442 1423 562 1459 istum
603 1433 786 1460 sanctum
826 1423 866 1460 in
904 1424 988 1472 lege
1032 1424 1165 1472 gracie
1214 1426 1407 1461 mandare
1452 1425 1492 1461 in
1517 1442 1624 1470 Christ
1643 1443 1768 1470 teaches

179 1480 342 1517 nomine
374 1481 583 1517 salvatoris
618 1481 764 1518 Christi
798 1481 1005 1530 discipulis
1039 1495 1120 1518 non
1154 1482 1308 1530 exigere
1342 1495 1490 1531 penam
1509 1478 1783 1549 ¹¹i‹)t()subfieiV13¹rleii¹g

179 1538 352 1584 talionis,
399 1548 441 1575 ut
486 1539 560 1575 fuit
599 1539 639 1575 in
676 1540 762 1587 lege
801 1540 924 1576 veteri
970 1544 1028 1585 (ut
1074 1549 1183 1588 patet
1224 1540 1348 1576 Exodi
1390 1542 1491 1587 XXI)
1548 1555 1633 1574 more
1657 1548 1737 1575 from

180 1609 253 1633 nec
307 1598 472 1633 reddere
525 1597 657 1633 minus
710 1598 860 1634 malum
916 1611 987 1645 pro
1035 1598 1178 1634 maiori
1232 1599 1338 1634 malo
1382 1600 1491 1646 quod
1507 1581 1781 1652 αῃξῗῧυᾙὲῑῖξῖνρ

179 1654 336 1691 videtur
368 1654 407 1691 in
441 1664 553 1703 parte
586 1655 782 1692 inclinare
806 1658 856 1692 ad
882 1655 1215 1702 misericordiam,
1249 1665 1292 1692 ut
1324 1656 1490 1693 omnino

124 1719 162 1751 25
180 1713 331 1748 malurn
364 1712 510 1749 inferre
542 1726 614 1761 pro
649 1714 754 1749 malo
788 1713 913 1758 illato,
948 1715 1057 1762 quod
1089 1714 1247 1750 videtur
1281 1726 1364 1751 esse
1398 1727 1489 1763 pro-

179 1770 368 1818 pinquius
404 1770 652 1807 misericordi
684 1771 860 1819 iusticie3
894 1773 962 1807 sed
990 1772 1147 1808 videtur
1176 1772 1308 1820 ipsum
1342 1772 1490 1809 sentire

181 1828 384 1865 Christum
424 1828 629 1877 precipere
668 1831 774 1877 quod
815 1830 937 1865 homo
977 1839 1091 1877 paret
1123 1842 1163 1866 se
1203 1832 1253 1866 ad
1293 1830 1488 1867 maiorem

180 1885 367 1923 iniuriam
401 1887 654 1934 paciendum‚
701 1900 789 1924 cum
838 1887 956 1923 fuerit
989 1887 1201 1924 iniuriatus
1242 1889 1291 1924 ab
1325 1888 1417 1934 alio,
1452 1897 1489 1925 et

179 1943 284 1980 istud
316 1945 472 1981 videtur
504 1957 647 1981 sonare
687 1945 727 1981 in
766 1958 867 1993 opus
912 1958 1068 1981 summe
1108 1945 1385 1982 misericordie
1425 1946 1488 1982 hic

122 2013 163 2045 30
180 2011 367 2050 precepte
400 2015 423 2039 a
456 2003 644 2039 Domino.

235 2062 283 2096 Et
315 2068 425 2108 patet
464 2069 612 2108 quante
649 2060 821 2097 viatores
863 2061 1046 2097 moderni
1087 2061 1292 2098 declinant
1332 2061 1372 2098 in
1410 2062 1487 2098 hoc

177 2130 199 2153 a
238 2119 429 2154 mandato
464 2118 627 2154 Domini
667 2118 734 2166 qui
772 2118 902 2166 parati
947 2127 1040 2155 sunt
1080 2119 1165 2155 sine
1204 2128 1393 2167 percepta
1428 2119 1485 2155 in-

176 2175 278 2212 iuria
301 2175 341 2212 in
365 2176 506 2212 fratres
535 2189 626 2213 suos
659 2176 823 2222 irruere,
857 2189 930 2212 nec
963 2177 1092 2213 solum
1127 2186 1415 2213 contentantur
1446 2176 1487 2213 in

59 2242 139 2285 374d
176 2233 293 2281 leg-aii
339 2233 514 2270 vindicta
560 2243 676 2282 capta
717 2234 949 2270 humanitus
989 2236 1057 2270 sed
1097 2234 1164 2283 qui
1194 2230 1198 2287 Ι
1228 2244 1406 2272 escentes
1445 2235 1486 2271 in

121 2291 269 2335 35odio
308 2291 459 2327 inimici
500 2300 709 2340 expectant
746 2300 905 2339 tempus
945 2292 986 2328 in
1031 2305 1110 2340 quo
1157 2293 1331 2329 viderint
1378 2294 1486 2341 quod

177 2357 365 2396 poterunt
398 2350 488 2397 plus
520 2362 679 2386 nocere.
726 2351 807 2386 Nec
851 2350 955 2386 valet
988 2350 1137 2398 fingere
1178 2352 1288 2399 quod
1328 2352 1404 2387 hoc
1436 2350 1487 2387 sit
1573 2368 1707 2397 Christ's

177 2407 307 2443 solum
333 2407 520 2454 perfectis
554 2406 772 2444 consilium
808 2415 845 2443 et
878 2420 959 2444 non
983 2408 1225 2456 quibuslibet
1259 2408 1487 2445 christianis
1533 2404 1749 2465 Οέὲῐῐὲῗῐξξῃὲἑθ

176 2473 411 2512 preceptum
446 2466 495 2501 ad
528 2464 815 2501 beatitudinem
851 2465 1076 2502 necessario
1101 2465 1355 2514 requisitum⁷
1390 2466 1485 2515 quia

178 2522 390 2558 eonsilium
440 2522 541 2559 tanti
586 2522 749 2559 Domini
795 2523 913 2559 debet
960 2523 1089 2572 accipi
1139 2537 1161 2560 a
1206 2524 1360 2561 cunctis
1405 2525 1485 2560 suis

117 2607 162 2638 40
177 2579 267 2616 filiis
299 2589 340 2616 ut
375 2589 623 2628 preceptum,
657 2593 747 2617 cum
781 2581 928 2617 terreni
958 2581 1111 2618 domini
1136 2584 1372 2619 mandantes
1405 2582 1485 2618 suis

244 2769 269 2787 2.
303 2761 340 2788 13:
364 2760 486 2797 ficerat.
594 2770 628 2790 11.
662 2764 705 2790 A:
740 2770 856 2790 eorum.
965 2770 1011 2789 20.
1044 2764 1072 2790 A
1104 2763 1134 2790 in
1168 2771 1282 2798 marg:
1314 2762 1484 2790 Jolzannes.

175 2793 443 2857 Ξίὲᾔῇἧίνὲἓῑιέξνε.
517 2805 530 2824 2
544 2807 562 2829 ι.
576 2798 618 2824 A:
631 2801 661 2824 ut
675 2798 790 2824 animo.
864 2796 896 2824 32
917 2799 1106 2832 A:recepta.
1181 2796 1286 2832 39⁷40·
1304 2797 1486 2824 A:debet—
