2003 3322
203 216 290 244 CAP.
312 207 465 261 xxxm]
714 218 855 249 PRIMA
880 217 1013 248 PARS.

203 337 279 373 que
312 334 402 361 sunt
435 325 548 373 quasi
582 337 680 373 apex
712 325 888 373 figurans
918 324 1244 361 incarnacionem
1270 323 1433 360 Domini
1456 324 1517 360 vel

203 396 329 432 usque
362 385 410 419 ad
444 382 772 420 incarnacionem
821 383 955 419 futura
1003 382 1043 419 in
1077 382 1258 427 ecclesia,
1303 391 1514 430 tamquam

204 454 301 489 apex
348 441 582 489 suppositus
614 441 675 477 vel
714 440 992 488 suprapositus
1040 453 1116 489 que
1149 440 1287 476 omnia
1331 453 1403 488 pro
1444 453 1515 476 suo

203 508 383 547 tempore
406 507 498 535 sunt
521 507 687 535 servata.
723 500 799 535 Sed
833 507 1052 546 antequam
1077 498 1339 534 difficultetur
1371 498 1411 534 in
1440 497 1515 534 ista

171 556 385 603 §materia,
430 556 648 593 videndum
694 565 751 592 est
795 555 897 604 quid
949 556 1045 593 dicit
1092 555 1365 592 Crisostomus
1410 556 1515 592 hunc

84 617 165 651 3660
202 623 353 651 textum
387 614 662 663 evangelicum
697 615 944 662 exponendo.
975 613 979 665 Ι

648 772 785 814 CAP.
819 772 1064 814 XXXIII.

259 869 428 918 Propter
460 869 567 915 duas,
599 869 742 917 inquit,
787 881 924 905 causas
969 869 1060 905 dicit
1090 881 1162 904 non
1206 881 1246 905 se
1291 869 1437 905 venisse
1475 876 1515 904 ut

200 927 368 962 solveret
384 927 522 977 legem,
554 927 623 963 sed
645 935 683 962 ut
706 927 895 976 impleret.
930 927 1064 963 Primo
1097 934 1137 962 ut
1170 927 1378 976 discipulos
1410 939 1511 973 suos,

147 1000 185 1021 10
201 996 294 1032 quos
325 985 498 1020 omnibus
530 985 637 1021 bonis
669 985 848 1034 operibus
879 985 1093 1021 adornatos
1126 997 1207 1021 esse
1240 985 1377 1020 debere
1393 997 1513 1034 supra

202 1042 397 1089 docuerat,
433 1043 505 1079 hiis
538 1043 663 1079 verbis
695 1044 746 1078 ad
777 1055 888 1079 suum
917 1050 1156 1092 provocaret
1194 1043 1430 1092 exemplum,
1476 1050 1515 1078 ut

200 1101 521 1148 quemadmodum
569 1101 647 1149 ipse
679 1113 827 1136 omnem
873 1101 998 1151 legem
1042 1101 1237 1150 implebat,
1280 1101 1335 1136 sic
1381 1108 1415 1137 et
1459 1101 1518 1136 illi

200 1158 326 1194 omnia
358 1158 477 1194 eciam
512 1159 693 1194 mandata
739 1159 837 1209 legis
859 1159 1098 1207 festinarent
1143 1158 1314 1208 implerev
1363 1158 1515 1194 Deinde

200 1216 286 1264 quia
308 1217 492 1265 futurum
527 1224 624 1263 erat,
658 1224 697 1252 ut
727 1216 844 1252 Judei
872 1229 955 1252 eum
990 1216 1347 1266 calumpniarentur
1369 1217 1404 1252 in
1427 1217 1513 1252 sab-

148 1274 297 1310 15batis
343 1282 564 1323 operantem
610 1282 644 1310 et
688 1275 837 1323 lepram
882 1281 1103 1324 tangentem
1148 1275 1259 1323 quasi
1303 1275 1512 1311 solventem

201 1331 339 1382 legem,
373 1332 458 1368 ideo
484 1329 599 1381 prius'
630 1344 742 1381 quam
775 1333 950 1368 incurrat
982 1333 1240 1382 calumpniam
1277 1332 1513 1381 calumpnia-

200 1390 347 1425 toribus
378 1390 571 1438 satisfacit
604 1391 752 1426 dicens:
784 1390 913 1426 Nolite
939 1398 1083 1438 putare
1115 1391 1217 1439 quod
1249 1391 1334 1426 veni
1363 1391 1515 1426 solvere

201 1447 325 1497 legem
358 1455 424 1483 aut
450 1448 684 1497 prophetas;
728 1460 799 1484 non
840 1448 925 1484 veni
967 1449 1130 1494 solvere,
1174 1449 1243 1485 sed
1286 1448 1512 1497 adimplere.

259 1506 345 1541 Lex
376 1513 412 1541 et
437 1506 631 1555 prophete
663 1507 736 1542 cluo
769 1506 837 1541 hec
869 1513 1013 1556 agunt;
1034 1514 1068 1542 et
1092 1507 1138 1552 de
1165 1506 1321 1542 Christo
1341 1507 1513 1555 proplie-

144 1579 185 1600 20
200 1570 282 1598 tant
313 1571 348 1599 et
380 1563 504 1613 legem
550 1564 703 1600 vivendi
747 1564 990 1610 constituunt,
1038 1576 1108 1612 que
1140 1571 1301 1612 utraque
1338 1564 1515 1600 Christus

200 1621 382 1670 implevit.
415 1621 477 1657 De
508 1634 547 1657 se
579 1622 729 1670 quidem
761 1622 837 1658 sic:
875 1622 1038 1666 Quando
1071 1629 1182 1658 natus
1215 1629 1271 1658 est
1302 1630 1337 1658 et
1360 1629 1516 1658 vocatus

199 1678 404 1721 Emanuel,
437 1680 588 1728 quando
616 1680 865 1716 circumcisus
888 1687 956 1723 est,
990 1687 1025 1716 et
1057 1681 1225 1716 oblatum
1260 1687 1315 1722 est
1342 1692 1419 1729 pro
1448 1680 1514 1715 illo

200 1738 270 1772 hoc
296 1737 542 1787 sacrificium,
577 1739 650 1774 duo
683 1745 856 1774 turtures
887 1745 953 1773 aut
985 1738 1059 1774 duo
1093 1739 1278 1784 columbe,
1303 1738 1454 1786 quando
1479 1738 1514 1773 in

199 1794 406 1845 Egyptum
420 1796 534 1845 fugit
557 1796 680 1846 legem
706 1796 887 1845 implevit,
906 1796 1057 1844 quando
1081 1796 1117 1831 in
1130 1797 1331 1848 Naqareth
1355 1808 1513 1831 conver-

143 1857 183 1890 25
199 1859 306 1888 satus
329 1861 396 1899 est,
429 1854 579 1900 quando
603 1866 687 1889 cum
711 1854 817 1890 asino
840 1853 1024 1903 templum
1049 1854 1249 1904 ingressus
1271 1861 1339 1899 est,
1363 1855 1514 1902 quando

198 1923 220 1945 a
240 1911 376 1959 pueris
407 1911 586 1947 laudatus
619 1919 686 1957 est,
720 1912 871 1960 quando
904 1912 1115 1961 crucifixus
1146 1919 1202 1948 est
1233 1912 1333 1948 inter
1354 1912 1514 1960 iniquos,

201 1969 351 2016 quando
373 1969 475 2017 selle
507 1976 542 2005 et
573 1977 679 2006 aceto
710 1977 868 2018 potatus
900 1977 968 2015 est,
992 1971 1143 2018 quando
1175 1970 1209 2005 in
1234 1982 1369 2006 manus
1386 1970 1515 2019 patris

200 2027 261 2062 sui
295 2027 474 2075 spiritum
508 2028 801 2073 commendavit,
847 2028 997 2075 quando
1044 2028 1267 2064 vestimenta
1312 2040 1381 2063 sua
1417 2028 1513 2063 divi-

202 2085 325 2120 denda
370 2085 534 2133 reliquit,
575 2086 727 2133 quando
767 2086 962 2121 descendit
1004 2087 1055 2121 ad
1093 2086 1255 2134 inferios
1282 2092 1317 2121 et
1347 2085 1515 2121 visitavit

145 2149 186 2181 30
202 2132 331 2178 omnes
364 2143 598 2179 dormientes
636 2143 829 2192 sapiencia
862 2144 1021 2186 dicente,
1067 2144 1218 2191 quando
1262 2144 1434 2179 ascendit
1477 2143 1513 2178 in

199 2200 374 2248 strepitu,
407 2201 558 2248 quando
589 2201 687 2237 sedit
723 2201 775 2236 ad
807 2202 989 2237 dextram
1023 2201 1166 2247 Patris,
1201 2202 1353 2249 quando
1386 2201 1513 2236 adhuc

201 2264 382 2293 venturus
405 2265 460 2294 est
483 2271 622 2295 vocans
644 2266 792 2295 terram
822 2271 844 2294 a
872 2259 965 2295 solis
996 2266 1084 2295 ortu
1114 2271 1228 2308 usque
1250 2260 1301 2294 ad
1323 2271 1513 2304 occasum,

201 2317 350 2363 quando
406 2316 504 2351 sedit
559 2317 594 2352 in
647 2317 747 2353 valle
796 2317 980 2365 Joseplzat
1027 2324 1062 2353 et
1112 2317 1342 2353 iudicaverit
1386 2329 1515 2353 omnes

200 2381 346 2423 gentes,
380 2374 605 2422 adimplevit
621 2375 868 2424 prophecias,
892 2375 979 2422 quia
1012 2375 1086 2411 nisi
1112 2375 1180 2410 hec
1198 2375 1314 2423 facta
1328 2375 1512 2423 fuissent,

145 2435 184 2468 35
202 2432 405 2468 mendaces
436 2440 547 2467 erant
574 2433 778 2481 prophete.
813 2433 924 2468 Nunc
957 2440 1083 2468 autem
1117 2433 1328 2482 adimpleta
1360 2440 1448 2469 sunt
1479 2440 1515 2468 et

201 2490 327 2525 adhuc
359 2489 629 2538 implebuntur,
663 2503 747 2526 cum
779 2491 888 2527 stelle
927 2491 1144 2535 ceciderint,
1179 2503 1263 2526 cum
1310 2491 1370 2527 sol
1412 2498 1512 2526 tene—

201 2548 334 2583 bratus
354 2547 496 2596 fuerit‚
531 2560 615 2584 cum
649 2549 769 2584 celum
797 2549 986 2598 plicatum
1009 2549 1139 2597 fuerit
1170 2549 1267 2585 sicut
1300 2549 1408 2586 liber.

271 2705 300 2733 6.
321 2707 365 2733 A:
388 2707 569 2742 exponendo
591 2711 646 2734 etc.
731 2706 760 2743 ¹8.
781 2708 810 2734 A
829 2707 859 2734 in
882 2715 995 2743 marg:
1021 2707 1234 2735 Crisostomus.
1321 2707 1361 2735 18.
1384 2707 1420 2734 B:
1441 2707 1513 2743 quia

200 2741 278 2767 veni.
398 2746 444 2776 20,
465 2749 509 2776 27.
531 2746 574 2768 A:
604 2742 728 2777 quando
754 2758 787 2761 —
810 2745 937 2776 potatus
963 2745 1006 2769 est
1033 2743 1127 2769 deest.
1248 2740 1293 2768 30.
1317 2742 1356 2771 B:
1385 2743 1511 2770 dicente.

200 2773 246 2808 34.
269 2775 306 2802 B:
328 2775 485 2811 adimplet.
559 2775 602 2804 35.
624 2777 662 2804 B:
685 2778 819 2812 impleta.

269 2846 301 2879 9.
328 2836 426 2878 Opus
452 2837 550 2878 Imp.⁷
578 2837 598 2868 l.
625 2848 652 2869 c.
680 2848 712 2879 p.
740 2839 818 2880 793.

1329 2894 1378 2927 83(-

1730 212 1802 248 115

1557 876 1775 913 Chrysostom.

1543 1525 1647 1554 Christ
1666 1527 1793 1554 fulfilled

1538 1562 1589 1588 the
1610 1562 1804 1596 prophecies.
