2003 3322
183 241 260 287 346

884 249 1002 281 opus
1027 249 1362 282 EVANGELICUM
1518 238 1624 293 [CAP.
1646 248 1783 286 xxvm,

179 362 239 390 We
260 363 370 391 should
393 368 446 391 not
469 357 538 393 sed
575 363 744 405 propter
787 357 854 393 hec
898 358 1130 406 temporalia
1170 369 1240 406 que
1279 365 1474 407 tamquam
1513 371 1702 395 annonam
1750 367 1785 396 et

180 399 219 425 let
241 406 300 434 any
322 398 454 434 worldly

195 433 253 460 lust
275 433 337 460 mix
357 434 430 461 with

195 475 252 495 our
272 468 371 496 desire
392 469 440 496 for

203 502 253 529 the
274 502 422 538 kingdom

248 537 282 565 of
302 537 382 566 God.

237 1488 306 1516 God
327 1490 354 1516 is
375 1498 390 1516 a

211 1524 363 1551 rewarder
383 1525 417 1552 of

246 1559 387 1586 adverbs.

468 414 659 464 stipendia
692 422 946 451 consecuntur
984 423 1050 451 aut
1088 415 1207 452 eciam
1242 424 1409 466 propter
1447 417 1517 453 hoc
1556 425 1590 453 et
1616 425 1784 466 propter

469 473 577 508 illud.
625 472 702 508 Sed
733 485 853 522 supra
886 473 961 509 iam
1002 474 1144 510 dictum
1184 481 1261 510 est:
1304 475 1390 510 Non
1431 475 1592 524 potestis
1638 475 1784 512 duobus

469 530 632 567 dominis
664 531 823 567 servire.
858 531 973 582 Ergo
1005 532 1172 581 simplici
1193 532 1311 568 corde
1333 534 1598 569 tantummodo
1616 540 1785 583 propter

468 601 633 640 regnum
658 589 733 625 Dei
764 590 944 625 debemus
966 590 1126 639 operari
1146 590 1283 626 bonum
1307 591 1359 626 ad
1381 602 1530 627 omnes:
1561 603 1633 627 non
1656 591 1815 627 autem-‘³

468 647 503 683 in
528 648 599 683 hac
622 647 862 696 operacione,
886 648 947 683 vel
967 648 1105 695 solam,
1127 648 1188 684 vel
1210 660 1292 684 cum
1317 661 1440 699 regno
1463 649 1540 685 Dei
1565 650 1781 686 mercedem

467 705 740 755 temporalium
795 705 982 755 cogitare.
1052 707 1227 750 Quorum
1281 706 1449 742 omnium
1507 707 1780 757 temporalium

466 763 617 799 nomine
631 763 841 799 crastinum
853 764 996 812 posuit,
1020 764 1168 800 dicens:
1190 764 1321 800 Nolite
1342 764 1519 815 cogitare
1534 766 1579 801 de
1597 765 1780 802 crastino.

466 821 553 857 Non
587 821 683 857 enim
719 821 860 857 dicitur
891 822 1084 858 crastinus
1117 822 1197 857 dies
1229 822 1301 858 nisi
1332 823 1367 857 in
1400 830 1574 872 tempore
1591 824 1780 872 preterito

465 879 636 915 succedit
656 879 855 927 futurum.
890 879 1005 930 Ergo
1038 892 1122 916 cum
1156 879 1302 928 aliquid
1334 880 1422 916 boni
1452 893 1676 930 operamur,
1709 894 1780 917 non
1800 892 1839 914 10

466 937 701 986 temporalia
733 938 802 973 sed
832 944 963 974 eterna
997 938 1220 988 cogitemus.
1274 938 1378 974 Tunc
1409 938 1482 974 erit
1513 939 1611 975 illud
1642 940 1780 975 bonum

466 1003 501 1030 et
526 995 749 1044 perfectum
784 1008 890 1044 opus.
930 995 1134 1032 Crastinus
1166 995 1263 1032 enim
1297 996 1390 1043 dies,
1423 997 1555 1045 inquit,
1594 997 1782 1033 sollicitus

466 1053 538 1088 erit
569 1053 643 1089 sibi
672 1053 757 1102 ipsi,
790 1053 830 1088 id
862 1060 929 1099 est,
964 1061 1005 1089 ut
1037 1066 1121 1090 cum
1155 1054 1384 1103 oportuerit,
1422 1066 1552 1090 sumas
1591 1055 1713 1092 cibum
1747 1062 1781 1091 et

460 1118 595 1159 potum
630 1111 691 1147 vel
721 1111 996 1159 indumentum,
1030 1125 1114 1148 cum
1138 1112 1221 1161 ipsa
1243 1112 1388 1148 scilicet
1410 1113 1615 1149 necessitas
1637 1125 1782 1163 urgere

464 1169 619 1218 ceperit.
654 1169 829 1205 Aderunt
860 1169 957 1206 enim
992 1170 1072 1216 hec,
1110 1170 1196 1219 quia
1233 1170 1337 1206 novit
1369 1170 1488 1206 Pater
1519 1178 1650 1208 noster
1679 1171 1837 1220 qu0d15

465 1227 604 1263 horum
638 1227 806 1263 omnium
841 1227 1034 1278 indigetis.
1070 1229 1153 1264 Hec
1185 1227 1443 1276 Augustinus,
1473 1224 1477 1281 Ι

918 1387 1055 1428 CAP.
1090 1387 1327 1428 XXVIII.
1826 1390 1905 1435 3910

521 1484 576 1518 Ex
608 1482 682 1518 ista
715 1482 919 1519 sentencia
943 1482 1060 1519 huius
1083 1482 1209 1519 sancti
1235 1496 1325 1519 cum
1351 1483 1427 1518 fide
1450 1482 1645 1531 evangelii
1669 1484 1777 1530 quod

464 1541 608 1588 allegat
657 1549 749 1576 sunt
796 1541 921 1577 multa
969 1542 1148 1577 notanda
1189 1540 1373 1577 fidelibus
1411 1550 1617 1589 tamquam
1665 1541 1775 1586 fides,

464 1597 637 1645 primum
672 1599 780 1646 quod
813 1598 969 1645 signum
1004 1598 1254 1635 infidelitatis
1287 1607 1343 1635 est
1376 1607 1566 1646 appetere
1604 1598 1777 1635 finaliter
1792 1609 1834 1632 20

463 1665 626 1703 propter
660 1657 851 1692 honorem
876 1657 936 1692 vel
959 1657 1115 1692 lucrum
1147 1658 1394 1692 mundanum
1420 1665 1567 1692 statum
1592 1655 1776 1692 ecclesia-

461 1713 604 1750 sticum
621 1714 681 1751 vel
696 1713 874 1750 officium
891 1714 1086 1759 clericale,
1105 1714 1197 1762 quia
1213 1716 1433 1750 secundum
1449 1714 1566 1750 fidem
1584 1714 1776 1762 evangelii

463 1773 585 1808 homo
626 1773 743 1808 debet
783 1771 955 1819 primurn
991 1784 1158 1819 querere
1198 1785 1365 1820 regnum
1402 1772 1485 1808 Dei.
1532 1773 1580 1807 Et
1619 1784 1661 1807 ex
1700 1771 1776 1808 isto

462 1829 637 1865 inferunt
678 1830 802 1866 multa
842 1830 1056 1866 correlarie
1096 1829 1239 1866 diversi
1274 1829 1459 1875 artifices⁷
1500 1838 1542 1865 ut
1580 1829 1700 1876 logici
1740 1838 1776 1866 et

464 1887 715 1935 metaphisici
749 1887 900 1933 dicunt,
934 1900 1023 1923 cum
1049 1900 1214 1935 regnum
1240 1887 1311 1923 Dei
1335 1887 1384 1923 sit
1407 1887 1584 1935 primum
1609 1900 1777 1935 queren-
1794 1889 1833 1922 25

462 1946 554 1980 dum
581 1947 653 1981 sub
677 1958 780 1993 pena
807 1945 1116 1993 dampnacionis
1139 1946 1199 1981 vel
1222 1958 1337 1981 casus
1359 1945 1399 1981 in
1425 1945 1609 1987 heresim,
1647 1945 1776 1993 logica

461 2003 657 2050 scripture
680 2016 805 2051 usque
838 2004 888 2039 ad
921 2003 1110 2039 adverbia
1143 2012 1199 2039 est
1226 2004 1417 2040 notanda.
1452 2005 1500 2039 Et
1523 2003 1614 2039 hinc
1639 2002 1776 2039 dicunt

465 2060 627 2109 quidam
655 2062 826 2098 morales
848 2062 957 2109 quod
974 2063 1079 2097 Deus
1103 2070 1159 2097 est
1183 2070 1461 2097 remunerator
1477 2060 1774 2107 adverbiorum,

460 2132 549 2155 cum
585 2121 690 2155 Deus
729 2132 810 2155 non
849 2120 978 2155 solum
1020 2128 1134 2155 curat
1167 2119 1263 2167 quid
1302 2120 1424 2155 homo
1464 2127 1555 2166 agat
1593 2120 1662 2155 sed
1696 2131 1775 2167 qua

460 2176 690 2213 intencione
730 2186 767 2213 et
806 2177 1011 2224 quomodo
1050 2176 1149 2212 illud
1182 2185 1273 2225 agat
1313 2185 1350 2213 et
1390 2189 1508 2225 super
1545 2188 1669 2224 regno
1702 2176 1774 2212 Dei
1791 2179 1832 2212 30

460 2247 505 2270 ac
553 2234 635 2270 eius
674 2235 832 2271 iusticia
872 2236 1014 2271 cadere
1058 2235 1174 2270 debet
1218 2234 1445 2271 sollicitudo
1495 2234 1650 2278 viantis,
1694 2247 1774 2270 non

459 2304 578 2340 super
611 2292 862 2340 temporalia,
897 2292 1080 2340 quamvis
1112 2292 1191 2328 sint
1228 2294 1348 2329 modo
1372 2305 1442 2328 suo
1466 2291 1691 2328 necessaria
1724 2293 1774 2328 ad

460 2351 614 2386 eadem.
655 2351 841 2386 Secundo
875 2359 989 2386 notat
1021 2350 1267 2397 Augustinus
1301 2351 1508 2398 quomodo
1541 2358 1598 2386 est
1632 2349 1774 2397 triplex

459 2409 621 2453 bonum,
680 2408 831 2444 scilicet
882 2410 1032 2444 bonum
1085 2407 1218 2455 gracie
1271 2409 1378 2456 quod
1431 2416 1488 2443 est
1542 2407 1773 2454 maximum,

459 2467 609 2501 bonum
635 2475 778 2502 nature
801 2467 909 2514 quod
934 2475 989 2502 est
1014 2465 1204 2511 medium,
1240 2474 1275 2502 et
1310 2467 1458 2501 bonum
1484 2465 1641 2501 fortune
1665 2467 1772 2512 quod
1790 2467 1828 2501 35

459 2532 515 2559 est
557 2523 782 2561 minimum.
837 2524 937 2560 Cum
977 2536 1070 2571 ergo
1110 2523 1151 2559 in
1190 2525 1344 2559 duobus
1389 2522 1504 2559 bonis
1543 2522 1773 2571 pocioribus

458 2583 565 2617 Deus
599 2594 678 2617 non
711 2589 841 2628 potest
874 2581 1045 2618 deficere
1077 2581 1233 2627 viatori,
1267 2594 1345 2617 non
1370 2589 1500 2628 potest
1533 2580 1702 2617 deficere
1734 2580 1773 2616 in

529 2754 568 2782 18.
589 2755 617 2782 A
632 2755 661 2782 in
679 2763 792 2789 marg:
815 2762 838 2781 1.
859 2753 1025 2782 Jonannes.
1100 2753 1142 2782 33.
1158 2755 1230 2782 Ain
1247 2762 1359 2789 marga
1376 2755 1496 2782 Bonum
1509 2761 1562 2789 3x.
1634 2753 1680 2787 34.
1697 2753 1769 2781 Ain

459 2797 572 2824 marg.:
594 2797 623 2817 2.

527 2872 558 2901 4.
586 2861 703 2892 Matth.
732 2862 787 2901 Vl,
817 2871 869 2902 24.
965 2862 996 2892 8.
1024 2861 1067 2893 ib.
1096 2862 1148 2902 34.
