2003 3322
230 195 320 224 CAP.
343 187 440 241 mr]
723 198 936 230 SECUNDA
964 198 1090 230 PARS.

227 312 353 341 autem
399 305 577 340 voluntas
620 304 701 340 eius
744 304 809 353 qui
850 304 953 340 misit
997 316 1069 351 me,
1122 311 1162 339 ut
1198 304 1320 340 omnis
1352 304 1416 352 qui
1447 304 1547 340 videt

226 362 348 408 filium
382 362 546 398 hominis
578 369 614 398 et
645 362 768 398 credit
800 362 836 397 in
869 374 968 409 eum,
1016 362 1154 398 habeat
1199 361 1315 397 vitam
1360 369 1544 398 eternam.

225 420 341 470 Ergo
374 420 608 456 voluntatem
641 420 718 456 Dei
738 419 894 468 facere,
941 420 1012 456 hoc
1044 427 1112 465 est,
1159 420 1321 456 credere
1357 420 1393 455 in
1432 419 1545 455 Chri-

223 485 338 525 stum,
370 477 467 514 sicut
498 485 534 514 et
564 478 657 514 alibi
684 477 817 514 Jude1's
848 477 1180 528 interrogantibus
1225 477 1316 526 quid
1344 477 1547 525 faciemus

193 539 265 572 5ut
296 547 504 585 operemur
535 547 653 584 opera
696 535 786 583 Dei,
828 535 1047 585 respondit:
1081 535 1166 571 Hoc
1197 542 1253 571 est
1284 547 1379 584 opus
1409 535 1486 570 Dei
1507 542 1547 570 ut

225 593 393 630 credatis
436 593 471 630 in
516 593 624 629 illum
665 605 773 642 quem
825 593 906 642 ipse
949 593 1063 629 misit.
1114 592 1367 629 Credulitatis
1417 600 1544 628 autem

223 663 352 688 sermo
384 658 420 688 et
450 651 502 687 ad
531 651 809 700 confessionem
833 650 988 700 respicit
1019 658 1054 687 et
1086 651 1137 686 ad
1168 658 1309 688 actum.
1351 651 1427 695 Qui
1447 662 1545 701 ergo

224 709 278 745 sic
299 709 501 760 confitetur
521 709 730 753 Christum,
751 709 849 745 sicut
871 709 951 758 ipse
965 708 1105 756 docuit,
1128 708 1194 745 ille
1215 708 1339 744 credit
1367 708 1546 753 Christ0;

223 767 289 816 qui
318 774 444 804 autem
486 779 558 803 non
604 767 658 804 sic
696 767 900 816 confitetur
942 767 1132 815 quomodo
1177 766 1318 810 docuit,
1362 766 1426 802 ille
1470 779 1542 802 non

172 838 211 860 10
225 825 349 862 credit
381 833 416 861 et
448 825 511 874 qui
542 837 614 862 non
650 825 705 861 sic
736 832 994 862 conversatur
1025 825 1216 873 quomodo
1249 824 1314 860 ille
1345 824 1545 861 mandavit

225 895 298 919 non
331 883 455 919 credit
492 883 660 922 Christo.
717 882 888 919 Credere
930 890 1056 918 autem
1096 882 1252 918 Christo
1296 882 1452 919 obedire
1489 889 1545 919 est

229 939 397 979 Christo.
456 941 532 985 Qui
573 948 699 977 autem
745 953 817 977 non
850 941 1054 990 confitetur
1084 948 1151 976 aut
1183 952 1256 976 non
1289 947 1546 977 conversatur

224 999 432 1035 secundum
466 999 624 1035 verbum
658 999 750 1045 eius,
784 999 848 1035 ille
871 1010 938 1035 nec
970 998 1096 1034 obedit
1133 998 1291 1034 Christo
1323 1010 1390 1034 nec
1422 998 1546 1034 credit

222 1053 399 1102 Christo,
441 1064 653 1106 propterea
701 1064 778 1092 tam
831 1056 896 1092 ille
937 1069 1052 1106 quarn
1097 1056 1168 1092 iste
1211 1068 1284 1092 non
1347 1056 1545 1092 intrabunt

171 1114 262 1150 15in
295 1127 461 1165 regnum
494 1115 678 1152 celorum.

283 1174 338 1208 Ex
369 1172 453 1209 istis
485 1171 614 1209 verbis
659 1171 777 1208 huius
822 1171 949 1209 sancti
998 1171 1174 1208 doctoris
1219 1180 1329 1220 patet
1361 1171 1545 1208 fidelibus

224 1230 312 1267 luce
345 1229 491 1267 clarius
525 1243 615 1267 curn
650 1230 961 1267 conversacione
1006 1230 1174 1266 fratrum
1222 1230 1331 1278 quod
1364 1229 1545 1266 Christus

227 1287 334 1336 ipsos
367 1288 553 1337 intelligit
585 1289 748 1336 quando
772 1288 887 1326 dicit:
920 1287 1115 1324 Attendite
1145 1300 1167 1323 a
1191 1287 1315 1336 falsis
1341 1288 1546 1337 prophetis

227 1346 292 1394 qui
323 1347 475 1383 veniunt
507 1347 559 1382 ad
582 1359 650 1382 vos
682 1347 718 1382 in
753 1346 985 1382 vestimentis
1019 1345 1159 1392 ovium,
1205 1345 1300 1393 quia
1332 1344 1388 1381 illi
1422 1346 1470 1381 de
1503 1358 1544 1382 se

168 1416 210 1438 20
226 1403 322 1452 ipsis
355 1413 542 1453 patenter
564 1403 771 1441 verificant
794 1406 870 1441 hoc
894 1403 1165 1452 evangelium3
1200 1412 1237 1439 et
1261 1403 1541 1451 blasphemum

227 1471 284 1498 est
316 1461 472 1499 dicere:
507 1461 690 1499 Christus
724 1462 852 1510 parcit
885 1463 1067 1510 detegere
1099 1473 1168 1497 sue
1201 1461 1369 1498 ecclesie
1402 1473 1541 1497 eorum

225 1520 447 1557 versuciam
497 1521 559 1557 vel
617 1521 725 1569 quod
770 1519 955 1568 intelligit
999 1532 1070 1568 per
1127 1520 1199 1556 hec
1250 1520 1371 1556 verba
1435 1532 1542 1556 com-

226 1577 365 1615 munia
397 1580 555 1615 Fratres
588 1578 656 1627 qui
690 1590 734 1614 ex
765 1578 872 1615 facto
905 1579 1051 1615 docent
1083 1578 1192 1626 quod
1225 1586 1318 1614 sunt
1350 1577 1542 1626 precipua

223 1638 295 1672 sub
345 1635 421 1672 illis
463 1635 594 1673 verbis
639 1645 848 1682 contenta;
902 1645 938 1673 et
984 1635 1245 1672 conformiter
1296 1634 1442 1672 dicitur
1492 1637 1543 1672 ad

167 1695 206 1728 25
224 1694 354 1742 glosas
386 1695 572 1731 Fratrum
606 1695 739 1742 quoad
772 1702 900 1731 textus
944 1693 1140 1730 librorum
1181 1693 1273 1730 novi
1312 1693 1542 1730 testamenti

224 1751 291 1800 qui
324 1751 365 1788 in
397 1761 570 1789 tractatu
615 1752 695 1788 alio
740 1761 831 1788 sunt
865 1752 1035 1789 collecti.
1088 1753 1137 1788 Et
1176 1760 1216 1788 ut
1249 1751 1419 1788 breviter
1451 1760 1542 1788 utar

222 1809 352 1846 verbis
385 1819 632 1856 sanctorum,
678 1811 835 1847 Fratres
868 1819 905 1847 et
938 1819 1017 1846 tres
1049 1809 1126 1846 alie
1158 1818 1264 1846 secte
1297 1809 1437 1846 dicunt
1469 1809 1542 1845 im-

223 1867 356 1915 plicite
389 1870 498 1917 quod
531 1867 713 1904 doctrina
737 1868 885 1905 Christi
916 1867 956 1904 in
979 1867 1127 1905 sanctis
1160 1867 1352 1915 apostolis
1386 1876 1423 1904 et
1455 1880 1542 1916 spe-

224 1925 378 1962 cialiter
420 1935 511 1975 post
554 1926 827 1963 ascensionem
868 1925 1030 1963 Domini
1074 1938 1155 1962 non
1200 1925 1273 1961 fuit
1324 1924 1540 1972 sufficiens,

167 1985 208 2018 30
223 1984 292 2019 sed
324 1985 374 2020 ad
418 1985 684 2032 regulandum
736 1983 942 2032 religiosos
981 1985 1241 2032 postmodum
1280 1983 1539 2031 incompleta,

222 2042 284 2078 vel
315 2043 423 2090 quod
455 2055 536 2079 non
568 2041 642 2078 fuit
686 2042 780 2078 satis
825 2041 998 2079 difficilis
1037 2043 1086 2078 ad
1119 2041 1408 2078 beatitudinem
1448 2054 1540 2090 pro-

223 2101 473 2146 merendum,
507 2101 567 2137 vel
590 2100 621 2136 si
655 2100 730 2136 hoc
761 2101 833 2137 hee
866 2109 1040 2149 quatuor
1072 2108 1176 2136 secte
1202 2099 1448 2147 negaverint,
1483 2099 1540 2135 di-

224 2165 315 2194 cant
348 2170 392 2194 ex
424 2171 502 2206 qua
534 2158 696 2195 racione
727 2159 788 2194 vel
832 2157 1073 2195 auctoritate
1117 2157 1377 2205 superaddita
1420 2169 1539 2205 super

223 2214 457 2263 religionem
491 2215 653 2253 Domini
686 2225 777 2252 sunt
808 2216 985 2253 fundate.
1019 2217 1068 2252 Et
1100 2228 1191 2252 cum
1225 2216 1300 2252 hoc
1332 2227 1414 2251 non
1447 2228 1538 2263 pos-

167 2283 207 2317 35
223 2282 317 2309 sunt
359 2275 584 2320 ostendere,
639 2273 894 2310 manifestum
938 2273 1094 2310 videtur
1148 2274 1256 2321 quod
1309 2274 1536 2310 deserentes

222 2331 350 2379 legem
391 2331 553 2368 Domini
598 2340 635 2369 et
693 2331 979 2368 constituentes
1023 2331 1097 2367 sibi
1128 2343 1273 2368 novam
1307 2339 1536 2368 extraneam

223 2388 351 2437 ipsam
391 2389 626 2438 diligencius
659 2390 967 2437 amplectuntur.
1002 2391 1050 2425 Et
1083 2402 1174 2426 cum
1207 2390 1283 2425 hoc
1306 2388 1355 2425 sit
1378 2388 1536 2437 signum

224 2447 433 2485 manifeste
466 2447 779 2497 ingratitudinis,
831 2456 941 2496 patet
974 2448 1082 2496 quod
1121 2448 1192 2484 hee
1225 2456 1330 2484 secte
1362 2455 1536 2496 quatuor

276 2676 300 2696 2.
322 2669 360 2696 B:
387 2668 522 2696 hominis
542 2668 638 2696 deest.
746 2667 770 2696 5.
799 2669 828 2696 A
847 2668 878 2695 in
900 2676 1013 2703 marg:
1036 2667 1127 2696 Nota.
1235 2667 1262 2695 8.
1283 2669 1328 2696 A:
1356 2668 1409 2695 ille
1437 2668 1533 2696 deest.

224 2711 254 2738 9.
276 2704 313 2730 B:
335 2706 436 2731 autem
457 2703 552 2731 deest.
609 2711 642 2731 11.
667 2703 713 2730 A:
733 2702 869 2730 Credere
888 2703 976 2730 enim.
1058 2703 1100 2730 16.
1121 2703 1149 2729 A
1168 2703 1197 2729 in
1221 2710 1336 2737 marg:
1365 2702 1530 2730 Jolzannes.

225 2746 266 2774 19·
287 2739 330 2765 A:
351 2746 410 2773 que
429 2739 562 2766 veniunt.
653 2745 699 2771 24.
722 2737 760 2764 B:
780 2738 819 2765 ab
840 2737 900 2765 illis
919 2737 1028 2764 verbis.
1111 2744 1159 2770 29.
1181 2737 1298 2765 Codd.:
1320 2740 1398 2765 nota
1408 2737 1488 2773 fuit.

297 2819 347 2841 12.
371 2809 450 2842 Joh.
476 2811 532 2850 Vl,
560 2809 612 2851 28,
642 2820 695 2853 29.

1629 1181 1763 1210 Christ's

1604 1217 1745 1253 warning
1764 1218 1790 1246 is

1603 1251 1723 1286 against
1743 1253 1792 1280 the

1639 1286 1743 1314 friars.

1567 1760 1635 1788 The
1655 1761 1746 1789 friars
1766 1770 1820 1798 say

1567 1796 1728 1832 implicitly
1748 1796 1813 1824 that

1626 1830 1758 1859 Christ’s

1616 1865 1762 1901 teaching

1557 1899 1682 1927 sufficed
1704 1900 1752 1928 for
1779 1901 1829 1928 tlic

1574 1935 1801 1998 sergi-zu
