2062 3327
174 230 263 258 CAP.
285 221 338 275 x.]
681 232 821 263 PRIMA
847 232 974 263 PARS.

116 341 127 353 ⁰
175 338 446 375 stimulantem
494 338 554 374 vel
599 337 691 386 quia
738 337 963 386 periculosa
991 334 996 389 Ι
1025 335 1304 373 decertacione
1351 335 1412 372 vie
1463 348 1485 372 a

175 396 309 444 quiete
356 395 484 444 patrie
528 397 754 432 retardatur
798 395 905 432 iuxta
947 395 1047 431 illud
1088 394 1235 432 Psalmi
1271 395 1402 439 CXIX,
1445 394 1485 430 5:

175 454 263 490 Heu
296 454 423 500 michi,
464 454 549 503 quia
588 454 775 490 incolatus
808 466 913 490 meus
945 453 1219 504 prolongatus.
1262 455 1310 488 Et
1342 451 1398 488 sic
1431 461 1488 488 est

176 511 318 548 viatori
341 511 528 548 continue
560 521 717 559 tempus
750 511 925 560 lugendi,
958 511 999 548 in
1032 510 1191 547 risivam
1226 509 1486 546 insolenciam

144 569 478 618 5prorumpendi‚
513 579 549 606 et
580 578 674 606 tunc
706 578 862 606 servato
895 570 970 606 hoc
1002 569 1113 606 vultu
1146 567 1419 605 consolabitur
1452 577 1489 604 et

178 628 321 664 ridebit
358 627 399 664 in
437 627 499 663 die
536 627 766 666 novissimo.
814 629 862 664 Et
900 636 1030 664 servat
1081 626 1144 663 hic
1189 626 1370 663 Christus
1414 627 1488 662 hoc

178 698 312 722 scema
350 686 457 734 quod
496 694 721 723 servaverat
753 685 794 722 in
832 685 968 734 priori,
1008 685 1102 734 quia
1139 684 1297 722 videtur
1335 683 1488 721 stolidis

181 745 287 792 quod
320 744 450 780 luctus
483 744 574 780 talis
608 757 629 780 a
663 743 946 780 consolacione
980 743 1152 780 maxime
1185 743 1409 791 elongatur.

238 802 445 852 Lugentes,
468 801 598 850 inquit
614 802 900 847 Crisostomus‚
926 802 1032 838 decet
1054 814 1134 838 esse
1157 814 1287 838 omnes
1310 802 1489 837 doctores

126 860 312 910 xopopuli
347 860 548 896 christiani
578 861 766 908 quomodo
801 867 964 909 possunt
1006 872 1087 896 esse
1124 860 1206 896 sine
1244 860 1361 903 luctu,
1405 871 1489 896 cum

182 918 334 954 videant
365 918 504 954 cotidie
535 918 836 954 christianorum
870 918 1019 954 animas
1050 930 1166 967 usque
1204 918 1257 953 ad
1294 917 1489 966 infernum

181 977 391 1012 cadentes?
422 977 523 1012 Nam
558 976 604 1012 de
634 976 785 1026 angelis
807 976 870 1024 qui
900 976 1046 1012 exituri
1075 983 1163 1012 sunt
1194 976 1230 1012 in
1246 976 1332 1025 fine
1361 975 1492 1029 seculi,

183 1041 222 1070 ut
253 1034 406 1084 signent
436 1046 571 1070 servos
601 1034 678 1070 Dei
708 1034 772 1083 qui
802 1034 848 1069 de
880 1034 1014 1070 alienis
1045 1034 1179 1084 lugent
1205 1034 1387 1083 peccatis.
1430 1033 1492 1068 Sic

183 1092 367 1141 scriptum
401 1099 456 1128 est
472 1104 548 1141 per
569 1092 833 1144 Ezechielem:
864 1092 920 1128 Ite
936 1104 1011 1141 per
1032 1091 1248 1128 Jerusalem
1278 1099 1313 1128 et
1341 1092 1494 1142 signate

130 1155 313 1190 15omnes
356 1150 419 1198 qui
461 1150 594 1200 lugent
636 1162 754 1199 super
796 1150 1011 1199 iniquitates
1054 1161 1124 1198 que
1149 1150 1255 1200 fiunt
1293 1150 1328 1185 in
1367 1150 1493 1186 medio

182 1208 409 1244 Jerusalem.
462 1208 678 1244 Jerusalem
733 1208 830 1244 enim
882 1215 937 1244 est
987 1220 1077 1244 vere
1127 1208 1286 1244 ecclesia
1335 1208 1493 1250 Christi,

185 1266 291 1302 cuius
317 1266 620 1314 fundamentum
655 1273 710 1302 est
751 1266 786 1301 in
822 1266 1011 1302 montibus
1050 1266 1203 1302 sanctis.
1260 1266 1313 1313 Si,
1348 1265 1492 1314 inquit⁷

185 1324 399 1360 consolacio
443 1331 664 1360 sanctorum
709 1331 764 1360 est
807 1324 973 1360 cessacio
1006 1324 1130 1360 luctus
1161 1336 1271 1373 pene,
1316 1323 1492 1373 quoniam

185 1382 249 1431 qui
268 1394 337 1418 sua
360 1381 493 1432 lugent
504 1389 663 1431 peccata
685 1382 877 1418 consecuti
896 1382 1181 1432 indulgenciam
1197 1382 1497 1418 consolabuntur

129 1459 171 1479 20
187 1442 221 1476 in
253 1439 380 1476 seculo
414 1440 490 1476 illo.
542 1439 619 1490 Qui
649 1440 774 1476 aliena
814 1440 947 1490 lugent
979 1447 1140 1489 peccata
1178 1441 1368 1489 quomodo
1407 1452 1494 1476 con-

186 1498 443 1534 solabuntur?
485 1498 683 1546 Numquid
722 1498 891 1534 desinent
931 1498 1070 1549 lugere
1113 1499 1160 1534 de
1197 1498 1497 1547 peccatoribus?

187 1556 321 1592 Eciam
354 1556 530 1604 quoniam
558 1556 739 1604 quamdiu
771 1563 858 1592 sunt
889 1556 924 1591 in
958 1556 1099 1592 mundo
1132 1557 1339 1592 nescientes
1360 1557 1496 1606 provi-

189 1614 361 1650 denciam
406 1613 483 1650 Dei
526 1626 592 1650 nec
636 1614 892 1664 intelligentes
935 1615 987 1649 ad
1030 1614 1186 1663 plenum
1239 1614 1302 1663 qui
1345 1615 1497 1650 diabolo

188 1672 436 1721 compellente
458 1672 681 1720 delinquunt
706 1679 741 1708 et
762 1684 813 1708 ex
844 1672 1017 1721 opposito
1050 1672 1152 1708 malo
1186 1673 1352 1723 diligant
1378 1673 1496 1719 mala,

131 1737 171 1771 25
188 1742 317 1766 omnes
343 1737 547 1779 peccantes
578 1730 712 1780 lugent
744 1742 874 1766 omnes
905 1743 928 1766 a
959 1730 1112 1766 diabolo
1153 1730 1427 1767 circumveniri
1463 1739 1499 1767 et

188 1788 278 1838 cogi
302 1795 494 1837 putantes.
534 1787 628 1823 Cum
663 1800 753 1823 vero
786 1788 822 1824 in
854 1788 981 1824 seculo
1014 1788 1079 1824 illo
1104 1789 1397 1837 providenciam
1422 1787 1500 1826 Dei

187 1846 439 1896 cognoverint
482 1853 516 1882 et
560 1846 821 1882 intellexerint
852 1846 1066 1894 manifeste,
1111 1847 1287 1894 quoniam
1326 1847 1390 1895 qui
1430 1847 1501 1883 Dei

188 1911 275 1940 sunt
291 1904 426 1953 perire
453 1916 525 1940 non
544 1911 748 1953 poterant;
779 1905 842 1953 qui
872 1912 997 1940 autem
1015 1905 1220 1953 perierunt
1241 1917 1313 1940 non
1329 1905 1500 1953 fuerunt

190 1962 276 2008 Dei,
309 1962 396 2010 quia
428 1962 475 1998 de
505 1975 620 1998 manu
653 1962 729 1998 Dei
759 1974 868 1998 nemo
901 1975 1042 2012 rapere
1066 1969 1210 2012 potest,
1250 1963 1420 2012 deposito
1454 1964 1501 1999 de

133 2029 175 2061 30
190 2020 242 2056 eis
274 2020 376 2056 luctu
409 2020 709 2056 consolabuntur
747 2027 783 2056 et
818 2020 899 2057 sine
936 2020 1111 2056 mixtura
1151 2021 1313 2057 alicuius
1352 2021 1500 2057 doloris

190 2078 226 2113 in
258 2090 327 2114 sua
358 2077 441 2114 sola
473 2078 705 2114 beatitudine
737 2078 969 2114 letabuntur.
1016 2079 1194 2127 Namque
1231 2079 1413 2128 quamdiu
1446 2086 1501 2115 est

190 2136 362 2172 charitas
392 2143 614 2172 sanctorum
655 2136 843 2172 viancium
881 2137 934 2172 ad
966 2144 1194 2185 peccatores
1232 2137 1502 2186 dampnandos

190 2194 345 2230 eciamsi
369 2194 580 2243 propinqui
590 2194 758 2242 fuerint.
794 2195 900 2230 Sicut
923 2195 1031 2230 docet
1049 2194 1244 2244 parabola
1268 2195 1499 2239 Salvatoris‚

193 2253 297 2288 Luce
341 2252 438 2297 XVI,
492 2263 557 2299 24,
609 2253 644 2288 in
695 2264 768 2300 qua
824 2253 915 2288 dicit
961 2253 1090 2289 dives:
1140 2253 1260 2288 Pater
1302 2253 1499 2288 Abraham

136 2316 175 2350 35
192 2310 376 2346 miserere
407 2310 481 2346 mei
515 2318 551 2346 et
582 2311 687 2347 mitte
726 2311 938 2363 Lazarum,
978 2318 1017 2346 ut
1053 2311 1245 2360 intinguat
1282 2318 1499 2347 extremum

193 2368 307 2417 digiti
341 2368 401 2403 sui
436 2368 471 2404 in
504 2381 656 2417 aquam,
700 2376 740 2404 ut
778 2368 993 2419 refrigeret
1025 2369 1198 2419 linguam
1233 2381 1370 2415 meam,
1415 2369 1502 2417 quia

191 2425 372 2476 graviter
402 2427 557 2462 crucior
587 2427 623 2462 in
662 2427 734 2462 hac
760 2426 939 2476 flamma.
995 2427 1193 2475 Numquid
1229 2427 1410 2462 misertus
1448 2434 1502 2462 est

194 2484 245 2519 ibi
273 2483 473 2519 Abraham
505 2485 637 2534 filium
675 2497 785 2520 suum
825 2485 1056 2520 ardentem?
1100 2485 1201 2520 Nam
1246 2485 1332 2533 quia
1361 2485 1503 2532 suerat

194 2541 384 2590 epulator,
429 2542 464 2577 in
498 2555 571 2591 qua
598 2550 715 2591 parte
746 2543 924 2591 corporis
956 2542 1016 2578 sui
1047 2542 1138 2591 plus
1171 2549 1416 2591 peccaverat,
1463 2542 1503 2577 id

134 2614 179 2646 40
194 2606 262 2646 est,
294 2600 330 2635 in
360 2600 469 2650 gula⁷
503 2601 538 2636 in
571 2613 613 2636 ea
646 2601 813 2649 amplius
844 2601 1106 2648 torquebatur.

261 2754 291 2780 4.
312 2747 356 2773 A:
378 2746 570 2773 iunrisivam.
643 2753 671 2780 9.
694 2747 720 2773 A
742 2746 771 2773 in
794 2754 908 2781 marg:
925 2745 1139 2773 Crisostomus.
1213 2753 1259 2779 24.
1280 2746 1326 2773 A:
1341 2746 1503 2780 exposito.

195 2788 238 2815 27.
251 2783 294 2808 A:
307 2783 560 2817 cognoveruntet
568 2781 794 2808 intellexerunt.
851 2788 895 2816 27,
909 2780 954 2808 28.
966 2782 1009 2808 A:
1024 2779 1231 2816 Dez'suerunt.
1287 2779 1334 2807 36.
1349 2782 1394 2807 A:
1410 2789 1502 2816 aqua.

265 2862 297 2896 9.
323 2853 390 2895 Op.
417 2853 515 2894 Imp.‚
541 2863 574 2894 p.
601 2851 678 2895 789.
778 2863 828 2894 14.
854 2852 982 2884 Ezech.
1007 2853 1064 2892 IX,
1089 2863 1122 2893 4.

1722 223 1765 259 31
