2003 3322
243 176 330 203 cm.
353 167 391 220 1.]
719 177 928 208 summm
960 177 1084 207 PARS.

245 284 460 327 rideamini,
504 285 572 320 sed
611 291 824 333 propterea
857 283 952 318 iuste
992 283 1141 325 vivatis,
1177 289 1214 317 ut
1254 282 1298 317 ab
1341 281 1554 316 hominibus

244 342 461 388 videamini,
497 355 583 377 nam
618 342 680 377 ubi
712 341 783 376 erit
816 341 917 389 quod
949 340 984 375 in
1013 340 1208 388 principio
1232 339 1342 374 liuius
1364 339 1554 375 sermonis

244 400 384 436 dictum
430 407 504 436 est:
561 400 633 436 Vos
677 398 766 434 estis
810 399 881 434 lux
924 398 1067 433 mundi.
1119 398 1204 434 Non
1248 404 1376 446 potest
1420 397 1555 432 civitas

242 458 425 493 abscondi
451 470 569 507 supra
593 464 757 492 montem
778 456 919 505 posita,
953 468 1069 504 neque
1091 456 1301 491 accendunt
1325 456 1521 491 lucernam

121 520 198 561 '579c
242 522 277 551 et
295 523 442 564 ponunt
475 527 556 551 eam
589 515 657 551 sub
691 514 832 557 modio,
865 514 934 549 sed
965 526 1083 562 super
1106 513 1397 557 candelabrum,
1432 519 1470 547 ut
1494 513 1557 561 qui

243 573 387 608 intrant
420 574 547 608 lumen
582 573 731 608 videant
765 579 799 608 et
832 572 956 607 luceat
980 571 1152 607 omnibus
1175 571 1238 619 qui
1260 571 1295 606 in
1321 571 1433 607 domo
1456 578 1553 606 sunt.

244 631 306 667 Sic
332 631 455 667 luceat
479 631 550 666 lux
583 637 710 666 vestra
745 631 803 665 vel
825 630 950 665 lumen
976 636 1145 665 vestrum
1171 641 1303 664 coram
1328 628 1554 672 hominibus,

245 695 283 724 ut
328 688 480 724 videant
528 700 646 737 opera
694 695 823 724 vestra
866 688 925 723 rel
953 687 1082 735 sacta.
1130 687 1207 722 Sed
1244 699 1316 722 non
1356 686 1407 722 1bi
1431 686 1553 736 finem

243 747 457 787 constituit,·
495 746 646 781 addidit
679 746 789 792 enirn,
844 753 876 781 et
919 745 1141 795 glorificent
1181 751 1336 793 patrem
1382 751 1553 780 vestrum

192 817 229 837 10
243 804 434 840 celestem.
471 804 546 839 Hic
578 812 704 839 autem
739 803 825 851 quia
859 803 929 839 lzoc
963 802 1223 851 reprehendit,
1256 802 1289 838 si
1320 802 1371 837 ibi
1400 802 1556 851 sitfinis

244 869 346 897 recte
369 862 589 910 factorum,
638 862 678 897 id
709 869 776 906 est,
821 862 854 896 si
881 868 1095 909 propterea
1130 867 1232 896 recte
1255 860 1471 908 faciamus,
1518 867 1556 895 ut

243 927 389 955 tantum
416 920 618 955 videamur
639 920 685 955 ab
710 919 935 963 hominibus,
976 925 1228 967 posteaquam
1260 918 1379 953 dixit.-
1416 918 1557 954 Cavete

243 978 525 1026 autemfacere
547 977 734 1013 iusticiam
762 984 929 1012 vestram
955 989 1087 1012 coram
1112 976 1338 1021 hominibus,
1364 983 1402 1011 ut
1427 976 1554 1011 videa-

243 1035 338 1071 mini
366 1036 413 1070 ab
445 1036 509 1080 eis,
543 1035 638 1070 nilzil
668 1035 840 1075 addidit,-
884 1034 919 1070 in
953 1046 1024 1082 quo
1057 1041 1222 1083 apparet
1254 1046 1326 1069 non
1361 1034 1432 1069 lzoc
1471 1045 1554 1069 eum

192 1093 497 1142 15prolu'bm’sse,
544 1100 582 1128 ut
621 1100 723 1129 recte
750 1093 829 1142 fiat
868 1105 1000 1128 coram
1040 1092 1255 1128 hominibus
1293 1093 1361 1128 sed
1394 1104 1438 1128 ne
1470 1092 1553 1127 ideo

245 1158 347 1187 recte
367 1151 445 1200 fiat
477 1163 609 1187 coram
635 1150 861 1194 hominibus,
896 1158 934 1185 ut
958 1150 1160 1186 videamur
1183 1150 1228 1185 ab
1252 1150 1317 1196 eis,
1354 1150 1392 1185 id
1414 1157 1480 1195 est,
1516 1157 1554 1185 ut

243 1209 462 1244 intueamur
484 1209 554 1245 lzoc
577 1216 610 1244 et
621 1209 743 1258 finem
769 1208 892 1244 nostri
911 1208 1101 1257 propositi
1123 1208 1364 1244 collocemus.
1397 1208 1496 1243 Nam
1521 1215 1554 1244 et

245 1267 452 1315 Apostolus
476 1267 586 1303 dicit:
619 1267 661 1302 Si
681 1266 808 1302 adhuc
831 1266 1047 1302 hominibus
1065 1266 1224 1314 placere
1247 1266 1396 1313 vellem,
1421 1278 1558 1301 servus

250 1324 398 1360 Christi
428 1337 500 1360 non
526 1337 660 1368 essem,
685 1336 769 1360 cum
793 1324 870 1359 alio
894 1324 976 1360 loco
1001 1324 1122 1360 dicat:
1156 1324 1318 1360 Placere
1342 1323 1557 1360 hominibus

189 1394 315 1431 2oper
347 1383 472 1418 omnia
504 1383 601 1418 sicut
633 1390 667 1418 et
700 1394 772 1432 ego
800 1394 874 1431 per
906 1382 1033 1417 onznia
1063 1382 1235 1417 omnibus
1253 1381 1402 1430 placeo.
1443 1381 1558 1424 Quod

245 1440 307 1488 qui
339 1453 411 1476 non
445 1440 677 1490 intelligunt,
718 1447 853 1489 putant
887 1452 967 1476 esse
1002 1440 1255 1484 contrarium,
1291 1452 1374 1475 cum
1409 1439 1473 1475 ille
1504 1440 1557 1475 sic

246 1498 392 1534 dixerit
424 1511 496 1534 non
524 1499 685 1547 placere
717 1498 945 1541 hominibus,
979 1498 1065 1547 quia
1100 1510 1172 1533 non
1207 1505 1309 1533 recte
1332 1498 1415 1533 ideo
1429 1498 1556 1546 facie-

245 1556 319 1602 bat,
354 1563 394 1591 ut
421 1557 594 1605 placeret
630 1556 856 1599 hominibus,
889 1557 958 1592 sed
991 1563 1028 1591 ut
1052 1556 1136 1591 Deo
1169 1556 1221 1590 ad
1243 1555 1350 1591 cuius
1373 1556 1556 1591 honorent

243 1621 279 1649 et
323 1626 495 1650 amorem
543 1615 662 1650 corda
706 1614 900 1650 hominum
942 1614 1091 1649 volebat
1129 1621 1356 1649 convertere
1394 1626 1436 1650 eo
1476 1614 1557 1663 ipso

188 1675 226 1706 25
244 1672 345 1720 quod
373 1672 547 1720 placeret
581 1672 805 1709 hominibus.
844 1673 974 1720 ltaque
1006 1679 1040 1708 et
1063 1684 1134 1707 non
1157 1684 1197 1707 se
1214 1672 1373 1720 placere
1396 1672 1556 1708 homini-

244 1730 312 1765 bus
345 1737 448 1766 recte
480 1731 640 1775 dicebat,
676 1730 761 1778 quia
795 1730 829 1764 iu
863 1742 905 1765 eo
939 1730 1019 1778 ipso
1054 1737 1093 1765 ut
1114 1729 1198 1765 Deo
1228 1730 1405 1778 placeret
1436 1729 1555 1766 intue-

243 1788 358 1823 batur
389 1795 423 1823 et
455 1788 685 1837 placendum
720 1800 801 1823 esse
835 1788 1050 1823 hominibus
1080 1795 1182 1823 recte
1200 1787 1450 1836 precipiebat,
1485 1800 1557 1823 non

244 1852 283 1880 ut
316 1846 386 1881 lzoc
418 1854 668 1895 appeteretur
701 1853 895 1894 tamquam
931 1858 1078 1881 merces
1112 1853 1214 1882 recte
1235 1846 1455 1894 factorum,
1489 1847 1558 1882 sed

244 1903 331 1951 quia
351 1903 434 1939 Deo
464 1905 624 1953 placere
658 1917 728 1939 non
757 1911 901 1953 posset,
935 1904 999 1952 qui
1030 1916 1101 1940 non
1135 1916 1174 1939 se
1207 1904 1279 1939 liiis
1310 1916 1405 1952 quos
1426 1904 1557 1940 salvos

187 1961 330 2010 '50fieri
366 1962 479 1997 vellet
518 1962 745 1997 imitandum
787 1962 982 2010 preberet,
1039 1962 1187 1997 imitari
1224 1969 1349 1997 autem
1389 1962 1453 2010 qui
1488 1961 1560 1997 sibi

243 2031 315 2055 non
344 2019 551 2068 placuerit,
596 2020 700 2055 nullo
730 2027 846 2068 pacto
878 2019 1078 2068 quicquam
1109 2027 1249 2068 potest.
1296 2019 1401 2054 Sicut
1433 2019 1557 2069 igitur

243 2088 315 2112 non
354 2077 523 2113 absurde
565 2079 787 2126 loqueretur
826 2078 889 2126 qui
927 2078 1091 2113 diceret:
1136 2078 1175 2112 In
1216 2078 1287 2113 lzac
1326 2089 1444 2126 opera
1484 2089 1556 2125 qua

243 2147 377 2170 navem
412 2147 543 2183 quero,
577 2148 648 2171 non
682 2147 815 2171 navem
850 2147 968 2183 quero
1000 2136 1069 2171 sed
1095 2135 1282 2184 patriam„
1315 2135 1369 2171 sic
1397 2143 1432 2170 et
1454 2136 1555 2183 Apo-

242 2192 364 2228 stolus
396 2193 663 2229 convenienter
696 2193 862 2229 diceret:
905 2194 946 2228 In
980 2194 1052 2229 hac
1085 2205 1204 2242 opera
1237 2205 1310 2241 qua
1343 2193 1558 2229 hominibus

186 2250 388 2299 '35placeo‚
433 2263 505 2286 non
550 2251 763 2287 hominibus
800 2252 870 2286 sed
914 2252 997 2286 Deo
1037 2251 1187 2299 placeo,
1239 2251 1325 2299 quia
1370 2263 1442 2287 non
1487 2252 1558 2287 lioc

241 2315 379 2357 appeto
401 2309 469 2344 sed
490 2310 542 2344 ad
573 2309 671 2344 illud
702 2321 762 2344 nze
794 2308 940 2357 resero,
976 2316 1014 2344 ut
1046 2321 1106 2344 me
1128 2309 1202 2359 ipsi
1223 2309 1432 2355 imitentur,
1465 2321 1558 2357 quos

241 2366 371 2401 salvos
391 2366 491 2414 fieri
522 2368 621 2411 volo,
654 2367 752 2402 sicut
776 2366 866 2402 dicit
890 2367 935 2402 de
957 2367 1153 2402 oblacione
1175 2367 1309 2416 quefit
1330 2366 1366 2402 in
1389 2374 1555 2413 sanctos,

242 2435 315 2459 non
355 2423 443 2472 quia
481 2436 598 2473 quero
638 2425 770 2460 datum
811 2424 879 2460 sed
902 2424 1099 2472 fructum,
1148 2424 1187 2460 id
1219 2432 1274 2460 est
1306 2425 1408 2473 quod
1439 2437 1557 2473 quero

238 2625 268 2652 S·
310 2600 334 2626 7.
357 2593 402 2653 ἕλε
426 2593 473 2619 vel
493 2593 592 2619 tumen
607 2596 748 2653 Aves-[Zion
770 2593 864 2654 delest.
897 2628 901 2631 -
992 2601 1031 2620 10.
1054 2594 1265 2638 Augustiuusg
1287 2594 1389 2628 quiin
1410 2593 1483 2620 celis
1504 2596 1556 2620 est.

239 2634 290 2688 3510
303 2631 382 2688 ,Δῗῖίη
399 2636 627 2695 ⁵111a1·g.:'iN)lota
645 2630 838 2696 exeiiiptlulrizfz
869 2628 945 2690 ²⁵¹3*aess
968 2629 1148 2690 sslffcgdead
1166 2662 1200 2689 id
1218 2628 1352 2699 rZJerbss'
1386 2630 1557 2662 appeteret*

334 2745 362 2776 5.
391 2744 510 2775 Matth.
537 2745 578 2783 V,
611 2755 665 2785 14:
705 2745 749 2776 ib.
787 2744 836 2776 15.
955 2756 986 2786 4.
1016 2745 1058 2776 ib.
1091 2745 1137 2778 16.
1266 2745 1312 2779 18.
1349 2747 1424 2777 Gal.
1452 2747 1473 2786 1,
1507 2757 1553 2780 10.

246 2800 295 2832 ιι).
325 2791 344 2822 Ι,
374 2791 451 2823 Cor.
481 2791 520 2830 X,
550 2792 601 2824 243.
701 2791 751 2824 38.
781 2791 864 2823 Phil.
895 2792 949 2831 IV,
984 2802 1030 2833 ¹7-

1764 177 1781 199 h:
