2003 3322
179 208 258 256 384

210 505 289 534 How
311 507 411 542 pearls

249 550 300 569 are
320 541 379 569 like

200 577 339 612 spiritual
359 576 432 612 gifts

184 612 219 639 of
235 616 319 647 great
339 612 437 638 value.

187 1491 272 1527 Dogs
292 1499 343 1519 are
362 1491 433 1528 they

204 1527 269 1554 that
289 1526 421 1554 declaim

198 1561 318 1601 against
337 1561 433 1595 trum,

193 1604 261 1632 plgs
281 1596 353 1636 they
371 1596 435 1623 that

236 1639 327 1659 scorn
348 1635 381 1658 1t.

883 217 1001 251 01>th
1026 217 1364 251 EVANGELICUM
1477 204 1586 261 [CAP.
1606 213 1776 245 xxxvm.

463 332 660 375 tamquam
687 325 869 375 parvulis
901 325 937 361 in
976 325 1145 373 Christo,
1179 326 1240 362 lac
1272 325 1377 362 vobis
1402 332 1538 375 potum
1573 325 1674 376 dedi,
1707 337 1780 361 non

464 395 605 430 escam,
651 395 768 433 neque
811 383 909 419 enim
951 384 1156 433 poteratis,
1199 384 1270 420 sed
1308 396 1426 434 neque
1467 396 1565 420 nunc
1597 383 1782 432 potestis;

463 441 590 478 adhuc
621 441 719 477 enim
754 441 843 477 estis
875 442 1065 478 carnales.

522 499 564 535 In
597 499 669 535 hoc
706 506 832 535 autem
861 507 1047 549 precepto
1078 512 1151 549 quo
1180 500 1438 549 prohibemur
1475 506 1651 536 sanctum
1684 499 1782 535 dare

464 557 620 593 canibus
657 564 692 593 et
730 557 885 594 mittere
921 565 1010 594 ante
1041 570 1187 606 porcos
1224 558 1469 608 margaritas
1506 565 1661 594 nostras
1693 557 1812 594 dili-5

463 623 603 665 genter
634 616 872 664 querendum
905 623 962 652 est
993 616 1085 664 quid
1114 616 1164 652 sit
1194 623 1383 663 sanctum,
1424 615 1515 664 quid
1546 615 1779 666 margarite,

462 673 555 722 quid
586 685 712 721 canes,
751 673 844 722 quid
869 673 993 723 porci.
1035 674 1219 710 Sanctum
1258 681 1313 710 est
1346 675 1447 723 quod
1486 674 1634 710 violare
1671 680 1782 722 atque

464 743 721 780 corrumpere
764 731 877 780 nefas
914 739 991 777 est;
1033 732 1139 768 cuius
1177 732 1304 780 utique
1340 732 1498 768 sceleris
1542 739 1702 769 conatus
1746 738 1781 767 et

464 789 643 825 voluntas
681 797 833 826 tenetur
865 802 945 837 rea,
983 790 1160 839 quamvis
1196 790 1295 826 illud
1331 797 1504 826 sanctum
1544 797 1684 826 natura
1726 789 1781 825 in—

464 847 642 883 violabile
678 854 791 896 atque
828 847 1122 896 incorruptibile
1160 855 1326 884 maneat.
1371 848 1598 899 Margarite
1641 855 1781 895 autem,
1801 863 1839 884 10

463 917 698 954 quecumque
728 905 950 955 spiritualia
983 919 1129 956 magna
1161 906 1375 942 estimanda
1406 913 1505 953 sunt,
1538 906 1624 955 quia
1657 906 1693 942 in
1715 906 1781 941 ab·

464 962 542 999 dito
587 963 720 1010 latent,
772 971 968 1012 tamquam
1014 965 1061 1000 de
1105 964 1310 1014 profundo
1363 972 1551 1000 eruuntur
1601 970 1637 1000 et
1688 964 1782 999 alle-

461 1021 670 1071 goriarum
703 1021 739 1057 in
762 1021 994 1072 tegumentis
1023 1023 1135 1072 quasi
1164 1023 1313 1072 apertis
1340 1023 1495 1058 conchis
1523 1022 1781 1058 inveniuntur.

462 1079 638 1130 Intelligi
668 1079 755 1115 licet
787 1080 914 1128 itaque
946 1081 1047 1129 quod
1085 1092 1159 1116 una
1198 1081 1405 1129 eademque
1444 1092 1507 1116 res
1539 1087 1574 1116 et
1604 1087 1780 1116 sanctum

463 1144 499 1173 et
535 1137 760 1187 margarita
800 1138 877 1174 dici
901 1146 1044 1187 posset,
1084 1139 1153 1175 sed
1194 1146 1368 1175 sanctum
1409 1150 1460 1175 ex
1497 1150 1539 1175 eo
1571 1138 1673 1187 quod
1709 1142 1838 1175 non15

464 1195 573 1231 debet
604 1195 818 1245 corrumpi,
858 1196 1123 1247 margaritam
1157 1208 1207 1233 ex
1239 1209 1281 1233 eo
1312 1197 1416 1246 quod
1447 1208 1519 1232 non
1553 1196 1662 1232 debet
1693 1208 1781 1232 con-

463 1253 619 1303 tempni.
669 1253 843 1290 Conatur
887 1262 1014 1290 autem
1057 1255 1215 1304 quisque
1261 1266 1517 1304 corrumpere
1560 1254 1662 1303 quod
1708 1266 1781 1290 non

464 1311 545 1347 vult
583 1323 665 1347 esse
703 1311 922 1362 integrum.-
960 1312 1194 1362 contempnit
1234 1325 1326 1349 vero
1366 1313 1468 1361 quod
1505 1312 1579 1349 vile
1618 1311 1710 1349 dicit
1748 1319 1784 1348 et

462 1369 573 1418 quasi
602 1369 709 1418 infra
742 1381 783 1406 se
814 1382 895 1406 esse
927 1370 1125 1407 existimat
1156 1378 1193 1407 et
1224 1371 1308 1407 ideo
1341 1370 1490 1407 calcari
1510 1370 1653 1406 dicitur
1671 1369 1783 1419 quid-

464 1427 557 1476 quid
588 1428 885 1477 contempnitur.
1800 1443 1841 1465 20

528 1486 781 1535 Quapropter
818 1498 932 1522 canes
968 1485 1145 1535 quoniam
1185 1486 1357 1523 insiliunt
1394 1487 1446 1522 ad
1476 1486 1783 1532 dilacerandum,

465 1544 567 1592 quod
604 1551 730 1579 autem
771 1544 946 1581 lacerant
989 1544 1185 1595 integrum
1226 1557 1307 1581 esse
1345 1557 1418 1580 non
1456 1545 1601 1581 sinunt:
1654 1544 1784 1580 Nolite

466 1600 609 1649 inquit,
655 1609 829 1638 sanctum
879 1603 976 1638 dare
1018 1602 1187 1649 canibus,
1240 1603 1327 1651 quia
1373 1602 1444 1639 etsi
1486 1602 1700 1639 dilacerari
1748 1608 1783 1638 et

466 1660 668 1709 corrumpi
699 1672 771 1696 non
799 1667 928 1710 potest
960 1668 996 1697 et
1028 1667 1156 1696 manet
1188 1660 1385 1712 integrum
1409 1668 1522 1710 atque
1544 1660 1784 1696 inviolabile.-

465 1717 525 1753 illi
554 1725 679 1754 tamen
702 1718 794 1766 quid
822 1718 938 1755 velint
960 1719 1211 1769 cogitandum
1246 1727 1313 1764 est,
1336 1719 1440 1768 quod
1460 1718 1648 1754 alacriter
1669 1725 1783 1767 atque
1798 1723 1838 1754 25

465 1775 727 1812 inimicissime
770 1776 953 1812 resistunt
996 1783 1031 1812 et
1075 1783 1258 1826 quantum
1304 1777 1340 1812 in
1379 1776 1473 1826 ipsis
1517 1784 1586 1824 est,
1630 1776 1664 1812 si
1687 1775 1786 1826 fieri

459 1840 604 1881 posset,
637 1841 827 1870 conantur
853 1834 1051 1884 perimere
1083 1834 1296 1870 veritatem.
1336 1834 1455 1871 Porci
1485 1847 1577 1871 vero
1610 1833 1784 1883 quamvis

465 1904 538 1927 non
571 1891 625 1927 ita
658 1899 695 1927 ut
729 1904 842 1929 canes
874 1904 1008 1929 morsu
1040 1900 1237 1942 appetant,
1265 1893 1412 1942 passim
1436 1900 1562 1929 tamen
1595 1892 1782 1929 calcando

464 1949 722 1999 coinquinant.
763 1950 823 1986 Ne
854 1950 978 2001 igitur
1009 1950 1192 1987 miseritis
1231 1951 1478 2001 margaritas
1508 1957 1597 1987 ante
1622 1962 1783 2000 porcos,

464 2019 509 2043 ne
521 2007 636 2055 forte
658 2008 879 2045 conculcent
903 2020 968 2045 eas
984 2009 1149 2058 pedibus
1170 2009 1249 2045 suis
1271 2017 1307 2045 et
1337 2008 1517 2045 conversi
1538 2009 1784 2058 disrumpant
1800 2013 1841 2045 30

464 2077 543 2103 vos.
590 2065 713 2102 Canes
752 2066 876 2117 igitur
908 2079 986 2116 pro
1031 2067 1369 2118 oppugnatoribus
1413 2067 1600 2113 veritatis,
1639 2078 1784 2116 porcos

462 2131 589 2159 autem
618 2136 696 2173 pro
729 2125 1059 2174 contemptoribus
1085 2125 1235 2174 positos
1267 2138 1340 2161 non
1374 2125 1678 2175 incongruenter
1699 2124 1782 2160 exi-

462 2189 588 2217 stimo.

527 2239 643 2284 Quod
679 2247 807 2276 autem
852 2240 925 2276 ait:
967 2241 1146 2277 conversi
1183 2241 1429 2291 disrumpant
1474 2253 1553 2289 vos,
1606 2253 1678 2277 non
1729 2240 1784 2276 ait

464 2297 568 2346 ipsas
614 2299 859 2349 margaritas
904 2298 1160 2348 disrumpant.
1214 2299 1308 2335 Illas
1359 2299 1457 2335 enim
1509 2298 1838 2345 conculcando,35

465 2355 583 2391 eciam
642 2368 727 2392 cum
780 2363 1072 2404 convertuntur,
1134 2365 1173 2392 ut
1224 2357 1353 2393 adhuc
1410 2357 1558 2406 aliquid
1607 2356 1783 2403 audiant,

465 2413 692 2463 dirumpunt
735 2422 860 2451 tamen
905 2426 989 2450 eum
1035 2428 1057 2449 a
1102 2427 1174 2463 quo
1219 2415 1294 2451 iam
1349 2415 1487 2451 missas
1538 2414 1783 2465 margaritas

464 2472 802 2509 conculcaverunt.
836 2473 922 2508 Non
955 2473 1053 2509 enim
1078 2473 1204 2521 facile
1236 2473 1427 2509 inveneris
1456 2472 1547 2521 quid
1568 2473 1603 2509 ei
1621 2479 1781 2523 gratum

464 2541 546 2566 esse
571 2530 710 2579 possit,
739 2530 806 2580 qui
835 2531 1083 2582 margaritas
1105 2531 1328 2578 calcaverit,
1361 2531 1401 2566 id
1428 2538 1497 2575 est,
1530 2543 1614 2567 cum
1638 2542 1782 2580 magno

536 2718 556 2738 ι.
588 2712 633 2738 A:
662 2712 830 2746 parvulus,·
861 2711 901 2738 ib.
932 2711 971 2738 13:
1005 2712 1054 2738 Iac
1087 2711 1179 2738 deest.
1290 2713 1317 2738 O.
1352 2711 1374 2738 B
1408 2711 1436 2738 in
1472 2719 1585 2746 marg.:
1626 2711 1780 2739 Sanctum.

465 2753 495 2780 9,
530 2754 569 2772 ιο.
604 2746 640 2773 Β;
675 2749 789 2773 natura
823 2754 883 2780 que
914 2746 1093 2773 inviolabile
1125 2749 1161 2773 et.
1248 2754 1288 2773 10.
1320 2746 1349 2773 A
1381 2746 1410 2773 in
1444 2754 1557 2781 marg:
1592 2744 1780 2781 Margarite.

467 2781 503 2808 15.
526 2780 563 2808 B:
594 2788 695 2815 posse.
806 2782 849 2808 26.
875 2782 919 2808 A:
954 2781 984 2807 in
1014 2781 1236 2816 margaritam.
1346 2788 1386 2808 21.
1413 2781 1441 2807 A
1467 2781 1497 2808 in
1527 2788 1594 2808 mar
1635 2790 1641 2808 τ
1672 2781 1780 2808 Canes.

465 2822 508 2842 22.
529 2816 573 2842 A:
594 2815 708 2843 sinant.
812 2823 857 2850 27.
878 2816 922 2842 A:
939 2815 1060 2850 possit‚·
1079 2817 1107 2843 A
1128 2815 1157 2842 in
1180 2823 1295 2850 marg:
1317 2815 1422 2842 Porci.
1530 2814 1576 2842 30.
1632 2825 1637 2842 z
1659 2819 1781 2843 contra-

465 2850 558 2877 versi.
632 2849 674 2877 32.
696 2851 739 2877 A:
760 2853 864 2877 aulem
884 2850 978 2877 deest.
1053 2848 1099 2883 34.
1121 2850 1239 2877 codd:
1261 2850 1308 2877 ait
1326 2849 1421 2877 deest.
1442 2849 1571 2877 Addidi.
