2003 3322
177 835 215 855 10

177 1114 212 1146 15

173 1414 214 1434 20

174 1693 213 1725 25

174 1982 215 2014 30

175 2270 214 2303 35

235 186 324 217 CAP.
345 182 441 228 ων]
696 188 908 223 SECUNDA
935 187 1060 221 PARS.

289 298 343 333 Ex
376 297 521 345 quibus
553 296 709 333 videtur
742 298 851 345 quod
898 297 1018 332 habet
1052 307 1215 332 causam
1250 295 1543 344 proficientem,

232 354 471 391 efficientem
506 363 543 390 et
575 354 869 391 subiectantem
911 363 948 390 et
993 353 1194 390 finientem
1241 363 1279 390 et
1312 354 1544 391 dominatur

230 412 431 460 peccatori
465 411 595 460 ipsum
629 411 804 458 facienti,
838 411 931 448 licet
963 411 1109 449 serviat
1142 413 1225 447 Deo
1257 421 1408 448 nostro.

287 470 404 506 Tales
437 478 529 505 sunt
562 471 685 506 multe
719 469 1048 518 equivocaciones
1080 478 1230 506 stantes
1253 469 1294 506 in
1316 469 1544 507 racionibus

232 527 448 575 analogicis
494 536 531 563 et
582 527 828 564 dimittentes
874 528 1050 564 defectus
1094 527 1162 575 qui
1212 536 1304 564 sunt
1348 527 1545 565 veraciter

230 585 361 633 ipsum
393 585 504 621 nihil.
539 587 620 622 Nec
654 585 849 634 contingit
872 585 1047 633 logicum
1080 585 1192 634 loqui
1225 587 1273 621 de
1306 594 1472 634 peccato
1505 585 1545 621 in

229 643 305 679 ista
338 642 518 690 materia,
564 643 639 679 nisi
672 645 732 680 vel
764 643 938 680 scienter
967 644 1029 680 vel
1067 642 1301 691 ignoranter
1333 643 1545 692 equivoca-

231 701 364 737 ciones
396 700 627 737 huiusmodi
661 703 968 739 demonstraret.

287 760 365 795 Sed
416 759 582 795 ulterius
633 761 859 796 notandum
913 768 969 795 est
1021 760 1240 795 secundum
1295 768 1456 795 sanctos
1506 767 1543 794 et

230 816 457 864 specialiter
508 818 730 853 secundum
783 816 1052 865 Augustinum
1106 818 1215 864 quod
1273 829 1334 853 res
1396 816 1543 853 dicitur

230 875 377 911 habere
410 874 553 922 triplex
585 887 681 922 esse,
716 874 867 911 scilicet
901 887 984 911 esse
1016 874 1287 910 intencionale
1310 875 1371 911 vel
1403 874 1541 920 ideale⁷

229 934 337 980 quod
385 933 505 968 habet
549 932 588 969 in
633 935 731 979 Deo,
778 941 815 969 et
866 945 948 969 esse
983 932 1142 969 causale
1187 934 1295 980 quod
1339 933 1458 968 habet
1503 932 1543 967 in

230 990 358 1026 causis
392 990 590 1027 secundis.
623 991 694 1027 Vel
716 990 840 1027 tercio
863 1003 947 1027 esse
971 989 1215 1027 individuale
1237 991 1298 1026 vel
1322 990 1541 1035 effectuale‚

229 1049 337 1096 quod
381 1048 501 1084 habet
544 1048 585 1084 in
629 1057 774 1085 natura
817 1061 889 1085 sua
934 1047 1120 1096 propria;
1167 1057 1204 1084 et
1251 1048 1292 1084 in
1324 1048 1399 1084 ista
1432 1047 1542 1096 equi-

228 1105 445 1142 vocacione
478 1106 664 1143 laborant
696 1106 858 1154 plurimi
892 1106 933 1142 in
965 1107 1183 1154 loquendo.
1218 1107 1265 1142 Et
1298 1105 1353 1142 sic
1376 1105 1540 1153 quidam

229 1165 455 1200 concedunt
508 1165 617 1212 quod
670 1165 822 1201 malurn
873 1176 975 1212 pene
1028 1165 1147 1200 habet
1192 1176 1275 1200 esse
1323 1163 1450 1200 ideale
1481 1164 1542 1200 vel

228 1221 498 1258 intencionale
544 1231 724 1258 eternum
772 1222 812 1258 in
860 1224 962 1268 Deo;
1016 1234 1106 1258 cum
1153 1224 1258 1258 Deus
1312 1221 1542 1258 eternaliter

227 1279 399 1316 intendit
444 1281 551 1328 quod
602 1289 812 1328 peccatum
864 1281 915 1316 ad
961 1279 1099 1316 mundi
1146 1279 1459 1327 pulcritudinem
1506 1288 1543 1315 et

229 1339 439 1373 beatorum
473 1337 665 1385 gaudium
700 1337 903 1386 puniatur.
939 1339 1151 1374 Peccatum
1177 1347 1309 1374 autem
1335 1339 1440 1373 Deus
1463 1349 1543 1373 non

228 1394 414 1443 intelligit
436 1407 507 1443 per
528 1396 662 1443 ydeaS,
702 1397 770 1432 sed
795 1398 851 1441 (ut
873 1396 1003 1443 placet
1028 1395 1314 1440 Lincolniensi)
1348 1408 1420 1443 per
1443 1404 1543 1431 eter-

228 1465 320 1489 nam
357 1453 582 1489 carenciam
616 1453 811 1490 idearum.
860 1455 909 1489 Et
940 1453 1049 1490 iuxta
1080 1454 1179 1490 tales
1212 1452 1542 1501 equivocaciones

230 1519 386 1559 ponunt
432 1512 616 1547 doctores
667 1511 945 1548 conclusiones
990 1524 1088 1560 quas
1127 1524 1211 1548 non
1256 1524 1396 1548 omnes
1430 1510 1542 1547 audi-

229 1578 335 1605 tores
367 1568 608 1617 intelligunt‚
642 1578 685 1605 ut
719 1569 989 1606 communiter
1021 1569 1168 1606 dicitur
1190 1570 1299 1617 quod
1322 1571 1429 1605 Deus
1461 1581 1542 1605 non

229 1628 312 1662 vult
360 1628 469 1675 quod
514 1626 658 1675 aliquis
703 1637 853 1678 peccet,
906 1627 1000 1664 licet
1037 1627 1130 1664 velit
1176 1629 1283 1676 quod
1329 1635 1541 1675 peccatum

231 1684 380 1721 diaboli
412 1685 473 1721 vel
517 1685 690 1721 hominis
735 1685 944 1733 puniatur3
991 1694 1028 1721 et
1072 1685 1127 1721 sic
1160 1685 1393 1721 fabulantur
1422 1684 1543 1732 logici

231 1744 279 1778 de
324 1742 459 1778 multis
504 1743 809 1792 consequenciis
854 1743 894 1779 in
943 1743 1088 1791 quibus
1134 1742 1419 1779 studiosissimi
1451 1751 1543 1778 sunt

231 1800 401 1848 decepti,
454 1809 496 1836 ut
548 1800 622 1837 ista
675 1801 969 1849 consequencia
1021 1802 1242 1837 secundum
1295 1800 1446 1849 logicos
1487 1809 1545 1836 est

229 1858 414 1894 formale:
449 1860 556 1894 Istud
589 1868 799 1907 peccatum
833 1858 1010 1907 punitur,
1045 1871 1139 1907 ergo
1173 1859 1363 1895 informat
1394 1859 1455 1895 vel
1486 1858 1544 1894 in-

229 1915 357 1952 stituit
379 1925 651 1964 peccatorem3
687 1926 741 1955 et:
766 1919 871 1953 Deus
892 1917 976 1954 vult
1009 1918 1117 1965 quod
1150 1916 1217 1953 illa
1250 1915 1544 1964 consequencia

229 1974 279 2009 sit
312 1975 431 2019 bona,
478 1983 514 2010 et
554 1976 660 2011 Deus
692 1975 775 2011 vult
814 1976 1073 2023 antecedens3
1117 1987 1212 2023 ergo
1241 1977 1348 2010 Deus
1380 1974 1463 2011 vult
1507 1982 1544 2009 et

231 2044 491 2080 consequens,
537 2041 574 2068 et
618 2045 689 2081 per
734 2045 981 2081 consequens
1015 2034 1120 2068 Deus
1160 2033 1240 2069 vult
1286 2034 1394 2080 quod
1438 2031 1544 2067 istud

231 2098 440 2137 peccatum
495 2089 678 2127 instituat
729 2099 998 2138 peccatorem.
1062 2092 1110 2126 Et
1162 2090 1202 2126 in
1247 2089 1322 2126 ista
1376 2089 1544 2125 materia

229 2147 425 2184 laboravit
457 2147 627 2184 sollicite
660 2149 1006 2185 Bradewardinus.
1059 2147 1227 2184 Videtur
1266 2148 1370 2183 enim
1412 2147 1542 2195 ipsum

230 2204 361 2241 dicere
405 2207 513 2253 quod
546 2208 651 2242 Deus
694 2207 777 2243 vult
810 2208 918 2254 quod
952 2208 1074 2242 homo
1107 2215 1258 2253 peccet,
1303 2205 1405 2242 sicut
1438 2208 1543 2241 Deus

230 2263 312 2298 vult
345 2264 453 2311 quod
486 2263 678 2311 puniatur
721 2266 771 2301 ad
811 2263 1127 2312 pulcritudinem
1174 2263 1362 2309 universi,
1408 2271 1444 2298 et
1488 2262 1543 2299 sic

232 2322 338 2356 Deus
389 2321 603 2358 necessitat
656 2322 862 2358 hominem
923 2323 973 2358 ad
1014 2323 1278 2369 peccandum,
1332 2321 1434 2357 sicut
1487 2329 1544 2356 est

229 2387 370 2414 auctor
401 2379 568 2427 peccati.

288 2438 337 2474 Et
370 2446 565 2485 quantum
614 2438 664 2473 ad
710 2437 1002 2474 controversias
1042 2446 1275 2473 sanctorum
1308 2449 1379 2484 per
1411 2437 1543 2472 detec-

232 2493 366 2530 ciones
398 2494 729 2543 equivocancium
753 2495 909 2532 videtur
942 2496 1120 2540 evadere,
1156 2504 1192 2531 et
1225 2494 1279 2531 ita
1312 2494 1414 2530 sicut
1438 2496 1543 2529 Deus

302 2747 335 2767 11.
356 2741 383 2767 A
404 2740 435 2767 in
457 2747 570 2774 marg:
592 2738 668 2767 Esse
685 2740 810 2775 triplex.
891 2748 929 2774 17.
952 2739 991 2766 B:
1013 2747 1078 2766 cum
1099 2739 1176 2766 Deo.
1268 2744 1310 2772 19.
1332 2738 1370 2765 B:
1392 2738 1541 2765 bonorum

229 2775 392 2808 gaudium.
500 2782 545 2801 20.
579 2776 606 2802 A
632 2775 661 2802 in
684 2783 797 2809 marg:
825 2774 1066 2808 Lyncolniensis.
1174 2771 1216 2800 23.
1250 2774 1293 2800 A:
1327 2773 1411 2807 quod
1446 2773 1541 2799 deest.

232 2807 273 2837 33.
295 2811 323 2836 A
344 2810 373 2836 in
396 2818 509 2844 marg:
534 2810 649 2844 Opinio
670 2809 904 2843 Braarwaraynz·
921 2809 959 2836 de
973 2812 1113 2844 peccalo*

1750 181 1827 227 445

1558 757 1658 784 Three
1685 757 1774 784 kinds
1801 758 1832 785 of

1582 792 1689 827 being:
1710 792 1800 827 ideal,

1636 828 1750 861 causal,

1604 861 1785 888 individual.

1612 1916 1706 1943 Some
1727 1916 1772 1948 (as

1578 1950 1809 1983 Bradwardine)

1578 1993 1630 2018 say
1662 1986 1724 2011 that
1746 1984 1815 2011 God

1594 2020 1720 2047 ordains
1742 2020 1798 2046 sin.
