2003 3322
203 202 292 230 CAP.
315 194 393 247 Lu]
682 204 894 236 SECUNDA
922 204 1047 235 PARS.
1718 197 1767 241 43
1780 209 1799 242 7

262 312 345 355 Qua
363 310 552 347 sentencia
570 310 769 359 preposita
792 310 875 358 ipsa
890 311 966 346 tria
990 311 1206 359 exequitur,
1230 310 1511 361 elemosynam,
1529 306 1803 377 afflssffigtfflglyglr'e

198 368 376 404 ieiunium
415 375 450 404 et
481 368 712 404 oracionem.
749 368 867 403 Multi
897 368 995 404 enim
1020 369 1141 403 multa
1166 369 1258 403 dant
1276 368 1514 417 pauperibus
1547 380 1601 403 not
1621 376 1705 422 ζωὴ,
1734 377 1786 415 ῠμῑ

197 439 270 462 non
304 426 571 463 misericordia
603 426 672 461 sed
693 426 904 462 ambicione
937 433 972 462 et
999 438 1144 475 pompa
1176 426 1356 471 seculari,
1391 426 1515 476 igitur
1530 410 1805 472 sqrelegvzgfftfflgg

196 484 328 534 gloria
362 484 466 520 inani
505 484 583 519 alia
627 495 740 532 quam
773 484 850 520 Dei
886 484 1123 534 largiuntur.
1168 484 1221 519 Et
1259 484 1372 520 multi
1401 491 1515 520 orant
1555 480 1776 550 nglggffssyedbe

166 543 259 578 §vel
284 542 420 591 pocius
452 541 628 578 videntur
659 553 788 587 orare,
823 554 895 578 non
929 542 1054 578 Deum
1087 541 1273 578 intuentes
1304 542 1373 578 sed
1394 542 1515 577 homi·
1746 534 1752 541 ’

197 600 305 636 nibus
349 600 509 649 placere
551 599 754 648 cupientes.
801 599 855 635 Et
893 599 1004 635 multi
1034 599 1201 635 ieiunant
1232 607 1267 635 et
1298 599 1514 635 mirabilem

197 657 469 694 abstinenciam
494 656 730 706 pretendunt
757 657 821 700 eis,
853 657 987 706 quibus
1009 657 1081 693 ista
1116 657 1294 707 difficilia
1319 657 1512 703 videntur,

198 722 231 751 et
264 716 409 751 honore
441 715 561 765 digna
600 714 886 758 existimantur,
933 722 969 752 et
1000 715 1264 751 huiuscemodi
1309 715 1407 751 dolis
1451 727 1515 751 eos

198 773 366 822 capiunt,
399 773 488 809 dum
521 773 629 808 aliud
650 780 841 809 ostentant
871 774 923 808 ad
956 773 1231 822 decipiendum,
1267 773 1374 809 aliud
1405 785 1514 810 exse-

145 846 183 866 10
198 838 288 867 runt
319 832 371 866 ad
400 831 690 880 depredandum
725 831 785 866 vel
815 831 1119 881 interficiendum
1155 843 1217 867 eos
1248 831 1313 880 qui
1341 831 1410 867 sub
1443 831 1514 867 isto

197 889 418 925 vestimento
450 889 560 925 ovino
590 889 700 938 lupos
732 889 863 925 videre
895 901 967 925 non
997 896 1170 938 possunt.
1201 889 1257 924 Hi
1288 889 1411 939 igitur
1442 901 1514 925 non

195 954 283 988 sunt
305 947 469 995 fructus
513 947 560 982 de
607 947 738 996 quibus
782 947 967 997 cognosci
1007 947 1188 983 arborem
1235 954 1374 983 monet.
1437 947 1514 983 Ista

197 1004 294 1040 enim
340 1017 425 1041 cum
478 1005 574 1040 bono
626 1004 753 1041 animo
787 1004 823 1039 in
869 1005 1032 1041 veritate
1052 1005 1170 1054 fiunt,
1219 1005 1385 1053 proprie
1428 1012 1515 1040 sunt

198 1062 323 1098 ovium
357 1069 499 1107 vestes;
530 1074 615 1098 cum
646 1069 770 1098 autem
796 1062 899 1098 malo
929 1063 964 1098 in
988 1075 1126 1098 errore
1158 1074 1230 1098 non
1262 1062 1370 1098 aliud
1399 1074 1513 1112 quam

74 1127 160 1165 401⁸
198 1121 308 1169 lupos
339 1127 559 1171 contegunt.
595 1121 673 1156 Sed
703 1132 776 1156 non
809 1120 893 1156 ideo
927 1121 1063 1156 debent
1094 1132 1183 1156 oves
1215 1120 1341 1156 odisse
1368 1117 1372 1172 Ι
1402 1120 1514 1156 vesti-

198 1185 365 1214 mentum
398 1191 524 1224 suum,
556 1179 645 1227 quia
673 1178 904 1227 plerumque
935 1178 1001 1213 illo
1033 1190 1073 1214 se
1104 1178 1296 1214 occultant
1328 1178 1422 1227 lupi.

262 1236 340 1280 Qui
374 1243 461 1272 sunt
512 1248 610 1286 ergo
648 1237 811 1285 fructus
853 1236 989 1285 quibus
1033 1236 1194 1272 inventis
1234 1248 1514 1286 cognoscamus
1529 1232 1579 1294 ὦ
1579 1232 1793 1302 ὴὲοέξὲἕξῒξρὲ

197 1294 378 1330 arborem
413 1294 582 1330 malam?
624 1294 731 1331 Dicit
768 1294 996 1343 Apostolus:
1047 1294 1259 1342 Manifesta
1293 1306 1384 1330 vero
1428 1301 1516 1329 sunt
1797 1288 1803 1294 ’

197 1363 316 1400 opera
348 1352 478 1388 carnis
498 1364 570 1401 que
600 1359 687 1388 sunt
709 1352 1017 1400 fornicaciones,
1050 1351 1308 1397 immundicie,
1342 1352 1512 1396 luxurie,

141 1425 182 1446 20
197 1409 391 1445 idolorum
414 1410 594 1453 servitus,
630 1410 823 1459 veneficia,
857 1410 1068 1456 inimicicie,
1102 1410 1378 1454 contenciones,
1412 1421 1513 1445 emu-

197 1467 376 1514 laciones,
408 1468 686 1512 animositates,
721 1468 989 1511 dissensiones,
1023 1468 1189 1513 hereses,
1213 1474 1326 1514 secte,
1359 1467 1512 1513 invidie,

198 1525 413 1572 ebrietates,
472 1525 772 1562 comessaciones
816 1533 852 1561 et
902 1525 973 1561 hiis
1017 1525 1180 1570 similia,·
1237 1537 1308 1573 que
1351 1525 1514 1574 predico

198 1583 303 1619 vobis
350 1584 447 1619 sicut
485 1583 662 1632 predixi,
713 1583 890 1632 quoniam
937 1583 1001 1632 qui
1042 1583 1136 1619 talia
1181 1590 1305 1634 agunt
1348 1595 1514 1634 regnum

197 1641 273 1676 Dei
303 1653 375 1677 non
407 1649 531 1692 agunt
552 1653 669 1691 neque
695 1641 967 1690 possidebunt;
998 1653 1116 1690 neque
1146 1642 1336 1691 gaudium
1361 1641 1516 1677 virtutis

141 1698 272 1747 25fuit
303 1699 401 1735 sicut
439 1700 638 1743 voluntas,·
681 1707 716 1735 et
749 1699 820 1735 hoc
845 1706 935 1748 post
968 1700 1020 1735 ad
1050 1706 1204 1735 sanctos
1230 1699 1412 1748 pertinet,
1464 1699 1516 1734 ad

190 1764 418 1806 peccatores
476 1770 567 1793 vero
611 1764 746 1807 gestus
797 1757 925 1807 magis
968 1764 1003 1793 et
1046 1757 1235 1807 cupiditas
1294 1757 1514 1806 deputanda

195 1822 293 1850 sunt.
328 1815 380 1850 Et
411 1815 477 1863 qui
500 1823 589 1852 sunt
609 1816 772 1863 fructus
799 1827 874 1864 per
911 1827 1005 1864 quos
1037 1827 1298 1865 agnoscamus
1330 1815 1512 1850 arborem

196 1873 347 1908 bonam.
399 1873 505 1909 Idem
550 1873 629 1922 ipse
677 1880 950 1921 consequenter
994 1873 1103 1909 dicit:
1162 1874 1333 1909 Fructus
1384 1880 1511 1908 autem

195 1930 355 1979 spiritus
391 1938 447 1966 est
478 1931 634 1974 caritas,
684 1931 888 1981 gaudium,
922 1943 1020 1980 pax,
1060 1931 1348 1981 longanimitas,
1382 1930 1514 1980 benig-

140 1995 181 2028 Ξο
196 1988 308 2033 nitas,
340 1988 500 2035 bonitas,
522 1988 640 2038 fides,
676 1989 943 2035 mansuetudo,
975 1989 1209 2025 continencia
1241 1996 1309 2025 etc.

255 2046 356 2083 Sane
410 2047 605 2083 sciendum
659 2054 727 2093 est,
789 2047 977 2098 gaudium
1025 2047 1086 2083 hic
1124 2046 1290 2095 proprie
1329 2046 1511 2095 positum.

195 2104 296 2140 Mali
336 2104 434 2140 enim
479 2105 651 2141 homines
693 2117 765 2140 non
803 2105 980 2155 gaudere
1030 2105 1099 2140 sed
1140 2105 1288 2154 gestire
1333 2104 1514 2140 dicuntur

192 2162 368 2211 proprie,
441 2162 539 2198 sicut
602 2162 778 2212 superius
836 2162 1007 2198 diximus
1065 2163 1299 2198 voluntatem
1347 2162 1513 2211 proprie

193 2219 375 2269 positam,
409 2232 522 2268 quam
556 2232 628 2255 non
662 2220 800 2256 habent
832 2220 937 2265 mali,
971 2220 1034 2256 ubi
1065 2220 1207 2256 dictum
1241 2227 1315 2256 est:
1374 2219 1513 2255 Omnia

141 2284 180 2317 35
196 2289 414 2326 quecunque
447 2277 562 2313 vultis
595 2285 635 2313 ut
655 2278 812 2326 saciant
844 2278 948 2314 vobis
980 2278 1163 2323 homines,
1196 2278 1263 2313 hec
1296 2285 1330 2313 et
1363 2289 1429 2313 vos
1461 2277 1513 2313 eis

187 2335 326 2384 facite.
359 2335 427 2371 Ex
455 2335 527 2371 ista
545 2335 790 2385 proprietate
812 2335 920 2371 verbi
939 2336 1042 2384 quod
1061 2335 1251 2385 gaudium
1275 2348 1348 2371 non
1372 2335 1514 2371 dicitur

196 2392 269 2429 nisi
298 2393 334 2428 in
367 2393 472 2429 bonis
511 2393 630 2430 eciam
658 2394 852 2442 propheta
909 2393 1092 2442 loquitur,
1127 2393 1274 2429 dicens:
1326 2393 1413 2429 Non
1458 2400 1513 2428 est

268 2563 294 2583 2.
314 2555 353 2583 B:
374 2556 452 2583 dant
470 2556 563 2583 deest.
689 2555 716 2584 8.
738 2555 855 2583 Codd.:
877 2558 1018 2583 exerunt.
1108 2563 1150 2583 10.
1172 2556 1214 2582 ss:
1245 2556 1357 2583 intercr'
1379 2555 1511 2583 iendum.

199 2590 241 2618 16.
262 2590 300 2617 B:
322 2590 405 2625 quod
423 2591 476 2618 illo
496 2598 547 2623 se,·
561 2591 743 2626 plerumque
762 2590 856 2617 deest.
937 2599 976 2625 ¹7·
997 2592 1044 2617 A:
1060 2591 1209 2617 inventus.
1282 2598 1329 2623 24.
1385 2600 1391 2618 ς
1413 2593 1513 2627 agunt

198 2633 304 2660 neque.
377 2633 423 2660 24,
445 2625 488 2653 25.
509 2626 552 2652 A:
573 2626 695 2652 virtutis
705 2624 758 2659 fit.
855 2624 894 2652 3¹.
915 2625 959 2652 A:
978 2625 1056 2652 sicut
1074 2626 1217 2659 superius
1237 2625 1368 2652 diximus
1381 2625 1514 2660 proprie

192 2660 336 2694 positum.
439 2658 484 2686 36.
506 2661 615 2694 Atqua
635 2660 803 2695 gaudium3
835 2661 864 2687 A
889 2660 919 2687 in
948 2668 1062 2721 Μυῖα
1093 2659 1173 2687 Nota
1193 2660 1275 2695 quod
1294 2660 1367 2687 boni
1380 2660 1514 2695 proprie

196 2694 347 2730 gaudent,
377 2695 449 2729 quia
469 2694 620 2731 gaudium
640 2703 700 2721 non
719 2698 765 2722 est
781 2695 949 2730 proponisz'
966 2695 997 2721 in
1039 2695 1116 2722 onis.

272 2765 321 2797 18.
350 2766 425 2798 Gal.
450 2767 492 2806 V,
524 2776 562 2810 ¹9
589 2773 622 2798 et
647 2777 746 2809 seqq.
844 2766 896 2798 28.
923 2767 968 2798 ib.
997 2777 1037 2798 22
1067 2774 1100 2799 et
1125 2777 1224 2809 seqq.
1313 2765 1365 2800 36.
1392 2765 1511 2797 Matth.

197 2812 268 2852 VII,
300 2822 348 2844 12.
446 2813 498 2855 37.
524 2814 566 2845 Is.
593 2813 693 2853 LVII,
721 2823 773 2844 21.
