2003 3322
231 198 319 226 cAP.
340 189 467 242 xvnt]
703 200 914 231 SECUNDA
942 200 1067 231 PARS.

230 309 281 343 ad
313 307 576 343 remissionem
611 313 862 355 peccatorum
897 307 1080 352 omnium,
1121 307 1155 341 in
1189 318 1261 354 qua
1295 319 1363 342 nos
1396 307 1547 342 miseri-

230 366 367 401 cordes
390 377 470 401 esse
492 365 622 410 voluit,
657 364 758 412 quod
788 377 902 400 ztiiitm
933 371 968 400 et
990 364 1237 413 salutiferum
1270 371 1326 399 est
1348 364 1545 400 consilium

230 423 407 459 miserias
429 422 627 458 evadendi.
654 423 694 457 In
718 422 825 457 nulla
849 422 947 459 enim
978 423 1054 457 alia
1078 422 1270 458 sentencia
1294 422 1349 457 sic
1372 434 1547 469 oramus,

229 488 270 516 ut
313 480 422 529 quasi
459 480 708 529 paciscamur
740 492 825 515 cum
860 481 955 516 Deo.
1007 480 1183 516 Dicimus
1222 479 1341 515 enim:
1386 479 1548 515 Dimitte

196 541 212 572 5
229 539 335 575 nobis
355 538 454 574 sicut
477 545 511 573 et
533 550 601 574 nos
624 537 863 574 dimittimus.
899 538 940 573 In
971 550 1043 586 qua
1063 538 1249 587 paccione
1270 537 1305 573 si
1326 538 1546 583 mentimur,

228 597 349 633 tocius
393 596 585 632 oracionis
630 596 756 631 nullus
796 604 851 632 est
880 596 1054 644 fructus.
1095 596 1167 632 Sic
1210 596 1307 631 enim
1351 595 1464 631 dicit:
1507 596 1549 630 Si

229 654 452 690 dimiseritis
497 653 712 690 hominibus
750 661 909 702 peccata
955 666 1103 701 eorum,
1145 653 1309 690 dimittet
1355 661 1391 689 et
1443 654 1548 689 vobis

222 720 340 762 pater
379 719 505 748 vester
536 712 686 748 celestis
718 719 879 761 peccata
921 719 1061 747 vestra.
1112 712 1154 747 Si
1192 718 1318 747 autem
1360 724 1446 754 non,
1479 724 1546 747 nec

224 777 339 820 pater
373 777 501 807 vester
534 770 699 806 dimittet
732 769 847 806 vobis.
884 771 967 806 Hec
999 769 1261 818 Augustinus.

174 922 211 942 10
707 904 845 947 CAP.
876 905 1062 947 XVIII.

284 1012 474 1061 Sequitur
496 1012 535 1048 in
565 1021 673 1049 textu
704 1011 915 1059 evangelii:
950 1012 993 1047 Si
1014 1012 1111 1049 enim
1137 1012 1364 1048 dimiseritis
1382 1019 1542 1060 peccata

224 1084 371 1117 eorum,
401 1071 565 1106 dimittet
587 1078 622 1106 et
649 1070 753 1106 vobis
770 1078 888 1118 pater
910 1077 1036 1106 vester
1059 1071 1206 1106 celestis
1230 1070 1367 1106 delicta
1398 1077 1540 1107 vestra.

226 1129 269 1164 Si
310 1136 435 1164 autem
482 1141 554 1165 non
599 1128 825 1164 dimiseritis
870 1128 1100 1175 hominibus,
1145 1140 1212 1164 nec
1254 1135 1371 1177 pater
1416 1135 1543 1163 vester

225 1188 388 1223 dimittet
427 1187 531 1223 vobis
564 1194 726 1236 peccata
767 1193 907 1222 vestra.
955 1188 1083 1234 Super
1122 1199 1201 1234 quo
1249 1185 1539 1222 Crisostomus:

172 1247 209 1278 15
225 1245 424 1294 Superius,
477 1244 619 1293 inquit,
674 1257 758 1280 cum
814 1244 996 1280 dixisset:
1048 1244 1210 1280 Dimitte
1261 1244 1367 1280 nobis
1415 1244 1540 1279 debita

224 1310 371 1350 nostra,
414 1303 513 1339 sicut
551 1310 585 1338 et
623 1315 691 1338 nos
731 1302 958 1338 dimittimus
997 1302 1232 1337 debitoribus
1270 1301 1424 1347 nostris,
1471 1314 1543 1337 non

225 1361 337 1406 dixit,
365 1361 462 1396 sicut
485 1368 520 1397 et
542 1373 609 1396 nos
633 1360 874 1406 dimittimus,
905 1368 945 1396 ut
962 1360 1076 1408 prius
1100 1360 1206 1396 nobis
1229 1361 1336 1396 Deus
1360 1359 1543 1406 dimittat,

218 1426 353 1467 postea
405 1431 473 1455 nos
526 1418 760 1454 debitoribus
812 1418 953 1454 nostris
1005 1418 1255 1453 dimittamus.
1311 1418 1391 1453 Scit
1442 1417 1541 1453 enim

224 1476 414 1513 Dominus
462 1488 593 1512 omnes
643 1476 814 1512 homines
858 1488 938 1512 esse
981 1476 1197 1522 mendaces,
1242 1475 1423 1525 quoniam
1474 1477 1545 1511 etsi

168 1547 208 1567 20
223 1535 440 1584 acceperint
477 1535 739 1571 remissionem
773 1534 926 1582 peccati
966 1534 1039 1580 sui,
1078 1534 1151 1583 ipsi
1188 1534 1266 1570 suis
1306 1533 1542 1569 debitoribus

223 1605 297 1628 non
313 1593 530 1637 dimittunt;
551 1592 635 1628 ideo
658 1592 712 1628 sic
736 1592 848 1627 dicit:
870 1592 1033 1628 Dimitte
1050 1592 1147 1628 sicut
1163 1599 1198 1628 et
1215 1604 1283 1628 nos
1299 1592 1539 1637 dimittimus,

224 1657 263 1685 ut
296 1651 409 1699 prius
448 1650 699 1696 dimittamus,
739 1657 877 1699 postea
910 1658 1090 1699 petamus
1136 1650 1409 1686 dimissionem.
1456 1651 1541 1685 Hec

224 1708 509 1744 crisostomus.

280 1766 447 1802 Videtur
478 1765 575 1802 istos
614 1774 774 1802 sanctos
807 1765 1070 1802 conformiter
1102 1766 1151 1801 ad
1185 1765 1305 1802 fidem
1339 1765 1537 1812 scripture

166 1826 205 1857 25
223 1836 398 1860 asserere
425 1825 534 1872 quod
566 1823 597 1859 si
621 1823 708 1872 quis
731 1824 813 1860 vult
843 1823 1059 1860 efficaciter
1085 1832 1251 1871 peccata
1284 1836 1355 1860 sua
1389 1822 1537 1859 dimitti

223 1895 244 1918 a
268 1884 364 1929 Deo,
398 1890 557 1929 oportet
580 1882 688 1930 quod
722 1881 899 1918 dimittat
931 1891 1098 1929 peccata
1128 1881 1300 1918 aliorum
1325 1881 1535 1918 hominum

221 1940 262 1976 in
300 1952 340 1976 se
379 1939 524 1988 ipsum,
571 1949 607 1975 et
647 1952 718 1987 per
757 1952 1006 1987 consequens
1046 1948 1204 1988 oportet
1238 1940 1345 1988 quod
1378 1948 1537 1975 tantum

223 1998 389 2034 caritate
419 1997 566 2041 rutilet,
590 2006 632 2033 ut
656 1997 831 2034 dimittat
854 2006 1019 2045 peccata
1048 1997 1213 2045 propria
1236 2010 1312 2045 que
1337 1996 1538 2033 commisit

222 2064 303 2092 tam
338 2055 379 2091 in
412 2055 513 2092 alios
547 2068 667 2103 quam
701 2068 740 2091 se
773 2055 920 2104 ipsum.
962 2058 1009 2091 Et
1048 2055 1089 2091 in
1122 2056 1197 2092 ista
1231 2055 1307 2091 fide
1340 2055 1538 2091 fluctuant

166 2117 207 2148 30
223 2113 389 2162 quidam
423 2113 490 2162 qui
523 2122 711 2161 reputant
745 2115 852 2162 quod
884 2115 1005 2150 homo
1039 2126 1121 2149 non
1153 2114 1271 2150 debet
1304 2113 1539 2149 continuare

223 2171 523 2220 correpcionem
567 2171 799 2218 fraternam,
845 2173 914 2207 sed
959 2171 1198 2207 dimittendo
1243 2172 1352 2219 quod
1396 2171 1538 2207 fratres

221 2229 281 2265 sui
326 2229 366 2265 in
410 2229 541 2277 ipsum
586 2238 851 2276 peccaverant
894 2242 973 2265 non
1017 2228 1184 2265 ulterius
1223 2229 1331 2277 ipsos
1370 2241 1537 2277 arguere

222 2288 269 2323 de
314 2295 493 2335 peccato.
543 2289 619 2323 Ista
664 2286 829 2334 quidem
874 2295 931 2323 est
977 2286 1123 2323 cecitas
1167 2299 1244 2334 que
1289 2286 1536 2334 dogmatizat

221 2344 452 2392 oppositum
499 2344 595 2392 legis
642 2344 726 2382 Dei.
772 2347 874 2381 Nam
920 2344 951 2380 si
998 2346 1120 2380 homo
1164 2344 1213 2380 sit
1259 2353 1389 2381 certus
1429 2346 1535 2393 quod

165 2404 204 2436 35
220 2403 363 2439 fratres
395 2402 455 2438 sui
489 2411 622 2438 errant
654 2402 857 2448 continue,
892 2404 1008 2438 debet
1042 2402 1237 2450 quamdiu
1272 2402 1463 2439 manserit
1494 2402 1535 2438 in

102 2460 184 2495 3860l
220 2460 308 2508 ipso
346 2460 463 2497 alitus
502 2461 562 2497 vel
594 2460 683 2496 suffi
713 2456 717 2513 Ι
748 2460 900 2496 ciencia
939 2473 1006 2496 eos
1055 2460 1316 2508 correpcione
1359 2461 1535 2497 fraterna

291 2625 311 2644 1.
341 2618 385 2644 A:
417 2617 551 2644 omnium
584 2617 677 2644 deest.
786 2626 811 2652 7.
843 2618 880 2644 B:
913 2617 1087 2650 dz'mz'serit;
1118 2618 1158 2644 ib.
1191 2618 1229 2645 B:
1258 2621 1388 2652 peccata
1418 2621 1532 2645 vestra.

220 2650 247 2678 8.
268 2652 313 2679 A:
329 2654 458 2686 peccata
469 2654 572 2679 vestra
585 2651 680 2679 deest.
755 2660 788 2679 11.
804 2653 831 2679 A
847 2653 875 2679 in
894 2660 1007 2687 marg:
1026 2652 1254 2683 Crisostomus:
1267 2652 1289 2679 Β
1305 2653 1334 2679 in
1354 2660 1469 2687 marg:
1485 2652 1531 2680 18.

222 2685 263 2713 18.
284 2687 328 2713 A:
350 2686 463 2713 nostris
483 2686 582 2720 deest;
604 2686 625 2713 Β
642 2687 672 2714 in
688 2694 785 2722 marg.
801 2687 896 2714 addit.
971 2694 1018 2721 24.
1035 2687 1067 2714 Β.
1079 2697 1085 2714 z
1099 2687 1308 2714 concorditer.
1382 2695 1428 2721 29.
1442 2689 1485 2714 A:
1502 2687 1532 2714 in

222 2720 325 2759 before
345 2721 403 2748 ista
424 2721 523 2755 deest;
545 2721 566 2747 Β
588 2721 618 2748 in
641 2729 756 2756 marg:
777 2720 859 2749 Nota
881 2721 918 2748 de
937 2722 1152 2757 correpcione.
1248 2720 1294 2749 36.
1316 2722 1360 2749 A:
1381 2721 1534 2757 suffienca

219 2763 313 2790 zpsos.

289 2815 322 2847 ὃ.
348 2816 542 2858 Matth.V1‚
574 2827 623 2857 14,
648 2817 697 2849 15.
800 2828 849 2848 11.
876 2817 920 2848 ib.
1021 2827 1069 2848 12.
1095 2817 1162 2859 Op.
1189 2818 1286 2859 Imp.‚
1315 2817 1334 2848 1.
1355 2828 1382 2848 c.
1402 2828 1433 2858 p.
1452 2816 1531 2848 812.

1328 2876 1393 2906 20³:

1760 193 1835 240 307

1586 1020 1808 1058 Chrysostom:

1584 1055 1652 1083 The
1676 1057 1755 1084 form
1777 1057 1812 1084 of

1593 1091 1642 1118 the
1663 1092 1790 1126 peritton

1569 1126 1723 1161 “Forgive
1744 1127 1824 1154 etc.''

1610 1161 1635 1187 is
1656 1169 1671 1188 a
1692 1162 1789 1195 gnard

1636 1197 1756 1228 against

1604 1231 1783 1258 sels-deceit.

1565 1773 1771 1808 Forgiveness
1791 1776 1827 1803 of

1560 1809 1662 1845 injury
1683 1810 1757 1837 does
1778 1815 1832 1837 not

1553 1852 1641 1871 mean
1665 1845 1829 1872 toleration

1633 1879 1668 1906 of
1684 1880 1742 1906 sin.
