2003 3322
207 197 298 225 CAP-
319 187 431 242 XXX]
693 201 904 234 SECUNDA
933 202 1059 234 PARS.
1736 196 1752 234 3
1765 200 1781 235 5
1794 200 1812 235 5

209 306 396 342 miserunt
422 319 497 356 per
529 320 664 343 manus
687 309 868 344 Barnabe
900 316 934 344 et
962 308 1084 344 Sauli.
1120 309 1173 344 Et
1204 321 1288 344 cum
1323 310 1526 359 naviganti

208 364 329 400 eidem
361 365 537 413 apostolo
571 366 693 401 Paulo
733 367 910 415 imposita
948 374 1036 402 sunt
1074 366 1252 402 utensilia
1285 379 1355 415 que
1387 368 1522 415 offere-

207 422 348 458 bantur
391 435 463 459 non
508 423 560 458 ad
603 436 717 459 unum
758 431 906 460 tantum
947 425 1059 471 diem,
1105 425 1259 460 videtur
1297 425 1361 460 ille
1401 425 1523 461 victus

200 487 452 528 procuratus.
499 481 552 516 Et
582 482 685 530 quod
722 482 821 518 idem
863 483 1017 519 scribit:
1066 483 1144 526 Qui
1162 483 1396 531 furabatur,
1445 483 1520 518 iam

173 550 279 581 5non
292 539 482 587 furetur:
514 539 641 589 magis
672 547 798 575 autem
833 541 983 576 laboret
1014 541 1190 576 manibus
1221 540 1300 576 suis
1322 541 1520 589 operando

205 596 359 643 bonum,
411 604 451 632 ut
494 597 633 633 habeat
677 598 777 633 unde
819 599 990 634 tribuere
1034 599 1096 634 cui
1138 611 1234 647 opus
1277 605 1353 643 est;
1420 600 1522 647 quod

204 654 341 690 bonum
365 662 433 692 est.
467 655 574 691 Male
612 655 912 706 intelligentibus
950 669 1022 692 non
1056 657 1210 692 videtur
1239 669 1401 692 servare
1428 669 1520 705 pre-

203 719 351 761 ceptum
376 713 536 748 Domini
556 713 621 762 qui
641 713 714 749 ait:
741 714 934 763 Respicite
962 715 1014 750 aa'
1037 715 1208 750 volatilia
1233 714 1315 758 celi,
1340 715 1518 762 quoniam

202 782 274 805 non
306 778 438 806 serunt
471 783 587 819 neque
619 779 762 807 metunt
794 784 912 821 neque
943 780 1188 823 congregant
1211 773 1245 807 in
1269 772 1434 816 lzorrea;
1465 780 1520 808 et:

149 839 187 860 10
206 827 460 865 Considerate
497 829 578 864 lilia
616 829 722 879 agri,
756 831 947 878 quomodo
993 838 1181 877 crescunt,
1226 842 1298 866 non
1339 830 1519 866 laborant

201 898 318 934 neque
361 894 461 923 nent.
512 887 608 923 Cum
654 888 737 923 istis
775 888 945 937 precipit
996 895 1035 923 ut
1080 889 1269 935 laborent,
1317 889 1517 936 operando

200 944 374 981 manibus
411 945 503 992 suis,
551 945 604 980 ita
643 952 682 981 ut
720 945 885 982 habeant
922 947 1024 995 quod
1062 946 1148 982 aliis
1187 946 1305 983 eciam
1345 946 1518 982 tribuere

193 1002 344 1050 possint
395 1003 446 1038 ad
497 1003 772 1039 necessitatem.
830 1004 883 1040 Et
940 1005 1043 1052 quod
1099 1016 1188 1053 sepe
1238 1005 1285 1040 de
1342 1016 1382 1040 se
1433 1004 1516 1053 ipso

199 1059 289 1096 dicit
320 1061 422 1109 quod
453 1061 627 1097 manibus
658 1062 736 1098 suis
767 1069 950 1111 operatus
982 1069 1050 1109 est,
1089 1075 1135 1098 ne
1167 1074 1275 1111 quenz
1307 1069 1514 1112 gravaret.

145 1119 181 1152 15
198 1118 259 1153 De
301 1118 367 1155 illo
412 1126 539 1155 autem
583 1120 771 1168 scriptum
819 1127 875 1156 est
918 1121 1020 1169 quod
1063 1120 1265 1156 committit
1303 1132 1343 1156 se
1380 1120 1517 1168 Aquile

191 1184 359 1225 propter
395 1177 494 1212 artis
530 1177 833 1225 similitudinem,
872 1185 911 1213 ut
948 1179 1065 1214 simul
1101 1185 1375 1227 operarentur,
1416 1179 1517 1214 unde

197 1234 336 1270 victum
382 1235 658 1286 transigerent,
706 1248 778 1272 non
826 1236 980 1272 videtur
1023 1237 1196 1272 imitatus
1236 1248 1326 1271 aves
1371 1236 1442 1272 celi
1479 1243 1514 1272 et

197 1292 277 1327 lilia
309 1293 413 1343 agri.

252 1350 328 1386 His
379 1358 414 1387 et
465 1351 688 1387 huiusmodi
728 1352 1017 1401 scripturarum
1063 1351 1157 1387 locis
1200 1351 1295 1388 satis
1346 1359 1540 1401 apparet·
1588 1359 1733 1400 Whatip

140 1420 181 1442 20
196 1408 406 1445 Dominum
446 1416 621 1446 nostrum
660 1422 732 1446 non
772 1410 843 1446 hoc
881 1410 1106 1460 improbare
1143 1410 1177 1446 si
1216 1410 1298 1459 quis
1342 1411 1510 1446 humano
1526 1394 1791 1467 fosfflssgffgsfflgf

196 1478 304 1503 more
335 1467 406 1503 ista
436 1475 634 1516 procuret,
679 1468 748 1503 sed
778 1468 813 1504 si
838 1468 922 1517 quis
949 1475 1118 1517 propter
1149 1468 1221 1504 ista
1244 1469 1328 1504 Deo
1362 1468 1510 1515 militet,
1525 1465 1807 1529 gOOdsoffigtChfflf

195 1531 235 1560 ut
267 1525 302 1561 in
336 1526 516 1575 operibus
547 1525 627 1562 suis
658 1538 731 1562 non
772 1538 937 1576 regnum
971 1526 1048 1561 Dei
1076 1526 1145 1562 sed
1176 1526 1339 1562 istorum
1372 1526 1509 1574 adqui-
1657 1510 1664 1536 J
1719 1523 1724 1528 ’

192 1583 372 1619 sicionem
411 1583 618 1619 intueatur.
664 1584 727 1619 Ad
759 1584 858 1620 hanc
895 1584 1021 1634 igitur
1058 1584 1238 1634 regulam
1279 1586 1350 1621 hoc
1387 1591 1508 1620 totum

188 1648 416 1690 preceptum
463 1642 680 1692 redigitur,
732 1649 772 1677 ut
823 1642 941 1678 eciam
995 1642 1030 1678 in
1078 1642 1240 1678 istorum
1281 1642 1509 1692 provisione

137 1701 176 1733 25
194 1711 357 1749 regnum
390 1699 468 1736 Dei
504 1700 730 1750 cogitemus,
776 1700 812 1735 in
858 1700 1000 1736 milicia
1046 1712 1137 1736 vero
1177 1701 1292 1751 regni
1322 1701 1397 1736 Dei
1434 1701 1507 1736 ista

191 1769 264 1793 non
316 1758 544 1808 cogitemus.
591 1759 648 1794 Ita
694 1758 792 1793 enim
837 1758 994 1794 eciamsi
1032 1758 1241 1808 aliquando
1297 1759 1506 1806 defuerint,

191 1815 293 1863 quod
330 1816 558 1864 plerumque
596 1823 763 1865 propter
813 1816 1135 1852 exercitacz‘onem
1180 1824 1354 1853 nostram
1400 1817 1508 1853 Deus

191 1873 292 1919 sinit,
332 1885 404 1909 non
443 1874 568 1910 solum
608 1886 680 1910 non
715 1874 915 1910 debilitant
941 1874 1189 1924 propositum
1230 1881 1405 1911 nostrum
1438 1876 1508 1910 sed

191 1931 309 1967 eciam
350 1932 616 1968 examinatum
649 1933 937 1981 probatumque
974 1932 1219 1983 confirmant.
1259 1933 1503 1978 Gloriamur,

135 1993 176 2025 30
191 1989 322 2038 inquit,
348 1990 385 2025 in
408 1990 737 2036 tribulacionibus,
761 1990 921 2026 scientes
937 1991 1023 2039 quia
1038 1991 1243 2027 tribulacio
1262 1991 1503 2040 pacienciam

190 2055 390 2096 operatur,
436 2048 635 2097 paciencia
675 2049 966 2097 probacionem‚
1013 2049 1200 2098 probacio
1246 2061 1337 2085 vero
1382 2061 1502 2098 spem,

188 2117 275 2154 spes
306 2113 432 2142 autem
466 2118 539 2141 non
573 2107 790 2154 confundit,
815 2107 993 2155 quoniam
1027 2107 1173 2143 caritas
1206 2107 1346 2155 diffusa
1380 2114 1435 2142 est
1466 2107 1502 2142 in

188 2164 370 2200 cordibus
386 2164 528 2199 nostris
539 2176 614 2213 per
629 2165 901 2201 inhabitantem
918 2165 1106 2213 Spiritum
1123 2166 1305 2201 Sanctum
1323 2165 1359 2200 in
1383 2165 1500 2200 nobis.

186 2221 228 2256 In
273 2222 641 2258 commemoracione
683 2229 809 2258 autem
860 2223 1170 2270 tribulacionum,
1214 2223 1500 2273 angustiarum,

131 2282 171 2315 35
188 2279 382 2326 dolorum,
415 2280 592 2315 laborum
615 2293 774 2316 suorum
809 2281 908 2317 idem
941 2281 1148 2330 Apostolus
1179 2293 1251 2317 non
1285 2288 1430 2316 tantum
1464 2281 1500 2316 in

186 2338 409 2374 carceribus
439 2345 474 2373 et
505 2339 730 2388 naufragiis
760 2346 873 2387 atque
904 2339 1125 2374 huiusmodi
1155 2339 1286 2376 multis
1317 2339 1501 2374 molestiis

186 2396 254 2431 sed
295 2396 413 2432 eciam
461 2396 497 2431 in
531 2397 647 2444 fame
690 2404 725 2432 et
766 2397 831 2432 siti
871 2404 906 2432 et
937 2397 1107 2447 frigore
1152 2410 1197 2433 ac
1243 2397 1415 2433 nuditate
1459 2409 1500 2433 se

186 2454 385 2490 laborasse
408 2462 698 2491 commemorat.
729 2455 843 2498 Quod
871 2467 956 2491 cum
980 2455 1159 2505 legimus,
1182 2467 1255 2491 non
1279 2456 1499 2491 estimemus

254 2609 279 2639 3.
300 2611 338 2638 B:
361 2612 426 2639 iste.
500 2620 538 2639 12.
560 2613 604 2639 A:
625 2612 763 2639 tribuere
783 2612 876 2639 deest.
956 2611 994 2640 13.
1016 2613 1059 2640 A:
1082 2612 1123 2639 Et
1141 2621 1212 2648 quo.
1293 2613 1335 2640 16.
1357 2613 1394 2640 B:
1417 2612 1499 2640 unde

184 2646 284 2673 simul.
357 2655 397 2682 ¹7-
419 2647 535 2675 Codd.:
558 2647 791 2684 transfigerent.
1166 2646 1178 2656 ‘

258 2729 284 2749 1.
311 2720 385 2750 Act.
411 2719 560 2759 XXVIII,
592 2730 641 2750 10.
712 2729 745 2759 4.
773 2718 861 2760 Eph.
888 2719 944 2759 IV,
973 2718 1025 2751 28.
1098 2719 1130 2751 8.
1156 2718 1276 2751 Matth.
1292 2719 1347 2759 VI,
1368 2718 1421 2758 26,
1443 2719 1495 2751 28.

189 2775 239 2795 11.
265 2765 288 2796 Ι.
315 2764 439 2796 Thess.
468 2766 504 2805 11,
531 2775 561 2808 9.
646 2766 695 2798 13.
724 2766 763 2797 II.
791 2765 916 2797 Thess.
943 2766 996 2806 111,
1022 2765 1054 2797 8.
1137 2767 1186 2797 15.
1213 2767 1288 2797 Act.
1316 2766 1436 2806 XVIII,
1465 2767 1495 2798 3.

186 2820 240 2854 29.
266 2811 366 2842 Rom.
386 2812 425 2851 V,
454 2813 483 2845 3.
581 2811 633 2844 36.
660 2813 698 2843 II.
727 2812 806 2843 Cor.
832 2812 887 2852 XI,
916 2812 968 2844 25.

1292 2870 1358 2904 23*
