2003 3322
128 206 199 242 108
830 213 948 245 opus
974 213 1309 245 EVANGELICUM
1487 200 1594 254 [CAP.
1615 209 1724 237 xxxi.

411 328 637 357 reversatur
673 320 710 356 in
750 327 897 355 terram
937 327 973 355 et
1010 320 1197 369 aspiciens
1241 327 1389 355 terram
1430 319 1540 368 quasi
1576 320 1726 356 modius

411 379 567 415 verbum
612 378 689 414 Dei
730 378 798 414 sub
837 390 877 414 se
919 385 1018 414 tenet
1061 378 1338 414 absconditum.
1395 379 1630 413 Reversatus
1672 385 1727 414 est

409 436 507 473 enim
530 436 719 485 aspiciens
741 443 888 472 terram
907 443 942 472 et
964 436 1201 472 abscondens
1225 436 1382 471 verbum
1405 436 1473 471 sub
1495 447 1548 481 se,
1575 437 1726 484 quando

404 502 572 546 propter
610 494 778 543 aliquam
818 506 973 529 causam
1012 501 1208 530 terrenam
1249 506 1322 529 non
1362 501 1417 529 est
1449 505 1565 530 ausus
1591 495 1726 543 palam

405 553 590 603 proloqui
607 553 710 602 fia'ei
741 551 956 599 veritatem,
995 558 1061 587 aut
1093 551 1253 588 insidias
1284 551 1463 587 carnales
1494 552 1632 588 timens
1662 559 1760 592 aut5

410 618 574 647 mortem
618 617 685 646 aut
731 610 898 659 dampna
937 617 1003 645 aut
1040 617 1167 646 cetera
1207 621 1277 658 que
1320 610 1514 645 instruunt
1557 610 1728 646 homines

411 668 601 715 carnales,
635 675 674 703 ut
708 668 868 718 verbum
893 668 994 716 quod
1025 667 1275 703 crediderunt
1307 668 1425 704 libere
1457 680 1529 704 non
1562 668 1729 704 audeant

408 726 600 778 profiteri.
634 728 719 762 Hec
752 725 1036 762 Crisostomus.

122 793 216 838 Other
237 790 397 824 meanings
472 785 655 831 Quedam
689 792 823 820 autem
858 784 989 832 glossa
1021 783 1179 832 privata
1212 782 1269 819 sic
1302 782 1499 831 loquitur:
1546 784 1728 820 Lucerna

129 831 326 896 asmffiffirtss
341 829 391 855 the
414 844 464 880 ad
497 842 672 879 litteram
707 850 764 878 est
796 841 1110 879 instrumentum
1145 840 1330 878 servandi
1363 841 1494 877 lucem
1527 853 1571 877 ex
1597 841 1727 889 lignis,
1747 860 1786 881 10

413 901 581 949 pellibus
615 908 652 937 et
691 899 887 946 clavibus3
922 908 959 936 et
998 899 1145 937 dicitur
1177 912 1199 936 a
1236 898 1426 935 lucimine
1464 899 1525 935 vel
1563 912 1586 935 a
1623 899 1727 946 luce,

412 958 508 1008 quia
540 959 671 995 lucem
704 958 745 994 in
778 970 819 994 se
852 966 961 995 arcet
983 959 1045 995 vel
1075 959 1296 995 secundum
1321 956 1558 1005 Gregorium
1583 956 1729 994 dicitur

412 1016 694 1064 ethimologice
723 1015 838 1064 quasi
872 1016 943 1052 lux
974 1016 1011 1052 in
1043 1024 1161 1061 testa,·
1193 1024 1230 1052 et
1253 1015 1384 1063 signat
1408 1014 1564 1052 mistice
1587 1028 1729 1064 quam-

410 1075 506 1112 libet
538 1083 768 1111 creaturam
797 1069 802 1127 1
831 1073 872 1110 in
896 1087 975 1123 qua
1007 1075 1114 1111 lucet
1146 1074 1211 1110 lux
1243 1072 1446 1122 sapiencie
1467 1073 1530 1110 vel
1552 1073 1729 1122 quelibet
1768 1068 1851 1103 365⁶

410 1133 489 1170 alia
520 1133 584 1169 lux
617 1132 848 1181 spiritualis,
888 1141 931 1168 ut
964 1145 1070 1169 nunc
1103 1131 1307 1168 Christum
1342 1132 1449 1168 Luce
1481 1132 1562 1178 XV,
1604 1131 1641 1178 8,
1681 1133 1728 1168 de
1749 1139 1785 1171 15

409 1191 577 1228 muliere
615 1191 844 1227 accendente
876 1190 1088 1237 lucernam,
1121 1203 1228 1227 nunc
1256 1191 1482 1226 Johannem
1506 1189 1728 1238 Baptistam

408 1251 495 1286 Joh.
518 1250 564 1295 V,
593 1249 661 1285 35:
697 1250 783 1298 Ipse
814 1256 899 1285 erat
931 1249 1087 1285 lucerna
1120 1249 1264 1284 ardens
1295 1256 1330 1285 et
1363 1248 1512 1293 lucens;
1544 1256 1581 1284 et
1604 1247 1660 1284 sic
1681 1248 1729 1284 de

410 1307 589 1357 qualibet
605 1315 750 1343 natura
767 1306 905 1355 capaci
921 1306 1084 1343 luminis
1100 1306 1334 1355 spiritualis,
1352 1306 1511 1343 Psalmo
1526 1307 1643 1353 XVII,
1661 1316 1727 1353 29,

410 1366 587 1416 quoniam
622 1373 660 1401 tu
694 1365 890 1401 illuminas
923 1365 1119 1401 lucernam
1154 1377 1292 1401 meam.

468 1425 582 1461 Unde
615 1423 740 1460 tercio
773 1422 972 1471 accipitur
1005 1436 1078 1471 pro
1102 1434 1344 1471 quocunque
1378 1420 1586 1458 accidente
1620 1433 1728 1458 crea-
1745 1439 1787 1460 20

411 1492 498 1520 ture
533 1494 612 1530 quo
646 1481 714 1518 alii
748 1481 866 1529 dirigi
898 1490 1067 1529 possunt
1100 1481 1139 1517 in
1171 1480 1277 1517 viam
1319 1479 1488 1525 iusticie,
1534 1487 1578 1515 ut
1622 1492 1728 1516 nunc

412 1555 484 1590 pro
508 1540 707 1588 scriptura
730 1552 854 1586 sacra,
882 1540 1041 1576 Psalmo
1067 1540 1231 1584 CXVIII,
1256 1539 1324 1575 105
1341 1554 1348 1574 :
1365 1538 1543 1574 Lucerna
1561 1538 1724 1586 pedibus

413 1600 507 1635 meis
540 1599 698 1635 verbum
731 1606 850 1635 tuum.
885 1599 933 1634 Et
956 1599 1005 1634 ad
1030 1598 1135 1634 hunc
1157 1609 1316 1633 sensum
1342 1595 1496 1632 mistice
1519 1595 1730 1644 exponitur

412 1658 518 1694 istud
543 1655 748 1704 Sophonie
778 1657 805 1702 I,
836 1665 902 1692 12:
937 1656 1151 1691 Scrutabor
1181 1655 1397 1691 Jerusalem
1431 1665 1515 1689 cum
1549 1653 1726 1690 lucernis.

412 1718 514 1752 Nam
539 1714 726 1752 Proverb.
749 1715 813 1760 VI,
839 1714 910 1750 23:
944 1713 1174 1749 Mandatum
1210 1713 1365 1749 lucerna
1398 1719 1433 1748 et
1466 1711 1532 1747 Iex
1564 1712 1644 1748 lux.
1745 1717 1784 1750 25

471 1773 657 1810 Secundo
708 1771 904 1820 accipitur
954 1784 1027 1819 pro
1072 1771 1254 1818 caritate,
1301 1772 1415 1807 Prov.
1460 1768 1617 1816 ultimo,
1657 1770 1724 1806 18:

412 1833 499 1868 Non
516 1831 769 1881 extinguetur
791 1830 826 1866 in
850 1837 958 1866 nocte
980 1830 1136 1865 lucerna
1160 1829 1251 1876 eius,
1277 1837 1313 1865 et
1331 1827 1484 1865 Cantic.
1508 1827 1665 1874 ultimo,
1685 1839 1726 1875 7:

412 1890 519 1939 Aque
551 1889 669 1925 multe
701 1900 773 1924 non
804 1895 986 1937 poterunt
1017 1887 1248 1938 extinguere
1280 1887 1493 1923 caritatem.

471 1947 615 1984 Tercio
662 1945 860 1994 accipitur
904 1959 977 1994 pro
1022 1958 1264 1994 quocunque
1308 1956 1429 1993 opere
1483 1943 1638 1989 morali,
1685 1951 1728 1979 ut

414 2008 521 2042 Luce
565 2007 646 2050 XII,
694 2004 765 2042 35:
811 2004 894 2040 Sint
941 2004 1062 2040 lumbi
1105 2004 1224 2040 vestri
1268 2002 1460 2052 precincti
1498 2010 1534 2038 et
1573 2002 1787 2040 lucerne3o

413 2066 597 2101 ardentes
629 2063 664 2099 in
698 2062 874 2099 manibus
906 2063 1055 2099 vestris.

473 2124 628 2168 Quarto
652 2121 851 2169 accipitur
874 2133 946 2168 pro
970 2132 1212 2169 quocunque
1242 2120 1349 2156 dono
1374 2118 1547 2167 Spiritus
1572 2117 1727 2165 Sancti3

414 2181 454 2217 in
487 2180 599 2217 cuius
632 2179 758 2227 figura
791 2187 1024 2227 preceptum
1059 2186 1116 2215 est
1138 2177 1304 2214 Numeri
1326 2178 1409 2213 VIII
1434 2177 1542 2225 quod
1575 2184 1727 2224 septem

413 2240 577 2275 lucerne
610 2245 855 2286 ponerentur
888 2249 1007 2285 super
1041 2236 1341 2281 candelabrum,
1375 2235 1484 2283 quod
1518 2233 1729 2282 exponitur

415 2296 512 2333 Isaie
544 2297 608 2342 XI,
644 2306 685 2332 2:
721 2295 943 2343 Requiescet
973 2307 1090 2344 super
1121 2306 1204 2330 eum
1236 2294 1396 2343 spiritus
1427 2292 1596 2329 Domini.
1745 2296 1784 2330 35

474 2354 625 2400 Quinto
670 2353 797 2390 eciam
845 2352 1043 2401 accipitur
1093 2365 1168 2401 pro
1220 2363 1462 2400 quacunque
1514 2348 1728 2398 temporali

416 2412 696 2462 prosperitate,
729 2420 772 2448 ut
799 2413 871 2447 Job
894 2412 993 2457 XXI,
1025 2423 1090 2458 17:
1125 2410 1300 2459 quociens
1333 2410 1489 2445 lucerna
1522 2408 1728 2457 impiorum

416 2470 671 2521 extinguitur.

485 2648 513 2674 9.
535 2640 563 2666 A
583 2639 612 2666 in
634 2647 746 2674 marg:
768 2638 935 2666 Jolzannes.
1016 2646 1049 2664 11.
1071 2637 1114 2664 A:
1136 2636 1291 2669 lucinzini;
1310 2636 1349 2663 13:
1371 2635 1511 2663 lueimen.
1591 2634 1628 2662 15.
1650 2635 1679 2662 A
1697 2634 1728 2661 in

416 2682 530 2709 marga
552 2682 575 2701 1.
650 2673 688 2701 18.
704 2675 732 2700 A
746 2673 776 2701 in
793 2681 906 2708 marg:
923 2680 951 2700 2.
1025 2679 1071 2699 20.
1092 2671 1164 2698 Ain
1181 2679 1293 2706 marg:
1309 2679 1342 2705 3.
1416 2677 1462 2703 24.
1480 2671 1508 2697 A
1523 2669 1553 2696 in
1569 2677 1656 2704 marg
1677 2677 1727 2696 :a.

416 2710 461 2736 20.
477 2711 505 2736 A
520 2709 549 2736 in
573 2717 686 2743 marg:
708 2709 733 2735 b.
808 2715 854 2743 29.
876 2708 905 2734 A
924 2707 954 2734 in
976 2715 1090 2741 marg:
1112 2714 1136 2733 c.
1211 2704 1253 2733 32.
1274 2706 1302 2733 A
1323 2705 1352 2732 in
1374 2713 1462 2740 marg
1483 2714 1489 2731 z
1510 2705 1539 2731 α’.

417 2840 442 2870 H
492 2803 540 2824 12.
568 2794 615 2823 Sti
645 2793 800 2833 Gregorii
829 2792 920 2833 Opp.
948 2797 1031 2822 tom.
1059 2790 1081 2829 1,
1108 2801 1139 2832 p.
1165 2791 1245 2832 439.
1281 2789 1332 2820 Cf.
1359 2788 1518 2832 Wyclif’s
1544 2789 1729 2819 Sermones

448 2864 454 2879 ,
480 2849 560 2879 400.
