2003 3322
224 199 311 227 CAP-
332 191 385 243 IL]
692 200 900 232 SECUNDA
930 200 1055 231 PARS.
1739 200 1759 225 2
1771 190 1785 225 3
1798 203 1818 237 9

224 307 355 344 debite
400 315 560 343 executa
607 306 777 342 maxime
821 307 953 354 placet
997 306 1082 352 sibi,
1130 315 1237 354 patet
1283 307 1389 354 quod
1433 306 1530 341 obli-

223 374 390 414 quantes
423 366 471 401 ab
505 376 550 400 ea
582 364 621 399 in
654 364 759 412 leges
792 364 903 411 alias,
939 365 987 400 de
1019 372 1131 400 tanto
1164 363 1375 411 obliquant
1404 363 1531 399 inten-

224 423 357 460 ciones
381 435 472 458 suas
495 421 535 458 in
556 421 718 471 vicium,
743 434 787 458 ac
811 421 841 458 si
866 422 906 458 in
927 421 1102 458 Domino
1117 430 1313 470 ponerent
1330 421 1530 457 maculam

224 490 260 517 et
292 479 534 528 impedirent
566 479 726 515 radium
751 479 883 527 gracie
906 491 991 516 sese
1014 487 1051 515 et
1075 478 1284 516 ecelesiam
1310 478 1530 524 illustrare3

191 541 260 574 bet
299 550 369 586 per
407 539 483 574 hoc
520 546 651 585 potest
691 537 857 585 intelligi
898 537 1116 585 Apostolus
1155 546 1192 573 et
1231 535 1358 573 eciam
1399 538 1532 584 Augu-

222 605 360 632 stlnus.

764 708 899 748 CAP.
934 708 991 748 II.

279 805 549 842 Crisostomus
589 817 708 852 super
748 804 824 840 isto
863 812 969 840 textu
1010 804 1065 840 sic
1098 804 1296 852 loquitur:
1345 806 1386 840 In
1419 817 1529 854 supe·
1569 808 1793 856 chrysostomj

222 863 389 899 rioribus
417 863 596 899 Christus
627 863 825 898 mandavit
856 862 924 898 tibi
955 863 1120 912 diligere
1151 863 1323 900 inimicos
1355 870 1390 898 et
1421 843 1821 913 bene-1UHyZ‘Va¹}³1?a‘2{‘f}‚¹s

168 933 206 954 10
211 921 354 969 facere
391 921 454 957 eis.
508 921 620 956 Vides
663 928 788 956 autem
829 920 916 969 quia
953 920 989 955 in
1035 920 1116 969 ipso
1157 920 1334 970 beneficio
1374 921 1531 969 laqueus
1553 912 1813 982 ΠΞΟἳξῙζΝᾏἾἯζἺΓ

103 978 183 1024 379⁴
221 978 364 1014 diaboli
385 979 526 1014 latebat
549 979 718 1014 inclusus
746 974 750 1031 Ι
779 979 843 1026 qui
863 978 1048 1014 honorum
1074 990 1232 1027 operum
1255 979 1532 1027 soletperdere

211 1036 407 1085 fructum,
441 1049 527 1072 nam
562 1049 658 1071 vana
692 1036 821 1072 carnis
853 1043 993 1071 natura
1015 1037 1337 1085 quemadmodum
1358 1037 1529 1085 primum

221 1094 391 1144 difficilis
422 1101 477 1130 est
508 1095 559 1129 ad
590 1094 915 1143 benefaciendum,
949 1094 1000 1129 ita
1036 1094 1107 1130 etsi
1138 1094 1368 1143 benefecerit
1393 1094 1532 1143 facilis

220 1159 275 1188 est
317 1153 369 1187 ad
407 1152 633 1188 iactancianz
676 1152 763 1187 boni
799 1152 949 1201 operis;
987 1159 1201 1201 propterea
1239 1153 1274 1187 in
1316 1153 1387 1188 hac
1414 1159 1532 1201 parte

167 1211 287 1246 157108
319 1210 472 1246 instruit
504 1210 650 1246 dicens:
682 1210 873 1245 Attendite
896 1210 1001 1245 vobis
1023 1222 1067 1245 ne
1089 1210 1335 1246 elemosinam
1360 1217 1529 1246 vestram

208 1268 373 1315 faciatis
424 1279 554 1304 coram
601 1268 827 1310 hominibus,
874 1275 913 1303 ut
964 1268 1101 1303 bonum
1147 1275 1317 1304 vestrum
1365 1281 1437 1303 non
1480 1269 1532 1303 ad

220 1325 473 1361 ministerium
508 1325 688 1361 vanitatis
715 1325 899 1375 proficiat
920 1326 989 1361 sed
1022 1326 1073 1361 ad
1106 1338 1213 1361 usum
1247 1326 1397 1373 salutis,
1431 1327 1532 1374 quod

220 1391 345 1419 autem
392 1396 466 1432 pre
515 1384 687 1419 omnihus
731 1383 837 1419 viciis
881 1384 1101 1419 carnalibus
1140 1384 1400 1432 periculosius
1451 1396 1532 1420 esse

220 1441 256 1476 in
309 1441 522 1477 hominihus
582 1441 784 1485 intellexit,
843 1441 914 1477 lzoc
965 1441 1117 1477 caucius
1169 1442 1328 1477 mandat
1385 1442 1532 1478 dicens:

167 1510 206 1530 20
221 1499 413 1534 Attendite
473 1511 518 1535 ne
573 1499 835 1549 elemosynam
890 1506 1056 1534 vestram
1121 1512 1252 1535 coram
1319 1500 1531 1535 hominibus

212 1557 362 1605 facitis,³
402 1557 577 1605 quoniam
617 1557 742 1592 omnia
772 1569 869 1605 pene
900 1558 1004 1592 mala
1035 1569 1170 1593 servos
1203 1557 1347 1593 diaboli
1377 1565 1529 1593 vexant.

227 1615 544 1664 Concupiscencia
577 1622 702 1650 antem
737 1627 832 1650 vane
862 1615 992 1664 glorie
1024 1627 1096 1650 non
1129 1616 1251 1651 solum
1285 1627 1419 1651 servos
1449 1616 1529 1650 dia-

222 1673 299 1708 boli
335 1673 402 1708 sed
440 1673 557 1708 eciam
598 1684 732 1708 servos
764 1673 839 1707 Dei
876 1679 910 1708 et
950 1673 1055 1708 viros
1084 1673 1229 1722 fideles
1261 1674 1530 1722 inzpungnant,

222 1731 350 1780 magis
382 1738 506 1766 autem
539 1742 673 1766 servos
706 1730 780 1765 Dei
809 1743 922 1779 quant
956 1742 1091 1766 servos
1124 1731 1277 1767 diaboli.
1332 1731 1403 1766 Ubi
1433 1731 1529 1766 enim

166 1788 283 1823 237‘es
325 1788 461 1838 agitur
503 1788 697 1838 gloriosa,
741 1788 792 1823 ibi
825 1788 990 1836 facilius
1036 1789 1177 1824 invenit
1222 1789 1344 1824 locum
1377 1789 1529 1839 glorifi—

220 1846 385 1881 cacionis
422 1845 639 1894 occupacio.
681 1845 884 1881 Attendite.
931 1846 1034 1889 Quid
1071 1847 1339 1882 attendemus?
1384 1847 1530 1882 Locum

219 1910 408 1939 secretum
443 1903 507 1939 ubi
537 1903 706 1939 homines
739 1915 810 1939 non
848 1904 966 1939 sunt?
1010 1904 1088 1939 Sed
1119 1904 1210 1952 quid
1235 1905 1400 1953 prodest
1431 1905 1466 1940 si
1495 1905 1531 1940 in

221 1962 303 1997 loco
337 1961 507 1998 homines
540 1973 610 1996 non
635 1961 805 2009 fuerint,
839 1961 874 1996 in
907 1962 1026 1997 corde
1048 1969 1173 1997 autem
1187 1962 1318 2010 suerit
1341 1962 1531 2012 cogitacio

221 2020 350 2054 vana?
387 2019 530 2055 Melius
570 2031 667 2069 ergo
706 2026 745 2054 ut
783 2019 818 2054 in
858 2020 975 2055 corde
1012 2031 1084 2055 non
1116 2020 1164 2055 sit
1202 2020 1392 2069 cogitacio
1433 2033 1530 2056 vana

165 2078 206 2109 30
220 2088 331 2124 quam
366 2084 405 2112 ut
436 2077 606 2113 homines
638 2089 710 2112 non
743 2076 817 2112 sint
850 2077 885 2112 in
919 2077 1013 2113 loco.
1053 2077 1096 2112 Si
1126 2090 1223 2127 ergo
1256 2090 1324 2113 cor
1357 2085 1529 2114 nostrum

220 2135 418 2171 attendere
463 2135 654 2180 debemus,
700 2146 772 2170 non
817 2134 937 2170 oculis
981 2135 1204 2171 carnalibus
1248 2135 1421 2184 aspicere
1464 2137 1532 2172 sed

220 2203 329 2228 sensu
370 2192 539 2242 vigilare
579 2204 729 2228 necesse
761 2199 815 2227 est
847 2192 951 2228 circa
984 2204 1064 2229 cor.
1110 2193 1315 2229 Invisibilis
1346 2193 1443 2229 enim
1476 2201 1531 2229 est

220 2261 377 2299 serpens
421 2257 455 2285 et
500 2250 670 2286 lubricus
712 2262 820 2298 quem
864 2262 1026 2286 servare
1069 2250 1245 2286 iubemur
1288 2258 1323 2287 et
1366 2252 1532 2288 latenter

222 2308 257 2342 in
280 2320 413 2344 sensus
444 2308 669 2357 ingreditur
701 2315 735 2343 et
765 2308 923 2343 seducit.
958 2308 1049 2344 Ideo
1071 2308 1169 2344 enim
1195 2321 1268 2345 non
1286 2316 1415 2357 potest
1438 2321 1530 2345 caro

165 2365 380 2401 &sordida
419 2366 591 2415 aspicere
628 2366 696 2401 sed
732 2365 860 2401 anima
900 2366 1055 2401 munda.
1102 2366 1208 2402 Sicut
1246 2366 1343 2402 enim
1378 2367 1413 2402 in
1447 2367 1530 2403 loco

220 2423 361 2459 mundo
405 2430 440 2459 et
480 2423 652 2472 specioso
695 2423 730 2459 si
771 2423 922 2459 modica
964 2424 1101 2460 sordes
1136 2424 1280 2473 fuerit,
1326 2425 1372 2460 de
1415 2425 1531 2476 longe

220 2488 397 2530 apparet,
441 2481 475 2516 si
516 2488 642 2517 autem
688 2481 768 2529 ipse
812 2481 918 2517 locus
960 2481 1144 2518 sordidus
1177 2482 1309 2531 fuerit
1347 2490 1528 2531 quantum

220 2539 408 2574 stercoris
439 2538 491 2575 ibi
520 2539 627 2585 iacet,
662 2550 734 2574 non
767 2546 942 2587 apparet.
984 2540 1066 2575 Nec
1098 2540 1196 2576 enim
1225 2547 1352 2589 potest
1384 2540 1532 2589 requiri

288 2718 314 2745 8.
335 2719 363 2745 A
384 2718 413 2745 in
436 2725 549 2753 marg:
573 2718 788 2745 Crisostomus.
863 2719 905 2753 25,
926 2719 973 2747 20.
995 2719 1033 2746 B:
1054 2719 1273 2755 gloriacionis.

288 2802 320 2832 8.
347 2801 413 2843 Op.
440 2801 537 2843 lmp.,
566 2801 586 2833 l.
613 2812 641 2833 c.
667 2812 699 2843 p.
725 2800 803 2833 805.
