2003 3322
208 221 297 250 CAP.
319 213 451 267 XLIX]
723 225 863 256 PRIMA
890 223 1016 256 PARS.

209 330 311 366 videt
338 331 480 381 pigros
512 344 593 368 esse
625 331 794 367 homines
833 331 885 366 ad
922 330 1155 367 credendum
1196 329 1297 377 quod
1337 329 1390 365 eis
1428 329 1519 364 utile

208 395 263 424 est
286 390 457 435 credere,
492 389 565 425 nisi
585 389 781 425 iuracione
791 389 993 438 firmetur.
1029 388 1091 423 Ad
1112 388 1183 424 hoc
1206 387 1332 435 itaque
1350 387 1519 436 pertinet

210 446 311 494 quod
340 447 394 482 sic
427 447 590 482 dicitur:
622 446 679 482 Sit
710 454 836 482 autem
869 458 998 482 sermo
1032 453 1170 491 vester,
1203 444 1289 491 Est,
1323 451 1400 489 est,·
1432 457 1518 487 non,

210 516 305 548 non;
337 504 407 540 hoc
439 505 575 540 bonum
610 512 665 541 est
696 511 731 540 et
762 505 1041 553 appetendum;
1072 503 1173 552 quod
1201 509 1328 538 autem
1352 503 1520 551 amplius

178 567 276 604 best,
309 574 330 597 a
352 562 454 598 malo
477 570 544 609 est,
577 563 617 598 id
639 569 705 607 est,
738 562 772 598 si
802 562 935 597 iurare
967 561 1132 612 cogeris,
1165 561 1264 597 scias
1288 560 1334 596 de
1356 559 1517 596 necessi-

210 626 287 655 tate
319 619 449 656 venire
479 620 717 670 infirmitatis
748 632 880 655 eorum
905 619 1038 668 quibus
1060 619 1207 667 aliquid
1243 618 1397 654 suades.
1437 618 1519 661 Que

210 677 415 726 infirmitas
439 678 564 726 utique
586 678 729 713 malum
753 684 829 722 est;
862 678 960 713 unde
982 689 1050 713 nos
1073 676 1239 725 quotidie
1260 674 1520 725 deprecamur

211 734 383 782 liberari,
423 748 507 771 cum
541 736 722 771 dicimus:
765 735 907 771 Libera
947 747 1015 771 nos
1053 747 1074 770 a
1113 734 1228 770 malo.
1275 734 1406 782 Itaque
1447 745 1519 769 non

212 792 333 828 dixit:
371 793 485 837 Quod
506 794 673 843 amplius
696 800 762 837 est,
796 794 939 829 malum
973 800 1050 838 est;
1080 800 1119 828 tu
1144 804 1215 829 non
1240 792 1383 827 malum
1397 791 1518 839 facis,

158 868 196 888 10
212 850 276 898 qui
306 850 396 887 bene
428 852 548 888 uteris
579 851 787 895 iuracz'one,
832 863 902 899 que
933 851 1005 887 etsi
1034 863 1106 886 non
1141 850 1251 896 bona,
1296 857 1422 885 tamen
1456 861 1518 884 ne-

211 908 379 944 cessaria
411 916 480 955 est,
524 916 564 944 ut
595 909 711 944 alteri
743 909 998 958 persuadeas,
1042 908 1144 957 quod
1181 907 1327 943 utiliter
1365 907 1520 954 suades,

211 966 278 1001 sed
317 978 338 1001 a
383 967 484 1002 malo
523 975 578 1003 est
615 966 719 1003 illius
756 967 863 1003 cuius
901 966 1125 1015 infirmitate
1173 965 1307 1001 iurare
1351 964 1518 1015 cogeris.

212 1024 289 1059 Sed
320 1036 428 1059 nemo
461 1025 565 1061 novit
597 1025 670 1061 nisi
699 1025 763 1073 qui
794 1031 980 1073 expertus
1011 1031 1079 1067 est,
1127 1035 1240 1072 quam
1279 1023 1328 1060 sit
1361 1023 1521 1073 difficile

212 1088 247 1116 et
278 1083 587 1119 consuetudinem
621 1083 779 1118 iurandi
809 1083 1040 1132 extinguere
1072 1089 1106 1118 et
1138 1092 1345 1129 numquam
1378 1088 1522 1117 temere

158 1140 343 1187 15facere
375 1141 476 1188 quod
508 1153 712 1189 numquam
726 1141 869 1189 facere
900 1140 1105 1176 necessitas
1127 1139 1245 1189 cogit.
1280 1141 1364 1175 Hec
1387 1139 1521 1186 Augu-

212 1205 350 1235 stanS.

268 1255 434 1292 Videtur
467 1257 572 1292 hunc
604 1265 787 1293 sanctum
821 1257 1039 1292 concedere
1071 1256 1180 1304 quod
1218 1254 1311 1291 licet
1349 1254 1389 1290 in
1428 1266 1522 1290 casu

212 1312 344 1349 iurare
382 1323 547 1362 propter
580 1323 791 1362 peccatum
830 1313 1101 1360 infirmorum,
1147 1312 1242 1361 quia
1281 1311 1396 1349 aliter
1439 1324 1521 1348 non

213 1373 420 1408 crederent
459 1371 574 1408 dictis
614 1372 727 1408 veris.
774 1372 852 1408 Sed
890 1372 1020 1408 forma
1058 1370 1218 1407 iurandi
1260 1379 1317 1406 est
1356 1370 1396 1406 in
1428 1382 1519 1417 pro-

157 1449 198 1470 20
213 1428 344 1477 posito
394 1430 502 1466 varie
553 1429 768 1475 intellecta,
822 1429 917 1477 quia
968 1429 1126 1465 videtur
1178 1429 1292 1465 hunc>
1336 1436 1519 1464 sanctum

214 1486 435 1535 intelligere
468 1489 576 1536 quod
609 1489 738 1524 solum
771 1487 864 1524 licet
897 1489 1022 1523 Deum
1057 1486 1245 1523 invocare
1283 1486 1323 1522 in
1364 1494 1520 1531 testem,

215 1546 376 1593 quando
410 1555 467 1582 est
499 1546 770 1582 necessarium
810 1544 1017 1581 testificari
1054 1544 1277 1581 veritatem.
1324 1545 1401 1580 Sed
1446 1544 1521 1579 hoc

216 1602 361 1639 dicitur
393 1603 663 1640 communiter
694 1617 775 1640 non
807 1603 954 1650 iurare,
1003 1602 1096 1651 quia
1140 1603 1196 1639 sic
1240 1602 1281 1638 in
1325 1610 1521 1650 quantum

215 1661 302 1709 quis
335 1661 475 1698 asserit
506 1661 729 1709 veritatem,
762 1662 963 1698 videretur
995 1674 1070 1709 pro
1104 1660 1418 1697 confirmacione
1451 1671 1520 1695 sue

159 1728 197 1760 25
215 1719 414 1756 sentencie
464 1732 606 1768 capere
652 1722 781 1756 Deum
825 1728 982 1766 testem,
1035 1728 1072 1755 et
1118 1731 1208 1755 cum
1254 1718 1436 1755 Christus
1480 1717 1521 1753 in

215 1777 375 1825 loquela
420 1790 490 1814 sua
535 1777 762 1825 evangelica
805 1790 887 1814 non
930 1785 1061 1826 potest
1114 1777 1247 1813 dicere
1300 1775 1519 1825 quicquam

213 1835 427 1883 superflue,
471 1836 687 1872 videndum
729 1844 832 1872 esset
871 1836 920 1872 ad
966 1847 1085 1883 quem
1125 1847 1285 1871 sensum
1325 1833 1522 1882 precipiat

212 1905 293 1929 non
325 1892 456 1929 iurare
489 1894 668 1930 omnino.
701 1893 869 1929 Videtur
901 1893 1006 1929 enim
1040 1905 1178 1929 sensus
1201 1905 1321 1941 quem
1344 1891 1522 1940 sophiste

214 1950 277 1987 hic
315 1951 512 1988 fabricant
551 1964 634 1988 esse
674 1951 793 1987 nimis
832 1951 1071 1999 superfluus,
1118 1950 1174 1987 sic
1217 1950 1368 1987 scilicet
1412 1950 1521 1998 quod

158 2019 199 2051 30
212 2008 338 2045 viator
371 2022 452 2046 non
478 2009 627 2046 iuraret
650 2010 829 2055 omnino,
864 2009 918 2045 ita
941 2010 1049 2057 quod
1071 2008 1283 2045 necessitet
1306 2020 1346 2044 se
1369 2007 1522 2055 simpli-

214 2066 312 2103 citer
356 2069 406 2103 ad
451 2067 680 2113 iurandum,
727 2067 820 2116 quia
852 2066 969 2115 pauci
1001 2067 1061 2103 vel
1099 2066 1198 2102 nulli
1236 2075 1327 2102 sunt
1359 2065 1426 2114 qui
1466 2065 1522 2101 sic

213 2137 252 2160 se
285 2124 537 2162 necessitant.
571 2128 652 2162 Nec
678 2125 834 2161 videtur
866 2137 1004 2161 sensus
1029 2124 1178 2160 Christi
1214 2125 1343 2161 solum
1378 2123 1522 2159 intelli-

213 2195 304 2230 gere
342 2182 459 2219 istam
492 2183 753 2230 sentenciam,
794 2195 883 2219 cum
925 2183 1192 2219 communiter
1229 2181 1418 2230 precipit:
1466 2181 1523 2216 Sit

212 2252 339 2276 sermo
371 2248 507 2288 vester,
542 2241 615 2277 Est
641 2249 709 2288 est,
742 2254 814 2277 non
839 2253 924 2278 non.
951 2242 1166 2276 Moderans
1190 2239 1294 2276 enirn
1318 2239 1521 2287 loquelam

157 2306 196 2340 35
213 2300 433 2334 secundum
479 2300 584 2335 hunc
628 2311 788 2335 sensum
832 2298 991 2335 videtur
1034 2298 1247 2346 prohibere
1291 2309 1519 2334 sermonem

211 2356 460 2405 superfluum
501 2358 770 2403 excedentem,
817 2358 884 2393 sed
923 2356 1002 2393 sive
1047 2357 1169 2392 homo
1214 2354 1404 2392 iuraverit
1451 2366 1522 2403 per

212 2416 340 2452 Deum
377 2415 438 2451 vel
481 2427 552 2463 per
591 2424 815 2451 creaturam
849 2413 1027 2462 aliquam
1068 2414 1147 2450 sive
1192 2413 1260 2460 sic,
1307 2412 1416 2450 testis
1464 2421 1522 2448 est

213 2473 335 2509 michi
358 2475 464 2510 Deus
488 2475 596 2521 quod
626 2485 718 2509 vera
752 2481 808 2509 est
840 2472 916 2508 ista
948 2472 1165 2515 sentencia,
1198 2471 1354 2508 videtur
1386 2482 1522 2519 super-

212 2532 358 2567 addere
403 2543 562 2567 sensum
618 2530 785 2567 istorum
826 2531 1039 2567 verborum
1078 2530 1150 2566 Est
1197 2537 1263 2577 est,
1309 2542 1381 2566 non
1435 2541 1520 2575 non,

283 2719 316 2738 11.
348 2711 386 2738 B:
420 2711 467 2738 vel
497 2711 598 2738 alteri.
707 2718 744 2738 12.
774 2710 811 2738 B:
840 2712 884 2737 est
910 2710 1002 2737 deest.
1122 2708 1160 2737 πῖ.
1196 2709 1233 2736 B:
1267 2717 1355 2737 nemo
1387 2708 1518 2744 quidem.

215 2754 257 2780 14.
278 2747 323 2773 A:
344 2749 459 2773 tenere.
534 2754 573 2781 17.
594 2748 622 2773 A
641 2746 671 2773 in
694 2753 810 2780 marg:
831 2745 995 2772 Jolmnnes.

282 2841 314 2874 8.
340 2842 458 2874 Matth.
484 2843 539 2883 vl,
567 2843 620 2875 23.

1323 2905 1383 2929 12²·

1732 227 1807 264 179

1587 337 1685 364 Oaths
1707 347 1756 365 are

1551 372 1680 400 allowed
1702 374 1790 400 when

1558 407 1689 435 without
1708 408 1790 435 them

1541 443 1649 476 people
1670 444 1729 470 will
1751 447 1804 470 not

1563 476 1677 504 believe
1698 478 1780 504 what

1577 512 1647 547 they
1668 513 1773 547 ought.

1562 1273 1657 1301 What
1677 1273 1782 1302 Christ

1564 1309 1746 1336 commands
1766 1309 1792 1336 is

1544 1343 1608 1370 that
1629 1352 1686 1370 our
1705 1344 1810 1371 words

1546 1378 1656 1405 should
1678 1378 1714 1405 be
1734 1383 1800 1406 true

1554 1413 1613 1440 and
1635 1420 1793 1448 represent

1566 1456 1623 1474 our
1644 1448 1784 1482 thought.
