2003 3322
170 186 260 214 CAP.
282 177 409 230 >mv-J
633 186 844 218 SECUNDA
872 186 998 217 PARS.

227 295 343 331 Panis
386 301 441 330 est
486 293 644 329 verbum
691 293 737 328 de
780 292 918 328 noticia
957 291 1034 327 Dei
1071 291 1212 340 patris.
1260 290 1380 339 Lapis
1427 297 1482 326 est

169 365 279 389 omne
310 351 549 388 mendacium
584 358 619 386 et
651 350 829 399 quicquid
860 349 958 385 illud
990 350 1101 384 habet
1133 349 1168 384 in
1192 361 1232 385 se
1253 349 1481 384 scandalum

168 410 385 458 offensionis
422 409 474 445 ad
510 408 692 454 animam,
732 409 831 443 unde
875 407 966 443 dicit
994 408 1185 456 propheta
1229 407 1281 441 ad
1323 406 1484 442 iustum:

170 468 209 503 In
249 468 423 503 manibus
456 466 669 515 portabunt
705 473 753 511 te,
799 477 843 501 ne
872 465 988 513 forte
1020 465 1193 513 offendas
1231 465 1282 499 ad
1314 464 1481 512 lapidem

136 526 300 574 5pedem
341 533 458 560 tuum.
507 524 641 559 Omnis
684 523 782 558 enim
822 523 942 558 iustus
981 523 1198 558 custoditur
1235 522 1281 557 ab
1319 521 1483 571 angelis,

169 595 212 618 ne
235 583 350 631 forte
388 583 439 617 ad
477 582 714 617 occasionem
757 580 974 629 offensionis
1013 587 1196 616 occurrat
1223 592 1292 628 pes
1324 591 1483 615 conver-

167 641 331 676 sacionis
357 640 470 675 illius.
506 639 652 675 Piscem
685 645 810 674 autem
838 650 1044 687 possumus
1075 638 1293 687 intelligere
1326 637 1482 673 verbum

170 699 215 733 de
251 698 419 744 Christo,
457 704 673 746 serpentem
715 703 841 732 autem
882 696 1005 745 ipsum
1047 696 1256 731 diabolum.
1307 695 1354 730 Ut
1386 706 1483 744 ergo

169 756 417 804 impetremus
449 755 550 803 quod
583 754 863 799 desideramus,
897 754 971 789 duo
1006 754 1073 789 lzec
1108 753 1311 789 convenire
1335 753 1484 796 dehent,

117 825 282 848 1ounum
315 813 467 861 quidem
502 820 541 848 ut
567 819 680 861 petas
712 812 892 848 oracione
925 819 959 847 et
981 823 1121 859 queras
1142 811 1268 847 studio
1299 818 1334 846 et
1352 810 1484 859 pulses

169 871 346 920 operibus
378 871 464 915 tuis,
497 870 662 906 alterum
697 877 823 905 autem
858 877 898 904 ut
928 869 979 905 sit
1007 869 1120 917 panis
1153 869 1214 904 vel
1240 868 1361 917 piscis
1382 868 1485 917 quod

163 929 274 977 petis.
310 928 354 964 Si
383 936 508 964 autem
538 940 608 977 que
637 940 709 963 non
741 927 950 976 expediunt
967 927 1079 976 petis,
1115 927 1186 962 hoc
1208 933 1275 970 est,
1309 925 1483 962 carnalia

168 999 237 1034 que
280 993 413 1022 nocent
444 986 569 1021 anime
607 993 681 1030 tue,
726 985 834 1033 quasi
871 985 970 1033 lapis
1009 991 1076 1020 aut
1107 996 1279 1033 serpens,
1313 996 1385 1020 non
1419 983 1486 1018 tibi

163 1051 329 1093 prestat,
375 1043 531 1079 eciamsi
562 1043 675 1092 petis,
709 1043 795 1091 quia
826 1050 940 1091 pater
979 1042 1165 1092 benignus
1204 1049 1270 1086 est,
1315 1041 1483 1089 alioquin

116 1105 151 1137 15
168 1102 286 1138 eciam
326 1102 360 1138 si
391 1108 542 1150 prestat
588 1101 721 1137 nociva
765 1100 912 1150 petenti
947 1113 1019 1136 non
1061 1107 1116 1136 est
1150 1107 1267 1148 pater
1309 1100 1378 1135 sed
1416 1099 1484 1134 ini-

169 1160 299 1196 micus.

226 1217 270 1253 Si
291 1230 357 1253 vos
378 1229 463 1253 cum
487 1216 571 1252 sitis
592 1216 697 1262 mali,
721 1216 827 1251 scitis
855 1216 951 1252 bona
976 1216 1066 1251 data
1092 1216 1187 1250 dare
1207 1215 1307 1264 filiis
1331 1214 1483 1257 vestris,

168 1282 307 1322 quanto
341 1275 468 1325 magis
495 1281 612 1323 pater
640 1281 765 1309 vester
793 1274 857 1322 qui
887 1274 922 1309 in
956 1274 1047 1309 celis
1079 1280 1134 1309 est
1167 1266 1272 1309 dabit
1303 1272 1482 1321 spiritum

168 1333 305 1368 bonum
335 1332 551 1381 petentibus
581 1344 642 1375 se‚·
685 1344 756 1367 non
795 1332 880 1380 quia
919 1331 1086 1380 apostoli
1124 1338 1235 1366 erant
1274 1330 1377 1367 mali.
1417 1330 1485 1366 sed

112 1403 153 1424 20
168 1398 348 1438 quantum
393 1391 445 1425 ad
488 1389 821 1438 comparacionem
863 1390 940 1425 Dei
978 1389 1041 1437 qui
1082 1389 1188 1425 solus
1226 1388 1485 1438 singulariter

168 1456 225 1484 est
257 1449 389 1494 bonus,
422 1460 551 1483 omnes
584 1447 680 1482 mali
710 1448 901 1492 videntur,
934 1447 1033 1482 sicut
1063 1447 1115 1482 ad
1147 1446 1481 1495 comparacionem

168 1506 265 1542 nivis
297 1513 364 1542 aut
395 1505 487 1541 solis
519 1517 630 1541 omne
661 1506 845 1541 mundum
878 1505 1081 1541 sordidum
1116 1504 1269 1540 videtur
1301 1511 1335 1539 et
1375 1516 1485 1539 omne

169 1563 337 1599 lucidum
372 1564 591 1609 obscurum,
630 1570 664 1599 et
698 1575 800 1606 vere,
833 1575 917 1599 cum
959 1575 1089 1598 omnes
1115 1569 1252 1611 patres
1285 1562 1380 1597 mali
1409 1562 1484 1597 sint

164 1629 300 1670 preter
336 1621 476 1666 Deum,
525 1632 609 1656 ecce
646 1621 681 1656 si
717 1621 830 1656 hodie
862 1628 978 1669 pater
1017 1620 1195 1655 iniuriam
1240 1620 1424 1668 paciatur
1462 1632 1483 1654 a

113 1679 262 1728 25filio,
297 1679 426 1714 statim
460 1679 618 1727 affectus
650 1678 755 1714 illius
793 1685 967 1714 mutatur
1000 1678 1035 1713 in
1069 1678 1196 1714 odium
1232 1685 1267 1714 et
1299 1677 1485 1713 irascitur

168 1736 236 1782 illi,
280 1743 316 1772 et
348 1736 524 1784 forsitan
568 1736 747 1786 castigat,
795 1748 866 1771 non
898 1736 986 1785 quia
1025 1736 1089 1772 ille
1111 1735 1269 1784 faciens
1301 1735 1481 1770 iniuriam

163 1794 274 1843 patri
298 1794 476 1842 peccavit
506 1801 596 1829 ante
627 1794 767 1839 Deum,
809 1794 892 1829 ideo
922 1801 1037 1842 pater
1067 1806 1159 1829 suus
1191 1793 1248 1828 illi
1286 1793 1482 1837 irascitur,

166 1852 235 1887 sed
265 1851 350 1899 quia
390 1851 448 1887 illi
466 1852 569 1899 fecit
607 1851 800 1887 iniuriam.
840 1851 1018 1899 Alioquin
1069 1851 1103 1887 si
1140 1858 1257 1899 pater
1304 1851 1483 1886 iniuriam

163 1921 305 1958 passus
336 1916 404 1952 est,
438 1921 510 1944 non
538 1917 706 1958 propter
733 1921 842 1945 suam
867 1909 1045 1944 iniuriam
1077 1909 1263 1945 irascitur
1284 1909 1386 1958 filio,
1418 1909 1486 1944 sed

112 1969 330 2015 3opropter
361 1967 465 2003 illius
489 1974 705 2015 peccatum,
739 1967 774 2002 in
808 1967 913 2002 omni
930 1974 1090 2016 peccato
1104 1967 1282 2014 filiorum
1307 1966 1486 2002 similiter

167 2024 417 2060 irasceretur.
458 2025 570 2060 Nunc
600 2032 726 2060 autem
760 2025 912 2072 quando
946 2025 1020 2073 ipsi
1049 2025 1231 2060 iniuriam
1259 2024 1484 2073 paciuntur,

166 2082 311 2118 scilicet
337 2089 474 2131 patres
519 2095 540 2117 a
567 2082 679 2131 filiis,
721 2080 807 2118 ideo
848 2083 976 2118 dolent
1020 2089 1054 2118 et
1089 2083 1284 2130 fremunt,
1331 2083 1483 2130 quando

166 2146 292 2175 autem
349 2140 476 2175 adhuc
513 2140 595 2189 filii
643 2152 775 2176 eorum
826 2140 1074 2189 peccaverint
1133 2140 1168 2175 in
1232 2140 1358 2175 Deum
1417 2152 1484 2176 nec

167 2204 315 2233 curant.
352 2198 459 2233 Deus
490 2205 617 2233 autem
651 2198 815 2246 offensus
837 2198 884 2233 ab
908 2197 1059 2233 homine
1082 2210 1154 2233 non
1178 2197 1262 2233 ideo
1285 2197 1484 2243 irascitur,

111 2256 150 2290 35
168 2255 253 2303 quia
280 2255 378 2303 ipse,
411 2267 495 2291 cum
521 2262 617 2291 esset
640 2255 746 2290 Deus
769 2256 1009 2301 constitutus,
1041 2255 1087 2291 ab
1121 2255 1272 2291 homine
1304 2262 1360 2291 est
1394 2267 1483 2291 con-

168 2319 346 2361 temptus,
379 2313 447 2348 sed
477 2313 541 2349 ille
573 2313 767 2361 offendens
796 2312 922 2349 Deum
950 2313 1126 2362 peraidit
1157 2313 1326 2349 animam
1358 2325 1481 2350 suam.

175 2370 271 2406 Vere
313 2382 410 2419 ergo
457 2382 529 2406 non
573 2370 760 2406 irascitur
804 2371 849 2406 de
890 2383 959 2406 sua
1005 2371 1145 2406 iniuria
1183 2371 1252 2407 sed
1292 2371 1395 2406 dolet
1439 2371 1486 2406 de

164 2427 389 2476 perdicione
433 2428 601 2463 humana
647 2435 683 2464 et
726 2429 907 2478 castigat,
953 2436 993 2463 ut
1037 2441 1108 2464 non
1153 2441 1263 2464 suam
1303 2428 1484 2464 iniuriam

168 2485 331 2520 vindicet
375 2486 444 2520 sed
487 2493 527 2521 ut
570 2486 677 2521 illum
718 2486 898 2536 corrigat
936 2487 988 2521 ad
1025 2486 1201 2522 salutem.
1246 2486 1350 2521 Audi
1386 2486 1482 2521 enim

169 2683 272 2736 deesltl.
294 2677 336 2702 A:
358 2677 419 2702 tufs
439 2676 533 2702 deest.
619 2676 662 2704 28,
684 2678 728 2703 A:
749 2677 805 2703 sed
823 2677 915 2703 deest.
1003 2675 1046 2704 33.
1062 2677 1104 2703 A:
1127 2677 1239 2703 adhoc.
1314 2676 1356 2704 35.
1380 2678 1422 2704 A:
1438 2682 1484 2704 est

237 2803 270 2832 4.
296 2792 423 2824 Psalm.
447 2793 519 2833 XC,
553 2804 600 2825 12.
699 2795 750 2837 39.
778 2795 904 2825 Psalm.
933 2794 1141 2834 LXXXVUI,
1172 2794 1317 2836 31—34.

1690 187 1770 222 409

1525 298 1583 326 We
1606 303 1687 326 must
1709 299 1744 325 be

1498 334 1715 395 carefulaqxsshat
1729 341 1774 360 we

1506 1223 1632 1258 Earthly
1652 1223 1766 1250 fathers

1517 1266 1567 1285 are
1587 1258 1698 1285 moved
1720 1257 1758 1293 by

1566 1293 1707 1326 persona]

1545 1331 1738 1355 resentment.

1529 2146 1597 2173 God
1622 2147 1747 2181 regards

1510 2182 1583 2217 only
1602 2182 1653 2208 the
1673 2181 1753 2212 good

1585 2216 1619 2242 of
1638 2215 1693 2242 His

1562 2250 1711 2277 children.
