2003 3322
200 242 290 271 CAP.
311 234 426 287 XXV]
697 244 839 275 PRIMA
866 244 993 275 PARS.
1754 239 1807 286 87

200 353 351 390 Umbra
394 351 501 387 enim
541 359 598 387 est
643 352 843 387 bonorum
883 350 1000 387 huius
1039 351 1233 399 temporis
1276 352 1516 389 naturaliter

198 409 469 459 posteriorum
514 408 760 446 substraccio
807 417 843 445 et
882 409 1060 446 variatur
1108 410 1328 446 secundum
1374 410 1515 459 triplex

199 481 322 517 genus
362 467 528 515 peccati,
570 468 617 503 de
657 480 737 515 quo
770 469 803 503 Ia
834 467 922 503 Joh.
957 469 1000 514 II,
1042 465 1109 504 16:
1163 468 1285 504 Omne
1322 470 1424 516 quod
1461 476 1516 505 est

198 527 234 563 in
267 526 410 562 mundo
443 534 517 562 etc.

165 591 181 624 5
256 586 373 621 Sexto
397 585 589 620 debemus
612 595 731 620 omne
754 584 906 619 donum
931 582 1003 620 Dei
1026 583 1323 632 quantumlibet
1346 596 1513 631 parvum
1562 592 1590 619 6.
1612 597 1642 639 ro
1663 602 1717 632 use
1737 595 1773 621 all

197 641 468 679 adutilitatem
480 641 754 690 proximorum
775 650 1020 689 convertere,
1039 650 1195 678 servata
1213 654 1373 690 semper
1387 641 1515 678 inten-
1543 627 1612 689 (ξζξ
1626 629 1735 690 [5,ΕῇΙέἦῖ
1752 630 1800 691 {Off

198 699 324 737 cionis
356 699 610 746 rectitudine,
635 699 730 748 quia
761 699 796 736 si
826 700 958 736 oculus
984 707 1071 736 tuus
1094 700 1225 748 fuerit
1246 701 1416 749 simplex
1439 709 1513 737 etc.
1531 705 1587 724 our
1607 698 1807 733 neighbours,

198 758 379 804 (Matthei
412 759 475 803 VI,
512 761 594 804 22).
634 757 782 795 Radius
815 757 1162 806 perpendicularis
1195 758 1363 794 ubilibet
1396 771 1514 806 pene-

197 825 307 853 trans
346 816 550 853 irrefracte
590 825 647 852 est
685 815 874 862 intencio,
928 829 1006 864 qua
1054 818 1160 853 Deus
1205 818 1255 853 ad
1300 816 1513 853 minimum

144 892 182 913 10
198 875 359 912 confuse
403 874 624 911 intenditur
663 875 736 910 sub
776 874 938 910 racione
979 874 1084 920 boni,
1132 874 1225 923 quia
1265 876 1416 911 bonum
1457 883 1515 911 est

197 934 305 982 quod
337 932 476 969 omnia
509 941 716 980 appetunt,
750 934 785 968 ΙΟ
820 932 1070 971 Ethicorum.

255 990 436 1039 Septimo
461 999 612 1039 quanto
645 990 814 1027 vicinius
847 990 1077 1039 appetimus
1110 990 1264 1039 aliquid
1297 990 1337 1026 in
1371 990 1512 1027 ordine
1563 1007 1589 1034 7.
1611 1004 1641 1026 to
1661 999 1761 1027 desire

197 1050 247 1086 ad
294 1062 497 1085 summum
552 1050 719 1095 bonum,
766 1057 824 1086 est
869 1048 1070 1097 appetitus
1115 1048 1368 1095 luminosior,
1421 1049 1513 1085 licet
1530 1034 1809 1104 Ἑζξξζζξξξζῃῖῗὲ

196 1107 332 1144 omnia
376 1108 425 1143 ab
473 1107 561 1155 ipso
600 1107 689 1154 plus
729 1107 914 1156 elongata
959 1106 1037 1143 sint
1082 1107 1247 1144 remisse
1292 1108 1512 1144 secundum
1553 1103 1675 1139 highest
1694 1105 1787 1139 good,

142 1166 353 1214 15plurem
387 1165 593 1202 racionem
627 1173 805 1201 creatam
839 1165 1088 1213 appetibilia.

255 1224 408 1260 Octavo
442 1224 632 1260 debemus
665 1223 852 1271 colligere
884 1223 964 1259 vim
998 1223 1161 1260 amandi
1196 1231 1232 1260 et
1265 1223 1394 1271 ipsam
1430 1235 1511 1259 non
1529 1231 1806 1259 8.toc0nce11trate

196 1294 296 1330 eque
324 1281 454 1329 primo
488 1281 571 1318 sine
603 1281 942 1318 submdinacione
975 1282 1204 1330 dispergere
1236 1281 1340 1318 inter
1374 1282 1511 1327 multa,
1592 1267 1746 1301 ourlove,

196 1339 290 1388 quia
322 1352 447 1376 unum
480 1339 707 1376 necessario
740 1348 798 1376 est
830 1341 1063 1384 amandum,
1099 1341 1208 1388 quod
1241 1348 1400 1376 amatur
1435 1339 1513 1375 sin-

196 1397 324 1434 cerius
369 1410 448 1446 quo
491 1397 658 1434 vicinius
700 1410 790 1434 cum
823 1397 1081 1446 paucioribus
1122 1397 1263 1434 mediis
1303 1397 1511 1446 separatis,

138 1472 180 1493 20
253 1458 368 1493 Nono
402 1456 594 1492 debemus
628 1468 768 1492 omnes
801 1455 935 1493 radios
975 1455 1124 1492 amoris
1163 1469 1185 1492 a
1225 1455 1371 1493 virtute
1412 1455 1782 1502 indi-,9.and101‚a11‚

194 1513 338 1550 visibili
376 1515 641 1562 procedentes
686 1514 800 1550 unire
846 1514 887 1550 in
933 1516 1061 1550 Deum
1108 1513 1176 1562 qui
1221 1523 1278 1551 est
1329 1522 1511 1550 centrum
1528 1502 1567 1525 ’ἵε
1587 1503 1755 1567 raygotgpte
1776 1507 1805 1526 ¹¹¹

194 1571 321 1608 tocius
366 1571 522 1620 generis
570 1572 663 1608 boni
716 1571 922 1620 diligibilis
976 1575 1034 1617 (ut
1087 1580 1198 1620 patet
1251 1574 1308 1608 De
1360 1571 1514 1608 Divinis

194 1629 432 1667 Nominibus
456 1642 542 1678 cap.
567 1632 615 1678 V)
651 1639 689 1667 et
722 1642 825 1679 equo
859 1630 1073 1667 libramine
1102 1629 1188 1666 sine
1211 1629 1513 1667 claudicacione

194 1689 356 1725 tendere
414 1689 464 1725 ad
521 1688 715 1725 circulum
783 1688 1076 1737 intelligibilem
1129 1688 1346 1735 infinitum,
1401 1687 1512 1724 cuius

138 1752 177 1785 25
194 1754 375 1783 centrum
408 1746 556 1795 ubique
590 1756 627 1783 et
659 1746 988 1783 circumferencia
1020 1759 1233 1795 nusquam.

250 1805 299 1841 Et
330 1804 423 1841 hinc
454 1804 611 1841 decimo
652 1813 810 1853 oportet
852 1806 961 1853 quod
1003 1804 1133 1841 omnis
1177 1804 1312 1841 radius
1347 1804 1510 1850 amoris,
1537 1820 1578 1875 10¹.
1600 1818 1629 1840 to
1650 1815 1741 1876 1fnakf.l
1759 1815 1794 1841 all

1578 1856 1634 1875 OVC
1667 1857 1702 1876 ΟΓ
1742 1858 1771 1876 10

193 1861 295 1898 sicut
334 1862 474 1911 incipit
519 1875 541 1899 a
580 1864 685 1900 bono
725 1863 897 1911 analogo
936 1871 974 1900 et
1013 1871 1168 1899 artatur
1200 1863 1240 1899 in
1273 1864 1378 1899 bono
1420 1875 1510 1911 par·
1594 1888 1732 1911 creature

194 1920 352 1957 ticulari
385 1929 534 1967 creato,
570 1921 626 1958 sic
660 1920 911 1958 circulariter
945 1920 1091 1957 redibit
1124 1920 1165 1957 in
1198 1923 1327 1957 Deum
1360 1920 1509 1969 largius
1549 1917 1692 1981 Ιῑέξέθξέξ
1705 1927 1773 1982 8ξὲ

1781 1975 1787 1988 7

195 1978 455 2026 diligendum.

139 2045 180 2078 30
252 2038 300 2073 Et
331 2036 406 2073 ista
439 2036 654 2085 ampliacio
687 2036 790 2074 radii
822 2036 971 2074 amoris
997 2038 1114 2074 docet
1136 2036 1353 2074 undecimo
1377 2039 1507 2074 Deum
1526 2055 1560 2109 ιιι.
1576 2048 1647 2110 wgo
1665 2048 1694 2109 ἐξ
1715 2052 1745 2074 to
1769 2047 1804 2110 bl?

1546 2090 1602 2109 ΟΥΕ
1645 2091 1661 2109 a
1686 2091 1742 2110 ΟΥΕ
1762 2091 1777 2109 U

194 2107 277 2131 esse
309 2107 379 2143 pre
414 2095 555 2132 ceteris
588 2095 761 2143 amplius
796 2095 1056 2143 diligendum.
1627 2118 1698 2152 else,

252 2152 502 2190 Duodecimo
536 2155 730 2190 docemur
763 2153 921 2189 radium
955 2153 1105 2190 amoris
1139 2155 1189 2190 ad
1222 2155 1374 2190 bonum
1415 2153 1509 2189 sim-
1537 2171 1575 2190 12.
1598 2168 1650 2190 not
1665 2168 1699 2225 Ito
1720 2168 1790 2191 turn

1588 2206 1645 2226 OUF
1677 2207 1732 2225 ΟΥΕ

194 2210 351 2259 pliciter
373 2220 410 2247 et
433 2213 483 2248 ad
505 2212 658 2248 nullam
692 2220 920 2248 creaturam
944 2211 1163 2258 reflectere,
1203 2224 1294 2248 cum
1333 2211 1510 2260 quelibet
1548 2234 1719 2268 absolutely
1740 2242 1779 2260 on

194 2270 313 2305 habet
345 2271 552 2306 tenebram
586 2269 666 2306 sive
689 2269 919 2317 potenciam
955 2278 1095 2306 contra
1128 2278 1278 2317 actum,
1313 2271 1381 2306 sed
1414 2269 1510 2306 irre·
1551 2276 1610 2304 any
1631 2273 1776 2296 creature.

139 2331 178 2366 35
194 2326 317 2363 fracte
349 2339 420 2374 per
451 2336 577 2364 totam
611 2327 910 2364 universitatem
946 2336 1122 2364 creatam
1155 2340 1283 2375 usque
1306 2329 1358 2364 ad
1379 2328 1509 2364 lucem

194 2384 368 2433 primam
401 2385 636 2433 regulariter
659 2394 882 2434 penetrare.
916 2386 977 2421 Ad
1000 2394 1155 2423 tantam
1181 2385 1286 2422 enim
1310 2385 1512 2422 illuminat

195 2443 260 2479 lux
290 2455 383 2480 vera
415 2455 578 2480 omnem
612 2443 817 2480 hominem
841 2443 1067 2481 venientem
1101 2444 1142 2480 in
1174 2444 1280 2480 hunc
1314 2445 1509 2480 mundum

197 2502 319 2550 quod,
365 2501 468 2538 sicut
513 2502 675 2539 confuse
720 2502 927 2551 cognoscit
965 2515 1090 2539 unum
1130 2502 1307 2551 primum
1355 2502 1397 2538 in
1440 2515 1511 2539 suo

265 2671 289 2698 5.
309 2671 338 2698 A
357 2671 387 2698 in
410 2679 524 2706 marg:
548 2670 577 2698 6.
651 2678 691 2698 12.
711 2672 740 2698 A
760 2671 791 2710 in
811 2679 924 2706 marg:
948 2679 976 2706 7.
1062 2678 1103 2705 19.
1126 2671 1246 2699 Codd.:
1267 2670 1350 2711 quod
1368 2671 1509 2699 vicinius.

197 2714 243 2733 20.
264 2706 292 2732 A
312 2714 341 2732 in
370 2713 483 2741 marg:
515 2713 546 2741 9.
663 2706 709 2733 26.
730 2706 759 2733 A
784 2713 814 2733 in
842 2714 956 2741 marg:
984 2714 1028 2733 10.
1147 2704 1192 2733 30.
1215 2707 1242 2733 A
1267 2714 1298 2733 in
1328 2714 1441 2741 marg:
1469 2714 1508 2733 11.

197 2739 240 2767 32.
260 2742 286 2767 A
306 2740 336 2767 in
357 2748 471 2775 marg:
493 2746 547 2774 12;
565 2740 606 2767 ib.
628 2740 744 2768 Codd.:
766 2744 797 2768 et
814 2740 908 2768 deest.
929 2740 1057 2768 Addidi.
1130 2739 1178 2773 34.
1199 2742 1242 2768 A:
1264 2741 1410 2768 tenbram.

273 2834 324 2856 11.
350 2823 554 2855 Aristoteles
578 2823 657 2855 Eth.
683 2824 818 2856 Nicom.
846 2825 869 2866 Ι,
887 2834 945 2856 see
964 2825 1084 2864 Serm.,
1105 2824 1124 2855 l.
1145 2834 1172 2856 c.
1193 2823 1269 2866 387.
1355 2834 1408 2856 22.
1426 2825 1510 2856 Dio-

199 2870 319 2912 nysius
345 2871 474 2912 Areop.
498 2871 550 2902 De
575 2871 709 2902 Divinis
735 2871 850 2910 Nom„
877 2881 950 2912 cap.
976 2871 1018 2902 V.
