<?xml version="1.0" encoding="UTF-8"?>
<!DOCTYPE html PUBLIC "-//W3C//DTD XHTML 1.0 Transitional//EN"
    "http://www.w3.org/TR/xhtml1/DTD/xhtml1-transitional.dtd">
<html xmlns="http://www.w3.org/1999/xhtml" xml:lang="en" lang="en">
 <head>
  <title>
</title>
<meta http-equiv="Content-Type" content="text/html;charset=utf-8" />
  <meta name='ocr-system' content='tesseract 3.04.00' />
  <meta name='ocr-capabilities' content='ocr_page ocr_carea ocr_par ocr_line ocrx_word'/>
</head>
<body>
  <div class='ocr_page' id='page_1' title='image "./opusevangelicum12wycl/opusevangelicum12wycl_0376.png"; bbox 0 0 2003 3322; ppageno 0'>
   <div class='ocr_carea' id='block_1_1' title="bbox 141 211 1746 267">
    <p class='ocr_par' dir='ltr' id='par_1_1' title="bbox 141 211 1746 267">
     <span class='ocr_line' id='line_1_1' title="bbox 141 211 1746 267; baseline -0.009 -4"><span class='ocrx_word' id='word_1_1' title='bbox 141 212 221 249; x_wconf 76' lang='lat'><em>366</em></span> <span class='ocrx_word' id='word_1_2' title='bbox 845 223 963 256; x_wconf 73' lang='lat' dir='ltr'><em>opus</em></span> <span class='ocrx_word' id='word_1_3' title='bbox 988 222 1324 255; x_wconf 84' lang='lat' dir='ltr'><strong>EVANGELICUM</strong></span> <span class='ocrx_word' id='word_1_4' title='bbox 1478 211 1586 267; x_wconf 80' lang='lat' dir='ltr'><strong>[CAP.</strong></span> <span class='ocrx_word' id='word_1_5' title='bbox 1608 218 1746 249; x_wconf 80' lang='lat' dir='ltr'><em>xxxm.</em></span> 
     </span>
    </p>
   </div>
   <div class='ocr_carea' id='block_1_2' title="bbox 140 329 1754 2465">
    <p class='ocr_par' dir='ltr' id='par_1_2' title="bbox 424 329 1752 1018">
     <span class='ocr_line' id='line_1_2' title="bbox 429 329 1752 380; baseline 0.001 -16"><span class='ocrx_word' id='word_1_6' title='bbox 429 329 643 376; x_wconf 86' lang='lat' dir='ltr'><em>christiani,</em></span> <span class='ocrx_word' id='word_1_7' title='bbox 689 330 866 366; x_wconf 79' lang='lat' dir='ltr'><em>convenit</em></span> <span class='ocrx_word' id='word_1_8' title='bbox 897 342 1026 366; x_wconf 92' lang='lat' dir='ltr'><em>sermo</em></span> <span class='ocrx_word' id='word_1_9' title='bbox 1057 330 1123 380; x_wconf 78' lang='lat' dir='ltr'><em>qui</em></span> <span class='ocrx_word' id='word_1_10' title='bbox 1154 330 1265 366; x_wconf 87' lang='lat' dir='ltr'><em>dicit:</em></span> <span class='ocrx_word' id='word_1_11' title='bbox 1309 330 1438 366; x_wconf 84' lang='lat' dir='ltr'><em>Nolite</em></span> <span class='ocrx_word' id='word_1_12' title='bbox 1476 330 1660 366; x_wconf 91' lang='lat' dir='ltr'><em>iudicare.</em></span> <span class='ocrx_word' id='word_1_13' title='bbox 1707 330 1752 365; x_wconf 86' lang='lat' dir='ltr'><em>Si</em></span> 
     </span>
     <span class='ocr_line' id='line_1_3' title="bbox 428 387 1747 437; baseline 0.001 -15"><span class='ocrx_word' id='word_1_14' title='bbox 428 394 555 423; x_wconf 84' lang='lat' dir='ltr'><em>autem</em></span> <span class='ocrx_word' id='word_1_15' title='bbox 590 400 662 424; x_wconf 86' lang='lat' dir='ltr'><em>non</em></span> <span class='ocrx_word' id='word_1_16' title='bbox 695 388 924 437; x_wconf 83' lang='lat' dir='ltr'><em>corripiunt,</em></span> <span class='ocrx_word' id='word_1_17' title='bbox 965 396 1094 424; x_wconf 86' lang='lat' dir='ltr'><em>utrum</em></span> <span class='ocrx_word' id='word_1_18' title='bbox 1134 388 1334 424; x_wconf 87' lang='lat' dir='ltr'><em>conveniat</em></span> <span class='ocrx_word' id='word_1_19' title='bbox 1373 388 1471 424; x_wconf 87' lang='lat' dir='ltr'><em>illud</em></span> <span class='ocrx_word' id='word_1_20' title='bbox 1507 388 1611 437; x_wconf 80' lang='lat' dir='ltr'><em>quod</em></span> <span class='ocrx_word' id='word_1_21' title='bbox 1643 387 1747 434; x_wconf 87' lang='lat' dir='ltr'><em>dicit,</em></span> 
     </span>
     <span class='ocr_line' id='line_1_4' title="bbox 430 446 1748 495; baseline 0 -15"><span class='ocrx_word' id='word_1_22' title='bbox 430 452 469 480; x_wconf 88' lang='lat' dir='ltr'><em>ut</em></span> <span class='ocrx_word' id='word_1_23' title='bbox 501 458 573 481; x_wconf 89' lang='lat' dir='ltr'><em>non</em></span> <span class='ocrx_word' id='word_1_24' title='bbox 606 446 837 493; x_wconf 79' lang='lat' dir='ltr'><em>indicemini,</em></span> <span class='ocrx_word' id='word_1_25' title='bbox 870 446 1009 486; x_wconf 77' lang='lat' dir='ltr'><em>nescio,</em></span> <span class='ocrx_word' id='word_1_26' title='bbox 1053 446 1251 495; x_wconf 78' lang='lat' dir='ltr'><em>Numquid</em></span> <span class='ocrx_word' id='word_1_27' title='bbox 1279 453 1448 495; x_wconf 86' lang='lat' dir='ltr'><em>propter</em></span> <span class='ocrx_word' id='word_1_28' title='bbox 1479 446 1578 481; x_wconf 92' lang='lat' dir='ltr'><em>illud</em></span> <span class='ocrx_word' id='word_1_29' title='bbox 1608 446 1748 492; x_wconf 88' lang='lat' dir='ltr'><em>solum,</em></span> 
     </span>
     <span class='ocr_line' id='line_1_5' title="bbox 428 503 1747 554; baseline -0.001 -15"><span class='ocrx_word' id='word_1_30' title='bbox 428 503 463 539; x_wconf 92' lang='lat' dir='ltr'><em>si</em></span> <span class='ocrx_word' id='word_1_31' title='bbox 475 516 548 540; x_wconf 85' lang='lat' dir='ltr'><em>non</em></span> <span class='ocrx_word' id='word_1_32' title='bbox 563 504 618 540; x_wconf 91' lang='lat' dir='ltr'><em>sic</em></span> <span class='ocrx_word' id='word_1_33' title='bbox 632 504 907 553; x_wconf 78' lang='lat' dir='ltr'><em>corripuerim,</em></span> <span class='ocrx_word' id='word_1_34' title='bbox 923 511 1151 553; x_wconf 78' lang='lat' dir='ltr'><em>peccatores</em></span> <span class='ocrx_word' id='word_1_35' title='bbox 1165 512 1445 552; x_wconf 75' lang='lat' dir='ltr'><strong><em>consequentur</em></strong></span> <span class='ocrx_word' id='word_1_36' title='bbox 1460 503 1747 554; x_wconf 72' lang='lat' dir='ltr'><em>indulgenciam</em></span> 
     </span>
     <span class='ocr_line' id='line_1_6' title="bbox 424 561 1747 610; baseline 0 -13"><span class='ocrx_word' id='word_1_37' title='bbox 424 568 674 610; x_wconf 88' lang='lat' dir='ltr'><em>peccatorum</em></span> <span class='ocrx_word' id='word_1_38' title='bbox 726 574 885 598; x_wconf 89' lang='lat' dir='ltr'><em>suorum</em></span> <span class='ocrx_word' id='word_1_39' title='bbox 937 562 1145 598; x_wconf 89' lang='lat' dir='ltr'><em>secundum</em></span> <span class='ocrx_word' id='word_1_40' title='bbox 1199 563 1300 610; x_wconf 80' lang='lat' dir='ltr'><em>quod</em></span> <span class='ocrx_word' id='word_1_41' title='bbox 1353 562 1494 597; x_wconf 90' lang='lat' dir='ltr'><em>dictum</em></span> <span class='ocrx_word' id='word_1_42' title='bbox 1540 569 1614 597; x_wconf 88' lang='lat' dir='ltr'><em>est:</em></span> <span class='ocrx_word' id='word_1_43' title='bbox 1660 561 1747 597; x_wconf 92' lang='lat' dir='ltr'><em>Non</em></span> 
     </span>
     <span class='ocr_line' id='line_1_7' title="bbox 428 619 1745 666; baseline -0.001 -11"><span class='ocrx_word' id='word_1_44' title='bbox 428 619 719 656; x_wconf 75' lang='lat' dir='ltr'><em>iudicabiminif)</em></span> <span class='ocrx_word' id='word_1_45' title='bbox 751 620 794 655; x_wconf 84' lang='lat' dir='ltr'><em>Si</em></span> <span class='ocrx_word' id='word_1_46' title='bbox 813 620 911 656; x_wconf 90' lang='lat' dir='ltr'><em>enim</em></span> <span class='ocrx_word' id='word_1_47' title='bbox 934 620 1159 666; x_wconf 87' lang='lat' dir='ltr'><em>iudicantes,</em></span> <span class='ocrx_word' id='word_1_48' title='bbox 1191 620 1288 656; x_wconf 89' lang='lat' dir='ltr'><em>sicut</em></span> <span class='ocrx_word' id='word_1_49' title='bbox 1320 632 1392 655; x_wconf 88' lang='lat' dir='ltr'><em>non</em></span> <span class='ocrx_word' id='word_1_50' title='bbox 1427 620 1531 656; x_wconf 90' lang='lat' dir='ltr'><em>decet</em></span> <span class='ocrx_word' id='word_1_51' title='bbox 1559 619 1745 666; x_wconf 86' lang='lat' dir='ltr'><em>iudicare,</em></span> 
     </span>
     <span class='ocr_line' id='line_1_8' title="bbox 430 678 1746 726; baseline -0.001 -13"><span class='ocrx_word' id='word_1_52' title='bbox 430 685 466 713; x_wconf 92' lang='lat' dir='ltr'><em>et</em></span> <span class='ocrx_word' id='word_1_53' title='bbox 497 678 598 714; x_wconf 89' lang='lat' dir='ltr'><em>male</em></span> <span class='ocrx_word' id='word_1_54' title='bbox 619 678 791 726; x_wconf 86' lang='lat' dir='ltr'><em>faciunt,</em></span> <span class='ocrx_word' id='word_1_55' title='bbox 823 678 904 714; x_wconf 90' lang='lat' dir='ltr'><em>sine</em></span> <span class='ocrx_word' id='word_1_56' title='bbox 937 678 1049 714; x_wconf 86' lang='lat' dir='ltr'><em>dubio</em></span> <span class='ocrx_word' id='word_1_57' title='bbox 1082 690 1155 713; x_wconf 92' lang='lat' dir='ltr'><em>non</em></span> <span class='ocrx_word' id='word_1_58' title='bbox 1189 678 1402 713; x_wconf 91' lang='lat' dir='ltr'><em>iudicantes</em></span> <span class='ocrx_word' id='word_1_59' title='bbox 1434 678 1583 714; x_wconf 78' lang='lat' dir='ltr'><em>veniam</em></span> <span class='ocrx_word' id='word_1_60' title='bbox 1607 689 1746 726; x_wconf 89' lang='lat' dir='ltr'><em>pecca-</em></span> 
     </span>
     <span class='ocr_line' id='line_1_9' title="bbox 430 735 1747 785; baseline -0.001 -14"><span class='ocrx_word' id='word_1_61' title='bbox 430 743 557 772; x_wconf 92' lang='lat' dir='ltr'><em>torum</em></span> <span class='ocrx_word' id='word_1_62' title='bbox 591 736 774 785; x_wconf 78' lang='lat' dir='ltr'><em>priorum</em></span> <span class='ocrx_word' id='word_1_63' title='bbox 816 748 976 772; x_wconf 90' lang='lat' dir='ltr'><em>suorum</em></span> <span class='ocrx_word' id='word_1_64' title='bbox 1016 748 1067 772; x_wconf 88' lang='lat' dir='ltr'><em>ex</em></span> <span class='ocrx_word' id='word_1_65' title='bbox 1104 736 1175 772; x_wconf 83' lang='lat' dir='ltr'><em>hoc</em></span> <span class='ocrx_word' id='word_1_66' title='bbox 1213 748 1286 772; x_wconf 92' lang='lat' dir='ltr'><em>non</em></span> <span class='ocrx_word' id='word_1_67' title='bbox 1326 743 1617 784; x_wconf 82' lang='lat' dir='ltr'><em>consequentur,</em></span> <span class='ocrx_word' id='word_1_68' title='bbox 1656 735 1747 784; x_wconf 84' lang='lat' dir='ltr'><em>quia</em></span> 
     </span>
     <span class='ocr_line' id='line_1_10' title="bbox 431 793 1745 843; baseline -0.001 -14"><span class='ocrx_word' id='word_1_69' title='bbox 431 807 503 830; x_wconf 85' lang='lat' dir='ltr'><em>non</em></span> <span class='ocrx_word' id='word_1_70' title='bbox 525 794 795 830; x_wconf 80' lang='lat' dir='ltr'><em>iudicaverunt</em></span> <span class='ocrx_word' id='word_1_71' title='bbox 818 794 930 830; x_wconf 88' lang='lat' dir='ltr'><em>male.</em></span> <span class='ocrx_word' id='word_1_72' title='bbox 961 794 1057 838; x_wconf 79' lang='lat' dir='ltr'><em>Quis</em></span> <span class='ocrx_word' id='word_1_73' title='bbox 1079 794 1175 830; x_wconf 86' lang='lat' dir='ltr'><em>enim</em></span> <span class='ocrx_word' id='word_1_74' title='bbox 1199 794 1445 843; x_wconf 79' lang='lat' dir='ltr'><em>consequitur</em></span> <span class='ocrx_word' id='word_1_75' title='bbox 1459 793 1745 843; x_wconf 79' lang='lat' dir='ltr'><em>indulgenciam</em></span> 
     </span>
     <span class='ocr_line' id='line_1_11' title="bbox 430 851 1749 901; baseline -0.002 -13"><span class='ocrx_word' id='word_1_76' title='bbox 430 853 525 888; x_wconf 91' lang='lat' dir='ltr'><em>mali</em></span> <span class='ocrx_word' id='word_1_77' title='bbox 565 853 625 888; x_wconf 89' lang='lat' dir='ltr'><em>sui</em></span> <span class='ocrx_word' id='word_1_78' title='bbox 656 853 819 901; x_wconf 88' lang='lat' dir='ltr'><em>prioris,</em></span> <span class='ocrx_word' id='word_1_79' title='bbox 859 852 946 901; x_wconf 83' lang='lat' dir='ltr'><em>quia</em></span> <span class='ocrx_word' id='word_1_80' title='bbox 991 864 1064 888; x_wconf 92' lang='lat' dir='ltr'><em>non</em></span> <span class='ocrx_word' id='word_1_81' title='bbox 1103 852 1254 888; x_wconf 88' lang='lat' dir='ltr'><em>addidit</em></span> <span class='ocrx_word' id='word_1_82' title='bbox 1291 859 1327 887; x_wconf 95' lang='lat' dir='ltr'><em>et</em></span> <span class='ocrx_word' id='word_1_83' title='bbox 1364 852 1531 888; x_wconf 86' lang='lat' dir='ltr'><em>alterum</em></span> <span class='ocrx_word' id='word_1_84' title='bbox 1571 851 1749 887; x_wconf 76' lang='lat' dir='ltr'><em>malum?</em></span> 
     </span>
     <span class='ocr_line' id='line_1_12' title="bbox 435 908 1748 960; baseline -0.002 -13"><span class='ocrx_word' id='word_1_85' title='bbox 435 910 550 947; x_wconf 86' lang='lat' dir='ltr'><em>Certe</em></span> <span class='ocrx_word' id='word_1_86' title='bbox 587 911 621 947; x_wconf 88' lang='lat' dir='ltr'><em>si</em></span> <span class='ocrx_word' id='word_1_87' title='bbox 651 911 687 946; x_wconf 95' lang='lat' dir='ltr'><em>in</em></span> <span class='ocrx_word' id='word_1_88' title='bbox 719 923 759 947; x_wconf 91' lang='lat' dir='ltr'><em>se</em></span> <span class='ocrx_word' id='word_1_89' title='bbox 786 918 992 960; x_wconf 80' lang='lat' dir='ltr'><em>peccantes</em></span> <span class='ocrx_word' id='word_1_90' title='bbox 1024 922 1096 946; x_wconf 91' lang='lat' dir='ltr'><em>non</em></span> <span class='ocrx_word' id='word_1_91' title='bbox 1130 910 1400 958; x_wconf 81' lang='lat' dir='ltr'><em>iudicaverint,</em></span> <span class='ocrx_word' id='word_1_92' title='bbox 1440 922 1507 946; x_wconf 86' lang='lat' dir='ltr'><em>nec</em></span> <span class='ocrx_word' id='word_1_93' title='bbox 1547 909 1621 959; x_wconf 90' lang='lat' dir='ltr'><em>ipsi</em></span> <span class='ocrx_word' id='word_1_94' title='bbox 1651 908 1748 944; x_wconf 86' lang='lat' dir='ltr'><em>iudi-</em></span> 
     </span>
     <span class='ocr_line' id='line_1_13' title="bbox 430 969 1202 1018; baseline -0.003 -13"><span class='ocrx_word' id='word_1_95' title='bbox 430 969 623 1005; x_wconf 84' lang='lat' dir='ltr'><em>cabuntur</em></span> <span class='ocrx_word' id='word_1_96' title='bbox 655 982 677 1004; x_wconf 89' lang='lat' dir='ltr'><em>a</em></span> <span class='ocrx_word' id='word_1_97' title='bbox 709 969 795 1005; x_wconf 87' lang='lat' dir='ltr'><em>Deo</em></span> <span class='ocrx_word' id='word_1_98' title='bbox 822 981 899 1018; x_wconf 87' lang='lat' dir='ltr'><em>pro</em></span> <span class='ocrx_word' id='word_1_99' title='bbox 931 981 1000 1005; x_wconf 92' lang='lat' dir='ltr'><em>suo</em></span> <span class='ocrx_word' id='word_1_100' title='bbox 1028 975 1202 1018; x_wconf 89' lang='lat' dir='ltr'><em>peccato.</em></span> 
     </span>
    </p>

    <p class='ocr_par' dir='ltr' id='par_1_3' title="bbox 140 1025 1750 1206">
     <span class='ocr_line' id='line_1_14' title="bbox 176 1025 1748 1079; baseline -0.003 -15"><span class='ocrx_word' id='word_1_101' title='bbox 176 1030 254 1079; x_wconf 68' lang='lat' dir='ltr'><em>T13is</em></span> <span class='ocrx_word' id='word_1_102' title='bbox 274 1035 337 1059; x_wconf 86' lang='lat' dir='ltr'><em>text</em></span> <span class='ocrx_word' id='word_1_103' title='bbox 355 1031 381 1058; x_wconf 84' lang='lat' dir='ltr'><em>is</em></span> <span class='ocrx_word' id='word_1_104' title='bbox 488 1027 573 1064; x_wconf 90' lang='lat' dir='ltr'><em>Hec</em></span> <span class='ocrx_word' id='word_1_105' title='bbox 611 1027 794 1074; x_wconf 85' lang='lat' dir='ltr'><em>diximus,</em></span> <span class='ocrx_word' id='word_1_106' title='bbox 834 1027 1004 1063; x_wconf 83' lang='lat' dir='ltr'><em>volentes</em></span> <span class='ocrx_word' id='word_1_107' title='bbox 1036 1027 1238 1063; x_wconf 86' lang='lat' dir='ltr'><em>ostendere</em></span> <span class='ocrx_word' id='word_1_108' title='bbox 1275 1025 1361 1075; x_wconf 80' lang='lat' dir='ltr'><em>quia</em></span> <span class='ocrx_word' id='word_1_109' title='bbox 1406 1025 1467 1062; x_wconf 84' lang='lat' dir='ltr'><em>hic</em></span> <span class='ocrx_word' id='word_1_110' title='bbox 1503 1037 1631 1062; x_wconf 88' lang='lat' dir='ltr'><em>sermo</em></span> <span class='ocrx_word' id='word_1_111' title='bbox 1676 1036 1748 1060; x_wconf 90' lang='lat' dir='ltr'><em>non</em></span> 
     </span>
     <span class='ocr_line' id='line_1_15' title="bbox 140 1066 1748 1135; baseline -0.002 -13"><span class='ocrx_word' id='word_1_112' title='bbox 140 1066 418 1135; x_wconf 45' lang='grc' dir='ltr'><em>ῗηῆῗέῗῖῃοξέὲῑῖῑῖἳ</em></span> <span class='ocrx_word' id='word_1_113' title='bbox 431 1092 487 1121; x_wconf 89' lang='lat' dir='ltr'><em>est</em></span> <span class='ocrx_word' id='word_1_114' title='bbox 524 1085 677 1135; x_wconf 91' lang='lat' dir='ltr'><em>positus</em></span> <span class='ocrx_word' id='word_1_115' title='bbox 721 1086 768 1121; x_wconf 90' lang='lat' dir='ltr'><em>de</em></span> <span class='ocrx_word' id='word_1_116' title='bbox 800 1085 999 1134; x_wconf 84' lang='lat' dir='ltr'><em>proximis</em></span> <span class='ocrx_word' id='word_1_117' title='bbox 1036 1096 1110 1120; x_wconf 88' lang='lat' dir='ltr'><em>non</em></span> <span class='ocrx_word' id='word_1_118' title='bbox 1148 1084 1365 1120; x_wconf 89' lang='lat' dir='ltr'><em>iudicandis</em></span> <span class='ocrx_word' id='word_1_119' title='bbox 1408 1084 1473 1132; x_wconf 83' lang='lat' dir='ltr'><em>qui</em></span> <span class='ocrx_word' id='word_1_120' title='bbox 1504 1089 1668 1133; x_wconf 90' lang='lat' dir='ltr'><em>peccant</em></span> <span class='ocrx_word' id='word_1_121' title='bbox 1711 1082 1748 1118; x_wconf 92' lang='lat' dir='ltr'><em>in</em></span> 
     </span>
     <span class='ocr_line' id='line_1_16' title="bbox 144 1136 1750 1206; baseline -0.002 -26"><span class='ocrx_word' id='word_1_122' title='bbox 144 1136 409 1206; x_wconf 46' lang='lat' dir='ltr'><em>sinffi’rsngigfflmt</em></span> <span class='ocrx_word' id='word_1_123' title='bbox 432 1144 557 1179; x_wconf 91' lang='lat' dir='ltr'><em>Deum</em></span> <span class='ocrx_word' id='word_1_124' title='bbox 602 1143 670 1179; x_wconf 90' lang='lat' dir='ltr'><em>sed</em></span> <span class='ocrx_word' id='word_1_125' title='bbox 708 1143 754 1178; x_wconf 92' lang='lat' dir='ltr'><em>de</em></span> <span class='ocrx_word' id='word_1_126' title='bbox 791 1143 844 1179; x_wconf 88' lang='lat' dir='ltr'><em>eis</em></span> <span class='ocrx_word' id='word_1_127' title='bbox 882 1143 947 1191; x_wconf 81' lang='lat' dir='ltr'><em>qui</em></span> <span class='ocrx_word' id='word_1_128' title='bbox 985 1143 1020 1178; x_wconf 89' lang='lat' dir='ltr'><em>in</em></span> <span class='ocrx_word' id='word_1_129' title='bbox 1060 1155 1129 1179; x_wconf 89' lang='lat' dir='ltr'><em>nos</em></span> <span class='ocrx_word' id='word_1_130' title='bbox 1162 1148 1338 1191; x_wconf 86' lang='lat' dir='ltr'><em>peccant.</em></span> <span class='ocrx_word' id='word_1_131' title='bbox 1384 1142 1488 1186; x_wconf 82' lang='lat' dir='ltr'><em>Quid</em></span> <span class='ocrx_word' id='word_1_132' title='bbox 1525 1154 1623 1191; x_wconf 81' lang='lat' dir='ltr'><em>ergo</em></span> <span class='ocrx_word' id='word_1_133' title='bbox 1663 1140 1750 1176; x_wconf 81' lang='lat' dir='ltr'><em>est?</em></span> 
     </span>
    </p>

    <p class='ocr_par' dir='ltr' id='par_1_4' title="bbox 242 1197 1754 2413">
     <span class='ocr_line' id='line_1_17' title="bbox 242 1197 1752 1251; baseline -0.003 -13"><span class='ocrx_word' id='word_1_134' title='bbox 242 1205 323 1233; x_wconf 87' lang='lat' dir='ltr'><em>God·</em></span> <span class='ocrx_word' id='word_1_135' title='bbox 436 1201 561 1250; x_wconf 79' lang='lat' dir='ltr'><em>Usque</em></span> <span class='ocrx_word' id='word_1_136' title='bbox 583 1214 680 1238; x_wconf 90' lang='lat' dir='ltr'><em>nunc</em></span> <span class='ocrx_word' id='word_1_137' title='bbox 702 1201 882 1251; x_wconf 84' lang='lat' dir='ltr'><em>exposuit</em></span> <span class='ocrx_word' id='word_1_138' title='bbox 910 1201 1223 1250; x_wconf 78' lang='lat' dir='ltr'><em>consequenciam</em></span> <span class='ocrx_word' id='word_1_139' title='bbox 1254 1200 1306 1236; x_wconf 89' lang='lat' dir='ltr'><em>ad</em></span> <span class='ocrx_word' id='word_1_140' title='bbox 1333 1200 1524 1236; x_wconf 90' lang='lat' dir='ltr'><em>iusticiam</em></span> <span class='ocrx_word' id='word_1_141' title='bbox 1547 1197 1752 1236; x_wconf 85' lang='lat' dir='ltr'><em>elemosine</em></span> 
     </span>
     <span class='ocr_line' id='line_1_18' title="bbox 426 1257 1749 1309; baseline -0.003 -13"><span class='ocrx_word' id='word_1_142' title='bbox 426 1260 707 1309; x_wconf 83' lang='lat' dir='ltr'><em>pertinentem:</em></span> <span class='ocrx_word' id='word_1_143' title='bbox 738 1272 836 1296; x_wconf 88' lang='lat' dir='ltr'><em>nunc</em></span> <span class='ocrx_word' id='word_1_144' title='bbox 868 1266 995 1295; x_wconf 89' lang='lat' dir='ltr'><em>autem</em></span> <span class='ocrx_word' id='word_1_145' title='bbox 1028 1259 1159 1309; x_wconf 86' lang='lat' dir='ltr'><em>incipit</em></span> <span class='ocrx_word' id='word_1_146' title='bbox 1191 1270 1389 1308; x_wconf 88' lang='lat' dir='ltr'><em>exponere</em></span> <span class='ocrx_word' id='word_1_147' title='bbox 1420 1257 1749 1307; x_wconf 82' lang='lat' dir='ltr'><em>consequenciam,</em></span> 
     </span>
     <span class='ocr_line' id='line_1_19' title="bbox 431 1314 1748 1367; baseline -0.003 -13"><span class='ocrx_word' id='word_1_148' title='bbox 431 1319 483 1354; x_wconf 86' lang='lat' dir='ltr'><em>ad</em></span> <span class='ocrx_word' id='word_1_149' title='bbox 520 1318 710 1354; x_wconf 89' lang='lat' dir='ltr'><em>iusticiam</em></span> <span class='ocrx_word' id='word_1_150' title='bbox 744 1317 938 1354; x_wconf 89' lang='lat' dir='ltr'><em>oracionis</em></span> <span class='ocrx_word' id='word_1_151' title='bbox 976 1316 1255 1367; x_wconf 86' lang='lat' dir='ltr'><em>respicientem.</em></span> <span class='ocrx_word' id='word_1_152' title='bbox 1296 1316 1349 1352; x_wconf 89' lang='lat' dir='ltr'><em>Et</em></span> <span class='ocrx_word' id='word_1_153' title='bbox 1380 1323 1436 1352; x_wconf 88' lang='lat' dir='ltr'><em>est</em></span> <span class='ocrx_word' id='word_1_154' title='bbox 1469 1317 1536 1352; x_wconf 83' lang='lat' dir='ltr'><em>hec</em></span> <span class='ocrx_word' id='word_1_155' title='bbox 1568 1314 1748 1352; x_wconf 89' lang='lat' dir='ltr'><em>doctrina</em></span> 
     </span>
     <span class='ocr_line' id='line_1_20' title="bbox 432 1372 1749 1425; baseline -0.003 -13"><span class='ocrx_word' id='word_1_156' title='bbox 432 1377 718 1425; x_wconf 83' lang='lat' dir='ltr'><em>quodammodo</em></span> <span class='ocrx_word' id='word_1_157' title='bbox 769 1375 889 1425; x_wconf 89' lang='lat' dir='ltr'><em>ipsius</em></span> <span class='ocrx_word' id='word_1_158' title='bbox 928 1388 1027 1425; x_wconf 86' lang='lat' dir='ltr'><em>pars</em></span> <span class='ocrx_word' id='word_1_159' title='bbox 1070 1375 1276 1420; x_wconf 85' lang='lat' dir='ltr'><em>oracionis,</em></span> <span class='ocrx_word' id='word_1_160' title='bbox 1329 1381 1370 1410; x_wconf 89' lang='lat' dir='ltr'><em>ut</em></span> <span class='ocrx_word' id='word_1_161' title='bbox 1414 1374 1465 1410; x_wconf 89' lang='lat' dir='ltr'><em>sit</em></span> <span class='ocrx_word' id='word_1_162' title='bbox 1511 1373 1600 1410; x_wconf 87' lang='lat' dir='ltr'><em>talis</em></span> <span class='ocrx_word' id='word_1_163' title='bbox 1651 1372 1749 1409; x_wconf 90' lang='lat' dir='ltr'><em>ordo</em></span> 
     </span>
     <span class='ocr_line' id='line_1_21' title="bbox 433 1432 1750 1479; baseline -0.003 -9"><span class='ocrx_word' id='word_1_164' title='bbox 433 1434 697 1471; x_wconf 87' lang='lat' dir='ltr'><em>narracionis:</em></span> <span class='ocrx_word' id='word_1_165' title='bbox 735 1432 790 1471; x_wconf 88' lang='lat' dir='ltr'><em>Et</em></span> <span class='ocrx_word' id='word_1_166' title='bbox 822 1433 973 1469; x_wconf 87' lang='lat' dir='ltr'><em>dimitte</em></span> <span class='ocrx_word' id='word_1_167' title='bbox 1004 1433 1111 1469; x_wconf 86' lang='lat' dir='ltr'><em>nobis</em></span> <span class='ocrx_word' id='word_1_168' title='bbox 1143 1432 1270 1469; x_wconf 88' lang='lat' dir='ltr'><em>debita</em></span> <span class='ocrx_word' id='word_1_169' title='bbox 1303 1440 1453 1479; x_wconf 89' lang='lat' dir='ltr'><em>nostra,</em></span> <span class='ocrx_word' id='word_1_170' title='bbox 1484 1432 1584 1468; x_wconf 88' lang='lat' dir='ltr'><em>sicut</em></span> <span class='ocrx_word' id='word_1_171' title='bbox 1615 1438 1650 1467; x_wconf 90' lang='lat' dir='ltr'><em>et</em></span> <span class='ocrx_word' id='word_1_172' title='bbox 1682 1443 1750 1467; x_wconf 87' lang='lat' dir='ltr'><em>nos</em></span> 
     </span>
     <span class='ocr_line' id='line_1_22' title="bbox 433 1488 1750 1529; baseline -0.003 -1"><span class='ocrx_word' id='word_1_173' title='bbox 433 1493 663 1529; x_wconf 80' lang='lat' dir='ltr'><em>dimittimus</em></span> <span class='ocrx_word' id='word_1_174' title='bbox 715 1492 952 1528; x_wconf 82' lang='lat' dir='ltr'><em>debitoribus</em></span> <span class='ocrx_word' id='word_1_175' title='bbox 995 1491 1151 1529; x_wconf 89' lang='lat' dir='ltr'><em>nostris.</em></span> <span class='ocrx_word' id='word_1_176' title='bbox 1204 1491 1258 1527; x_wconf 85' lang='lat' dir='ltr'><em>Et</em></span> <span class='ocrx_word' id='word_1_177' title='bbox 1309 1503 1354 1527; x_wconf 88' lang='lat' dir='ltr'><em>ne</em></span> <span class='ocrx_word' id='word_1_178' title='bbox 1397 1503 1464 1527; x_wconf 89' lang='lat' dir='ltr'><em>nos</em></span> <span class='ocrx_word' id='word_1_179' title='bbox 1508 1490 1669 1526; x_wconf 86' lang='lat' dir='ltr'><em>inducas</em></span> <span class='ocrx_word' id='word_1_180' title='bbox 1713 1488 1750 1524; x_wconf 91' lang='lat' dir='ltr'><em>in</em></span> 
     </span>
     <span class='ocr_line' id='line_1_23' title="bbox 431 1548 1752 1601; baseline -0.004 -14"><span class='ocrx_word' id='word_1_181' title='bbox 431 1551 723 1601; x_wconf 85' lang='lat' dir='ltr'><em>temptacionem</em></span> <span class='ocrx_word' id='word_1_182' title='bbox 754 1551 823 1587; x_wconf 88' lang='lat' dir='ltr'><em>sed</em></span> <span class='ocrx_word' id='word_1_183' title='bbox 855 1550 976 1586; x_wconf 85' lang='lat' dir='ltr'><em>libera</em></span> <span class='ocrx_word' id='word_1_184' title='bbox 1013 1562 1082 1586; x_wconf 91' lang='lat' dir='ltr'><em>nos</em></span> <span class='ocrx_word' id='word_1_185' title='bbox 1112 1562 1134 1585; x_wconf 89' lang='lat' dir='ltr'><em>a</em></span> <span class='ocrx_word' id='word_1_186' title='bbox 1167 1549 1284 1587; x_wconf 87' lang='lat' dir='ltr'><em>malo.</em></span> <span class='ocrx_word' id='word_1_187' title='bbox 1327 1549 1457 1585; x_wconf 91' lang='lat' dir='ltr'><em>Nolite</em></span> <span class='ocrx_word' id='word_1_188' title='bbox 1488 1548 1675 1594; x_wconf 88' lang='lat' dir='ltr'><em>iudicare,</em></span> <span class='ocrx_word' id='word_1_189' title='bbox 1711 1554 1752 1582; x_wconf 85' lang='lat' dir='ltr'><em>ut</em></span> 
     </span>
     <span class='ocr_line' id='line_1_24' title="bbox 433 1606 1750 1657; baseline -0.003 -12"><span class='ocrx_word' id='word_1_190' title='bbox 433 1621 505 1645; x_wconf 89' lang='lat' dir='ltr'><em>non</em></span> <span class='ocrx_word' id='word_1_191' title='bbox 550 1609 788 1653; x_wconf 83' lang='lat' dir='ltr'><em>iudicenzini,·</em></span> <span class='ocrx_word' id='word_1_192' title='bbox 834 1608 899 1657; x_wconf 81' lang='lat' dir='ltr'><em>qui</em></span> <span class='ocrx_word' id='word_1_193' title='bbox 939 1608 1037 1644; x_wconf 89' lang='lat' dir='ltr'><em>enim</em></span> <span class='ocrx_word' id='word_1_194' title='bbox 1076 1620 1149 1643; x_wconf 84' lang='lat' dir='ltr'><em>non</em></span> <span class='ocrx_word' id='word_1_195' title='bbox 1186 1607 1332 1643; x_wconf 90' lang='lat' dir='ltr'><em>iudicat</em></span> <span class='ocrx_word' id='word_1_196' title='bbox 1364 1606 1594 1656; x_wconf 88' lang='lat' dir='ltr'><em>proximum</em></span> <span class='ocrx_word' id='word_1_197' title='bbox 1638 1617 1750 1642; x_wconf 87' lang='lat' dir='ltr'><em>suum</em></span> 
     </span>
     <span class='ocr_line' id='line_1_25' title="bbox 428 1664 1751 1717; baseline -0.004 -13"><span class='ocrx_word' id='word_1_198' title='bbox 428 1674 597 1717; x_wconf 86' lang='lat' dir='ltr'><em>propter</em></span> <span class='ocrx_word' id='word_1_199' title='bbox 624 1674 827 1716; x_wconf 87' lang='lat' dir='ltr'><em>peccatum</em></span> <span class='ocrx_word' id='word_1_200' title='bbox 867 1666 969 1715; x_wconf 83' lang='lat' dir='ltr'><em>quod</em></span> <span class='ocrx_word' id='word_1_201' title='bbox 989 1665 1092 1715; x_wconf 89' lang='lat' dir='ltr'><em>fecit</em></span> <span class='ocrx_word' id='word_1_202' title='bbox 1130 1665 1167 1700; x_wconf 86' lang='lat' dir='ltr'><em>in</em></span> <span class='ocrx_word' id='word_1_203' title='bbox 1207 1665 1348 1714; x_wconf 83' lang='lat' dir='ltr'><em>ipsum,</em></span> <span class='ocrx_word' id='word_1_204' title='bbox 1392 1665 1502 1700; x_wconf 91' lang='lat' dir='ltr'><em>illum</em></span> <span class='ocrx_word' id='word_1_205' title='bbox 1543 1676 1610 1700; x_wconf 87' lang='lat' dir='ltr'><em>nec</em></span> <span class='ocrx_word' id='word_1_206' title='bbox 1642 1664 1751 1699; x_wconf 79' lang='lat' dir='ltr'><em>Deus</em></span> 
     </span>
     <span class='ocr_line' id='line_1_26' title="bbox 433 1720 1752 1774; baseline -0.004 -13"><span class='ocrx_word' id='word_1_207' title='bbox 433 1726 578 1761; x_wconf 88' lang='lat' dir='ltr'><em>iudicat</em></span> <span class='ocrx_word' id='word_1_208' title='bbox 594 1732 763 1774; x_wconf 90' lang='lat' dir='ltr'><em>propter</em></span> <span class='ocrx_word' id='word_1_209' title='bbox 780 1731 984 1774; x_wconf 86' lang='lat' dir='ltr'><em>peccatum</em></span> <span class='ocrx_word' id='word_1_210' title='bbox 1007 1724 1109 1773; x_wconf 80' lang='lat' dir='ltr'><em>quod</em></span> <span class='ocrx_word' id='word_1_211' title='bbox 1130 1723 1232 1772; x_wconf 88' lang='lat' dir='ltr'><em>fecit</em></span> <span class='ocrx_word' id='word_1_212' title='bbox 1260 1723 1296 1758; x_wconf 86' lang='lat' dir='ltr'><em>in</em></span> <span class='ocrx_word' id='word_1_213' title='bbox 1326 1723 1464 1772; x_wconf 90' lang='lat' dir='ltr'><em>ipsum,</em></span> <span class='ocrx_word' id='word_1_214' title='bbox 1494 1723 1562 1758; x_wconf 88' lang='lat' dir='ltr'><em>sed</em></span> <span class='ocrx_word' id='word_1_215' title='bbox 1592 1720 1752 1757; x_wconf 86' lang='lat' dir='ltr'><em>dimittit</em></span> 
     </span>
     <span class='ocr_line' id='line_1_27' title="bbox 434 1779 1749 1831; baseline -0.004 -11"><span class='ocrx_word' id='word_1_216' title='bbox 434 1784 542 1820; x_wconf 85' lang='lat' dir='ltr'><em>Deus</em></span> <span class='ocrx_word' id='word_1_217' title='bbox 575 1784 742 1819; x_wconf 81' lang='lat' dir='ltr'><em>debitum</em></span> <span class='ocrx_word' id='word_1_218' title='bbox 775 1783 867 1829; x_wconf 91' lang='lat' dir='ltr'><em>eius,</em></span> <span class='ocrx_word' id='word_1_219' title='bbox 898 1782 997 1818; x_wconf 86' lang='lat' dir='ltr'><em>sicut</em></span> <span class='ocrx_word' id='word_1_220' title='bbox 1028 1789 1063 1818; x_wconf 90' lang='lat' dir='ltr'><em>et</em></span> <span class='ocrx_word' id='word_1_221' title='bbox 1095 1781 1176 1831; x_wconf 85' lang='lat' dir='ltr'><em>ipse</em></span> <span class='ocrx_word' id='word_1_222' title='bbox 1208 1781 1352 1817; x_wconf 90' lang='lat' dir='ltr'><em>dimisit</em></span> <span class='ocrx_word' id='word_1_223' title='bbox 1391 1780 1627 1817; x_wconf 83' lang='lat' dir='ltr'><em>debitoribus</em></span> <span class='ocrx_word' id='word_1_224' title='bbox 1658 1779 1749 1815; x_wconf 89' lang='lat' dir='ltr'><em>suis.</em></span> 
     </span>
     <span class='ocr_line' id='line_1_28' title="bbox 434 1839 1750 1889; baseline -0.003 -12"><span class='ocrx_word' id='word_1_225' title='bbox 434 1842 542 1878; x_wconf 89' lang='lat' dir='ltr'><em>Sicut</em></span> <span class='ocrx_word' id='word_1_226' title='bbox 579 1849 705 1878; x_wconf 88' lang='lat' dir='ltr'><em>autem</em></span> <span class='ocrx_word' id='word_1_227' title='bbox 746 1840 945 1877; x_wconf 74' lang='lat' dir='ltr'><em>mandavit</em></span> <span class='ocrx_word' id='word_1_228' title='bbox 976 1847 1105 1876; x_wconf 90' lang='lat' dir='ltr'><em>cetera</em></span> <span class='ocrx_word' id='word_1_229' title='bbox 1146 1839 1327 1875; x_wconf 79' lang='lat' dir='ltr'><em>universa</em></span> <span class='ocrx_word' id='word_1_230' title='bbox 1363 1839 1548 1874; x_wconf 91' lang='lat' dir='ltr'><em>mandata</em></span> <span class='ocrx_word' id='word_1_231' title='bbox 1581 1849 1750 1889; x_wconf 79' lang='lat' dir='ltr'><em>genera-</em></span> 
     </span>
     <span class='ocr_line' id='line_1_29' title="bbox 434 1897 1749 1946; baseline -0.004 -10"><span class='ocrx_word' id='word_1_232' title='bbox 434 1899 524 1936; x_wconf 89' lang='lat' dir='ltr'><em>liter</em></span> <span class='ocrx_word' id='word_1_233' title='bbox 546 1900 690 1936; x_wconf 89' lang='lat' dir='ltr'><em>cunctis</em></span> <span class='ocrx_word' id='word_1_234' title='bbox 718 1907 795 1935; x_wconf 92' lang='lat' dir='ltr'><em>tam</em></span> <span class='ocrx_word' id='word_1_235' title='bbox 826 1898 1092 1935; x_wconf 83' lang='lat' dir='ltr'><em>sacerdotibus</em></span> <span class='ocrx_word' id='word_1_236' title='bbox 1121 1909 1236 1946; x_wconf 82' lang='lat' dir='ltr'><em>quam</em></span> <span class='ocrx_word' id='word_1_237' title='bbox 1260 1897 1390 1933; x_wconf 90' lang='lat' dir='ltr'><em>laicis:</em></span> <span class='ocrx_word' id='word_1_238' title='bbox 1414 1897 1601 1946; x_wconf 85' lang='lat' dir='ltr'><em>precipue</em></span> <span class='ocrx_word' id='word_1_239' title='bbox 1622 1903 1749 1931; x_wconf 86' lang='lat' dir='ltr'><em>tamen</em></span> 
     </span>
     <span class='ocr_line' id='line_1_30' title="bbox 434 1955 1746 2007; baseline -0.004 -13"><span class='ocrx_word' id='word_1_240' title='bbox 434 1958 668 2005; x_wconf 86' lang='lat' dir='ltr'><em>doctoribus,</em></span> <span class='ocrx_word' id='word_1_241' title='bbox 699 1957 788 2007; x_wconf 81' lang='lat' dir='ltr'><em>quia</em></span> <span class='ocrx_word' id='word_1_242' title='bbox 809 1964 950 2006; x_wconf 81' lang='lat' dir='ltr'><em>quanto</em></span> <span class='ocrx_word' id='word_1_243' title='bbox 973 1956 1142 1992; x_wconf 86' lang='lat' dir='ltr'><em>maiores</em></span> <span class='ocrx_word' id='word_1_244' title='bbox 1172 1962 1260 1992; x_wconf 90' lang='lat' dir='ltr'><em>sunt</em></span> <span class='ocrx_word' id='word_1_245' title='bbox 1282 1955 1317 1991; x_wconf 89' lang='lat' dir='ltr'><em>in</em></span> <span class='ocrx_word' id='word_1_246' title='bbox 1348 1955 1495 2002; x_wconf 90' lang='lat' dir='ltr'><em>ordine,</em></span> <span class='ocrx_word' id='word_1_247' title='bbox 1528 1962 1635 1990; x_wconf 91' lang='lat' dir='ltr'><em>tanto</em></span> <span class='ocrx_word' id='word_1_248' title='bbox 1653 1965 1746 2003; x_wconf 89' lang='lat' dir='ltr'><em>per-</em></span> 
     </span>
     <span class='ocr_line' id='line_1_31' title="bbox 424 2012 1749 2064; baseline -0.004 -12"><span class='ocrx_word' id='word_1_249' title='bbox 424 2016 623 2064; x_wconf 86' lang='lat' dir='ltr'><em>fecciores</em></span> <span class='ocrx_word' id='word_1_250' title='bbox 655 2016 790 2051; x_wconf 83' lang='lat' dir='ltr'><em>dehent</em></span> <span class='ocrx_word' id='word_1_251' title='bbox 823 2027 905 2051; x_wconf 89' lang='lat' dir='ltr'><em>esse</em></span> <span class='ocrx_word' id='word_1_252' title='bbox 936 2015 971 2050; x_wconf 87' lang='lat' dir='ltr'><em>in</em></span> <span class='ocrx_word' id='word_1_253' title='bbox 1006 2013 1230 2064; x_wconf 87' lang='lat' dir='ltr'><em>disciplina:</em></span> <span class='ocrx_word' id='word_1_254' title='bbox 1266 2013 1322 2050; x_wconf 91' lang='lat' dir='ltr'><em>sic</em></span> <span class='ocrx_word' id='word_1_255' title='bbox 1354 2020 1389 2049; x_wconf 90' lang='lat' dir='ltr'><em>et</em></span> <span class='ocrx_word' id='word_1_256' title='bbox 1421 2014 1491 2049; x_wconf 84' lang='lat' dir='ltr'><em>hoc</em></span> <span class='ocrx_word' id='word_1_257' title='bbox 1524 2012 1749 2049; x_wconf 88' lang='lat' dir='ltr'><em>mandatum</em></span> 
     </span>
     <span class='ocr_line' id='line_1_32' title="bbox 435 2069 1750 2123; baseline -0.004 -13"><span class='ocrx_word' id='word_1_258' title='bbox 435 2074 482 2110; x_wconf 87' lang='lat' dir='ltr'><em>de</em></span> <span class='ocrx_word' id='word_1_259' title='bbox 514 2074 714 2123; x_wconf 87' lang='lat' dir='ltr'><em>proximis</em></span> <span class='ocrx_word' id='word_1_260' title='bbox 751 2085 823 2109; x_wconf 91' lang='lat' dir='ltr'><em>non</em></span> <span class='ocrx_word' id='word_1_261' title='bbox 862 2073 1080 2109; x_wconf 89' lang='lat' dir='ltr'><em>iudicandis</em></span> <span class='ocrx_word' id='word_1_262' title='bbox 1117 2072 1169 2108; x_wconf 89' lang='lat' dir='ltr'><em>ad</em></span> <span class='ocrx_word' id='word_1_263' title='bbox 1207 2084 1338 2108; x_wconf 87' lang='lat' dir='ltr'><em>omnes</em></span> <span class='ocrx_word' id='word_1_264' title='bbox 1376 2071 1526 2120; x_wconf 81' lang='lat' dir='ltr'><em>quidem</em></span> <span class='ocrx_word' id='word_1_265' title='bbox 1568 2069 1750 2120; x_wconf 87' lang='lat' dir='ltr'><em>pertinet,</em></span> 
     </span>
     <span class='ocr_line' id='line_1_33' title="bbox 429 2127 1754 2181; baseline -0.004 -13"><span class='ocrx_word' id='word_1_266' title='bbox 429 2132 616 2181; x_wconf 87' lang='lat' dir='ltr'><em>precipue</em></span> <span class='ocrx_word' id='word_1_267' title='bbox 651 2139 778 2168; x_wconf 87' lang='lat' dir='ltr'><em>tamen</em></span> <span class='ocrx_word' id='word_1_268' title='bbox 817 2132 869 2166; x_wconf 91' lang='lat' dir='ltr'><em>ad</em></span> <span class='ocrx_word' id='word_1_269' title='bbox 907 2132 1097 2167; x_wconf 90' lang='lat' dir='ltr'><em>doctores.</em></span> <span class='ocrx_word' id='word_1_270' title='bbox 1149 2130 1256 2166; x_wconf 88' lang='lat' dir='ltr'><em>Unde</em></span> <span class='ocrx_word' id='word_1_271' title='bbox 1293 2130 1566 2165; x_wconf 85' lang='lat' dir='ltr'><em>mandatorum</em></span> <span class='ocrx_word' id='word_1_272' title='bbox 1605 2127 1754 2164; x_wconf 84' lang='lat' dir='ltr'><em>Christi</em></span> 
     </span>
     <span class='ocr_line' id='line_1_34' title="bbox 434 2186 1751 2239; baseline -0.004 -13"><span class='ocrx_word' id='word_1_273' title='bbox 434 2191 598 2239; x_wconf 84' lang='lat' dir='ltr'><em>quedam</em></span> <span class='ocrx_word' id='word_1_274' title='bbox 628 2197 717 2226; x_wconf 89' lang='lat' dir='ltr'><em>sunt</em></span> <span class='ocrx_word' id='word_1_275' title='bbox 738 2202 808 2239; x_wconf 82' lang='lat' dir='ltr'><em>que</em></span> <span class='ocrx_word' id='word_1_276' title='bbox 835 2189 869 2225; x_wconf 85' lang='lat' dir='ltr'><em>si</em></span> <span class='ocrx_word' id='word_1_277' title='bbox 889 2189 1098 2239; x_wconf 77' lang='lat' dir='ltr'><em>diligenter</em></span> <span class='ocrx_word' id='word_1_278' title='bbox 1120 2188 1286 2237; x_wconf 87' lang='lat' dir='ltr'><em>aspicias</em></span> <span class='ocrx_word' id='word_1_279' title='bbox 1303 2199 1402 2237; x_wconf 87' lang='lat' dir='ltr'><em>pene</em></span> <span class='ocrx_word' id='word_1_280' title='bbox 1424 2199 1490 2223; x_wconf 87' lang='lat' dir='ltr'><em>nec</em></span> <span class='ocrx_word' id='word_1_281' title='bbox 1523 2186 1751 2223; x_wconf 86' lang='lat' dir='ltr'><em>conveniunt</em></span> 
     </span>
     <span class='ocr_line' id='line_1_35' title="bbox 435 2244 1751 2297; baseline -0.004 -13"><span class='ocrx_word' id='word_1_282' title='bbox 435 2248 557 2293; x_wconf 83' lang='lat' dir='ltr'><em>laicis,</em></span> <span class='ocrx_word' id='word_1_283' title='bbox 601 2248 675 2284; x_wconf 85' lang='lat' dir='ltr'><em>nisi</em></span> <span class='ocrx_word' id='word_1_284' title='bbox 699 2249 814 2297; x_wconf 88' lang='lat' dir='ltr'><em>sorte</em></span> <span class='ocrx_word' id='word_1_285' title='bbox 845 2260 921 2297; x_wconf 88' lang='lat' dir='ltr'><em>per</em></span> <span class='ocrx_word' id='word_1_286' title='bbox 965 2247 1054 2291; x_wconf 80' lang='lat' dir='ltr'><em>vim,</em></span> <span class='ocrx_word' id='word_1_287' title='bbox 1100 2246 1322 2282; x_wconf 87' lang='lat' dir='ltr'><em>doctoribus</em></span> <span class='ocrx_word' id='word_1_288' title='bbox 1359 2253 1485 2281; x_wconf 87' lang='lat' dir='ltr'><em>autem</em></span> <span class='ocrx_word' id='word_1_289' title='bbox 1525 2244 1751 2281; x_wconf 77' lang='lat' dir='ltr'><em>conveniunt</em></span> 
     </span>
     <span class='ocr_line' id='line_1_36' title="bbox 435 2302 1751 2355; baseline -0.004 -13"><span class='ocrx_word' id='word_1_290' title='bbox 435 2307 548 2355; x_wconf 83' lang='lat' dir='ltr'><em>quale</em></span> <span class='ocrx_word' id='word_1_291' title='bbox 590 2314 646 2342; x_wconf 89' lang='lat' dir='ltr'><em>est</em></span> <span class='ocrx_word' id='word_1_292' title='bbox 677 2307 748 2342; x_wconf 84' lang='lat' dir='ltr'><em>lzoc</em></span> <span class='ocrx_word' id='word_1_293' title='bbox 790 2306 913 2354; x_wconf 88' lang='lat' dir='ltr'><em>ipsum</em></span> <span class='ocrx_word' id='word_1_294' title='bbox 954 2306 1056 2354; x_wconf 84' lang='lat' dir='ltr'><em>quod</em></span> <span class='ocrx_word' id='word_1_295' title='bbox 1091 2305 1290 2353; x_wconf 83' lang='lat' dir='ltr'><em>sequitur:</em></span> <span class='ocrx_word' id='word_1_296' title='bbox 1335 2304 1439 2347; x_wconf 82' lang='lat' dir='ltr'><em>Quid</em></span> <span class='ocrx_word' id='word_1_297' title='bbox 1477 2310 1604 2339; x_wconf 89' lang='lat' dir='ltr'><em>autem</em></span> <span class='ocrx_word' id='word_1_298' title='bbox 1644 2302 1751 2338; x_wconf 76' lang='lat' dir='ltr'><em>vides</em></span> 
     </span>
     <span class='ocr_line' id='line_1_37' title="bbox 426 2363 1164 2413; baseline -0.001 -13"><span class='ocrx_word' id='word_1_299' title='bbox 426 2365 626 2413; x_wconf 86' lang='lat' dir='ltr'><em>festucam</em></span> <span class='ocrx_word' id='word_1_300' title='bbox 660 2372 729 2400; x_wconf 86' lang='lat' dir='ltr'><em>etc.</em></span> <span class='ocrx_word' id='word_1_301' title='bbox 765 2366 847 2400; x_wconf 87' lang='lat' dir='ltr'><em>Hec</em></span> <span class='ocrx_word' id='word_1_302' title='bbox 881 2363 1164 2400; x_wconf 82' lang='lat' dir='ltr'><em>crisostomus.</em></span> 
     </span>
    </p>

    <p class='ocr_par' dir='ltr' id='par_1_5' title="bbox 245 2418 1751 2465">
     <span class='ocr_line' id='line_1_38' title="bbox 245 2418 1751 2465; baseline -0.005 -5"><span class='ocrx_word' id='word_1_303' title='bbox 245 2432 323 2460; x_wconf 83' lang='lat' dir='ltr'><em>This</em></span> <span class='ocrx_word' id='word_1_304' title='bbox 494 2424 569 2458; x_wconf 82' lang='lat' dir='ltr'><em>Iste</em></span> <span class='ocrx_word' id='word_1_305' title='bbox 602 2431 764 2459; x_wconf 83' lang='lat' dir='ltr'><em>sanctus</em></span> <span class='ocrx_word' id='word_1_306' title='bbox 796 2422 953 2458; x_wconf 86' lang='lat' dir='ltr'><em>videtur</em></span> <span class='ocrx_word' id='word_1_307' title='bbox 986 2422 1233 2458; x_wconf 82' lang='lat' dir='ltr'><em>concordare</em></span> <span class='ocrx_word' id='word_1_308' title='bbox 1266 2432 1355 2456; x_wconf 83' lang='lat' dir='ltr'><em>cum</em></span> <span class='ocrx_word' id='word_1_309' title='bbox 1387 2418 1590 2455; x_wconf 81' lang='lat' dir='ltr'><em>sentencia</em></span> <span class='ocrx_word' id='word_1_310' title='bbox 1612 2430 1751 2465; x_wconf 80' lang='lat' dir='ltr'><em>supra-</em></span> 
     </span>
    </p>
   </div>
   <div class='ocr_carea' id='block_1_3' title="bbox 165 2468 1752 2537">
    <p class='ocr_par' dir='ltr' id='par_1_6' title="bbox 165 2468 1752 2537">
     <span class='ocr_line' id='line_1_39' title="bbox 165 2468 1752 2537; baseline -0.004 -19"><span class='ocrx_word' id='word_1_311' title='bbox 165 2468 413 2537; x_wconf 50' lang='lat' dir='ltr'><em>f&#39;iffflgffifflgosshgf</em></span> <span class='ocrx_word' id='word_1_312' title='bbox 436 2480 556 2527; x_wconf 81' lang='lat' dir='ltr'><em>dicta,</em></span> <span class='ocrx_word' id='word_1_313' title='bbox 589 2480 743 2517; x_wconf 86' lang='lat' dir='ltr'><em>seilicet</em></span> <span class='ocrx_word' id='word_1_314' title='bbox 765 2481 875 2529; x_wconf 88' lang='lat' dir='ltr'><em>quod</em></span> <span class='ocrx_word' id='word_1_315' title='bbox 909 2479 1041 2516; x_wconf 86' lang='lat' dir='ltr'><em>cuncti</em></span> <span class='ocrx_word' id='word_1_316' title='bbox 1063 2479 1237 2517; x_wconf 82' lang='lat' dir='ltr'><em>viatores</em></span> <span class='ocrx_word' id='word_1_317' title='bbox 1271 2476 1508 2526; x_wconf 85' lang='lat' dir='ltr'><em>simpliciter</em></span> <span class='ocrx_word' id='word_1_318' title='bbox 1535 2489 1617 2513; x_wconf 90' lang='lat' dir='ltr'><em>non</em></span> <span class='ocrx_word' id='word_1_319' title='bbox 1649 2475 1752 2511; x_wconf 90' lang='lat' dir='ltr'><em>iudi-</em></span> 
     </span>
    </p>
   </div>
   <div class='ocr_carea' id='block_1_4' title="bbox 264 2538 322 2564">
    <p class='ocr_par' dir='ltr' id='par_1_7' title="bbox 264 2538 322 2564">
     <span class='ocr_line' id='line_1_40' title="bbox 264 2538 322 2564; baseline 0 0"><span class='ocrx_word' id='word_1_320' title='bbox 264 2538 322 2564; x_wconf 89' lang='lat' dir='ltr'><em>law</em></span> 
     </span>
    </p>
   </div>
   <div class='ocr_carea' id='block_1_5' title="bbox 436 2659 1752 2802">
    <p class='ocr_par' dir='ltr' id='par_1_8' title="bbox 436 2659 1752 2802">
     <span class='ocr_line' id='line_1_41' title="bbox 507 2659 1751 2695; baseline -0.006 -5"><span class='ocrx_word' id='word_1_321' title='bbox 507 2671 527 2690; x_wconf 81' lang='grc' dir='ltr'><em>ι.</em></span> <span class='ocrx_word' id='word_1_322' title='bbox 555 2664 599 2690; x_wconf 87' lang='lat' dir='ltr'><em>A:</em></span> <span class='ocrx_word' id='word_1_323' title='bbox 633 2662 737 2690; x_wconf 79' lang='lat' dir='ltr'><em>Nolite</em></span> <span class='ocrx_word' id='word_1_324' title='bbox 760 2662 861 2689; x_wconf 83' lang='lat' dir='ltr'><em>twice.</em></span> <span class='ocrx_word' id='word_1_325' title='bbox 969 2662 996 2689; x_wconf 80' lang='lat'><em>8.</em></span> <span class='ocrx_word' id='word_1_326' title='bbox 1024 2662 1068 2689; x_wconf 89' lang='lat' dir='ltr'><em>A:</em></span> <span class='ocrx_word' id='word_1_327' title='bbox 1099 2668 1225 2688; x_wconf 87' lang='lat' dir='ltr'><em>suorum</em></span> <span class='ocrx_word' id='word_1_328' title='bbox 1252 2660 1351 2692; x_wconf 67' lang='lat' dir='ltr'><em>deest:</em></span> <span class='ocrx_word' id='word_1_329' title='bbox 1384 2660 1428 2686; x_wconf 91' lang='lat' dir='ltr'><em>ib.</em></span> <span class='ocrx_word' id='word_1_330' title='bbox 1450 2659 1488 2685; x_wconf 83' lang='lat' dir='ltr'><em>B:</em></span> <span class='ocrx_word' id='word_1_331' title='bbox 1516 2659 1751 2695; x_wconf 70' lang='lat' dir='ltr'><em>consequentur.</em></span> 
     </span>
     <span class='ocr_line' id='line_1_42' title="bbox 436 2692 1751 2729; baseline -0.005 -4"><span class='ocrx_word' id='word_1_332' title='bbox 436 2705 481 2725; x_wconf 84' lang='lat'><em>22.</em></span> <span class='ocrx_word' id='word_1_333' title='bbox 501 2699 546 2726; x_wconf 91' lang='lat' dir='ltr'><em>A:</em></span> <span class='ocrx_word' id='word_1_334' title='bbox 567 2706 624 2725; x_wconf 78' lang='lat' dir='ltr'><em>nos</em></span> <span class='ocrx_word' id='word_1_335' title='bbox 644 2698 737 2725; x_wconf 77' lang='lat' dir='ltr'><em>deest.</em></span> <span class='ocrx_word' id='word_1_336' title='bbox 846 2704 891 2729; x_wconf 81' lang='lat'><em>24.</em></span> <span class='ocrx_word' id='word_1_337' title='bbox 914 2698 957 2723; x_wconf 88' lang='lat' dir='ltr'><em>A:</em></span> <span class='ocrx_word' id='word_1_338' title='bbox 979 2697 1010 2723; x_wconf 78' lang='lat' dir='ltr'><em>in</em></span> <span class='ocrx_word' id='word_1_339' title='bbox 1030 2704 1106 2723; x_wconf 86' lang='lat' dir='ltr'><em>eum.</em></span> <span class='ocrx_word' id='word_1_340' title='bbox 1198 2695 1243 2722; x_wconf 73' lang='lat'><em>28.</em></span> <span class='ocrx_word' id='word_1_341' title='bbox 1264 2696 1308 2722; x_wconf 92' lang='lat' dir='ltr'><em>A:</em></span> <span class='ocrx_word' id='word_1_342' title='bbox 1330 2697 1392 2721; x_wconf 87' lang='lat' dir='ltr'><em>tam</em></span> <span class='ocrx_word' id='word_1_343' title='bbox 1414 2694 1507 2720; x_wconf 82' lang='lat' dir='ltr'><em>deest.</em></span> <span class='ocrx_word' id='word_1_344' title='bbox 1605 2692 1650 2719; x_wconf 85' lang='lat'><em>30.</em></span> <span class='ocrx_word' id='word_1_345' title='bbox 1671 2693 1699 2718; x_wconf 95' lang='lat' dir='ltr'><strong>A</strong></span> <span class='ocrx_word' id='word_1_346' title='bbox 1720 2699 1751 2718; x_wconf 92' lang='lat' dir='ltr'><em>1n</em></span> 
     </span>
     <span class='ocr_line' id='line_1_43' title="bbox 437 2725 1752 2768; baseline -0.005 -8"><span class='ocrx_word' id='word_1_347' title='bbox 437 2741 551 2768; x_wconf 78' lang='lat' dir='ltr'><em>ma1·g.:</em></span> <span class='ocrx_word' id='word_1_348' title='bbox 573 2732 665 2760; x_wconf 87' lang='lat' dir='ltr'><em>Nota.</em></span> <span class='ocrx_word' id='word_1_349' title='bbox 739 2731 780 2759; x_wconf 83' lang='lat'><em>33.</em></span> <span class='ocrx_word' id='word_1_350' title='bbox 804 2733 847 2759; x_wconf 77' lang='lat' dir='ltr'><em>A:</em></span> <span class='ocrx_word' id='word_1_351' title='bbox 869 2739 930 2758; x_wconf 84' lang='lat' dir='ltr'><em>non</em></span> <span class='ocrx_word' id='word_1_352' title='bbox 952 2731 1150 2758; x_wconf 80' lang='lat' dir='ltr'><em>conveniunt.</em></span> <span class='ocrx_word' id='word_1_353' title='bbox 1224 2729 1269 2763; x_wconf 77' lang='lat'><em>34.</em></span> <span class='ocrx_word' id='word_1_354' title='bbox 1291 2729 1443 2764; x_wconf 76' lang='lat' dir='ltr'><em>A5forte</em></span> <span class='ocrx_word' id='word_1_355' title='bbox 1457 2736 1583 2764; x_wconf 78' lang='lat' dir='ltr'><em>parum.</em></span> <span class='ocrx_word' id='word_1_356' title='bbox 1657 2725 1701 2761; x_wconf 82' lang='lat'><em>37.</em></span> <span class='ocrx_word' id='word_1_357' title='bbox 1723 2727 1752 2753; x_wconf 82' lang='lat' dir='ltr'><strong>A</strong></span> 
     </span>
     <span class='ocr_line' id='line_1_44' title="bbox 436 2767 789 2802; baseline 0 -8"><span class='ocrx_word' id='word_1_358' title='bbox 436 2768 465 2794; x_wconf 85' lang='lat' dir='ltr'><em>in</em></span> <span class='ocrx_word' id='word_1_359' title='bbox 488 2776 602 2802; x_wconf 63' lang='lat' dir='ltr'><em>marg:</em></span> <span class='ocrx_word' id='word_1_360' title='bbox 622 2767 789 2794; x_wconf 76' lang='lat' dir='ltr'><em>Jotzannes.</em></span> 
     </span>
    </p>
   </div>
   <div class='ocr_carea' id='block_1_6' title="bbox 508 2850 843 2892">
    <p class='ocr_par' dir='ltr' id='par_1_9' title="bbox 508 2850 843 2892">
     <span class='ocr_line' id='line_1_45' title="bbox 508 2850 843 2892; baseline -0.003 -10"><span class='ocrx_word' id='word_1_361' title='bbox 508 2850 536 2882; x_wconf 83' lang='lat'><em>5.</em></span> <span class='ocrx_word' id='word_1_362' title='bbox 565 2851 680 2883; x_wconf 85' lang='lat' dir='ltr'><em>Lucae</em></span> <span class='ocrx_word' id='word_1_363' title='bbox 706 2851 762 2890; x_wconf 92' lang='lat' dir='ltr'><em>VI,</em></span> <span class='ocrx_word' id='word_1_364' title='bbox 790 2851 843 2892; x_wconf 83' lang='lat'><em>37.</em></span> 
     </span>
    </p>
   </div>
   <div class='ocr_carea' id='block_1_7' title="bbox 1767 869 1806 890">
    <p class='ocr_par' dir='ltr' id='par_1_10' title="bbox 1767 869 1806 890">
     <span class='ocr_line' id='line_1_46' title="bbox 1767 869 1806 890; baseline -0.026 0"><span class='ocrx_word' id='word_1_365' title='bbox 1767 869 1806 890; x_wconf 93' lang='lat'><em>10</em></span> 
     </span>
    </p>
   </div>
   <div class='ocr_carea' id='block_1_8' title="bbox 1770 1147 1806 1180">
    <p class='ocr_par' dir='ltr' id='par_1_11' title="bbox 1770 1147 1806 1180">
     <span class='ocr_line' id='line_1_47' title="bbox 1770 1147 1806 1180; baseline 0.028 -1"><span class='ocrx_word' id='word_1_366' title='bbox 1770 1147 1806 1180; x_wconf 85' lang='lat'><em>15</em></span> 
     </span>
    </p>
   </div>
   <div class='ocr_carea' id='block_1_9' title="bbox 1767 1447 1809 1469">
    <p class='ocr_par' dir='ltr' id='par_1_12' title="bbox 1767 1447 1809 1469">
     <span class='ocr_line' id='line_1_48' title="bbox 1767 1447 1809 1469; baseline 0 0"><span class='ocrx_word' id='word_1_367' title='bbox 1767 1447 1809 1469; x_wconf 89' lang='lat'><em>20</em></span> 
     </span>
    </p>
   </div>
   <div class='ocr_carea' id='block_1_10' title="bbox 1768 1727 1807 1760">
    <p class='ocr_par' dir='ltr' id='par_1_13' title="bbox 1768 1727 1807 1760">
     <span class='ocr_line' id='line_1_49' title="bbox 1768 1727 1807 1760; baseline 0.026 -1"><span class='ocrx_word' id='word_1_368' title='bbox 1768 1727 1807 1760; x_wconf 81' lang='lat'><em>25</em></span> 
     </span>
    </p>
   </div>
   <div class='ocr_carea' id='block_1_11' title="bbox 1767 2020 1808 2052">
    <p class='ocr_par' dir='ltr' id='par_1_14' title="bbox 1767 2020 1808 2052">
     <span class='ocr_line' id='line_1_50' title="bbox 1767 2020 1808 2052; baseline -0.049 0"><span class='ocrx_word' id='word_1_369' title='bbox 1767 2020 1808 2052; x_wconf 81' lang='lat'><em>30</em></span> 
     </span>
    </p>
   </div>
   <div class='ocr_carea' id='block_1_12' title="bbox 1768 2308 1807 2342">
    <p class='ocr_par' dir='ltr' id='par_1_15' title="bbox 1768 2308 1807 2342">
     <span class='ocr_line' id='line_1_51' title="bbox 1768 2308 1807 2342; baseline -0.026 0"><span class='ocrx_word' id='word_1_370' title='bbox 1768 2308 1807 2342; x_wconf 78' lang='lat'><em>35</em></span> 
     </span>
    </p>
   </div>
  </div>
 </body>
</html>
