2003 3322
218 226 307 255 CAP.
334 218 428 271 ΧΠ]
723 229 864 260 PRIMA
890 229 1016 260 PARS.

214 348 289 385 pro
321 348 362 372 eo
394 342 480 372 sunt
512 335 706 386 exigenda
744 335 944 383 supplicia.
998 334 1141 369 Tradet
1173 341 1208 369 te
1245 340 1371 369 autem
1417 333 1533 369 iudici

217 393 468 430 adversarius
499 400 598 439 tuus,
632 400 666 429 et
688 392 721 428 si
738 393 851 441 prius
883 400 918 428 te
949 392 1154 442 roga—verit
1186 392 1260 427 ille.
1296 391 1401 427 Dicit
1435 391 1531 426 enim

219 451 424 488 Salomon:
457 451 500 487 Si
520 450 700 487 esurierit
721 450 896 486 inimicus
919 457 1019 497 tuus,
1052 449 1134 486 ciba
1158 449 1280 485 illum.
1315 448 1403 485 Hoc
1435 449 1532 485 enim

207 510 365 558 faciens
398 510 582 545 carbones
621 508 724 559 ignis
764 520 953 559 congeres
989 520 1108 557 super
1146 514 1261 557 caput
1293 507 1383 543 eius.
1435 507 1532 543 Con-

186 569 361 617 5gerere
402 574 528 602 autem
573 567 758 603 carbones
797 566 898 616 ignis
937 566 1028 615 quid
1065 573 1121 602 est
1159 565 1267 601 aliud
1304 564 1377 601 nisi
1407 564 1535 615 magis

220 638 326 661 reum
348 626 492 674 facere
521 631 607 660 ante
632 624 788 660 Deum?
820 624 862 659 Si
893 636 991 674 ergo
1024 624 1088 672 qui
1118 624 1209 659 bene
1230 623 1336 672 facit
1368 623 1532 668 inimico,

219 683 346 733 magis
378 683 485 718 illum
519 694 626 718 reum
659 689 747 718 ante
779 682 904 718 Deum
929 682 1047 730 facit,
1093 687 1368 730 consequenter
1406 688 1441 717 et
1473 680 1536 729 qui

213 741 327 790 prius
350 748 468 791 rogat
496 740 688 776 inimicum
722 752 832 776 suum
866 752 973 776 reum
1008 739 1116 775 illurn
1141 738 1247 787 facit
1279 746 1366 774 ante
1392 739 1530 774 Deum.

218 799 460 847 Frequenter
491 798 663 834 homines
707 804 742 834 et
781 798 816 833 in
856 798 927 834 hoc
964 797 1092 833 seculo
1132 797 1336 832 mittuntur
1368 797 1404 832 in
1446 809 1533 832 car-

167 870 204 891 10
219 869 343 893 cerem
372 869 448 906 pro
477 863 648 905 peccato,
688 856 727 891 id
758 863 825 903 est,
872 856 907 891 in
947 855 1150 906 angustias
1189 862 1224 891 et
1262 855 1534 891 tribulaciones

219 915 406 951 diversas.
432 914 532 949 Nam
553 914 784 963 plerumque
800 920 1005 963 peccantes
1031 913 1065 949 in
1089 913 1306 949 hominibus
1330 913 1534 948 mittuntur

218 972 253 1007 in
301 972 574 1008 tribulaciones
619 972 807 1015 diversas,
856 972 925 1008 sed
968 984 1042 1007 non
1081 971 1135 1007 sic
1172 970 1425 1021 intelligimus
1474 970 1534 1006 lzic

218 1042 438 1074 carcereum
453 1029 633 1079 angustie
654 1037 780 1066 autem
805 1030 916 1066 huius
930 1029 1065 1065 mundi
1077 1041 1257 1065 carceres
1271 1029 1531 1078 appellantur.

219 1089 302 1124 Hec
336 1087 623 1124 Crisostomus.

167 1149 201 1181 15
278 1146 525 1181 Intendendo
578 1154 712 1181 autem
768 1144 1014 1193 exposicioni
1067 1144 1266 1181 catholice
1320 1143 1531 1192 Augustini

218 1203 375 1239 videtur
408 1204 516 1251 quod
549 1204 623 1239 hoc
658 1203 894 1239 mandatum
918 1201 967 1238 sit
990 1202 1144 1239 cunctis
1167 1201 1379 1239 catholicis
1403 1201 1532 1250 publi-

220 1262 406 1306 candum,
452 1262 520 1297 sed
565 1261 756 1309 precipue
800 1260 963 1309 prelatis
1010 1260 1188 1307 ecclesie,
1236 1260 1329 1309 quia
1374 1259 1533 1296 videtur

220 1320 328 1367 quod
373 1319 447 1367 ipsi
492 1327 583 1355 sunt
628 1318 821 1355 contrarii
868 1318 945 1366 legi
990 1318 1138 1354 Christi
1186 1331 1268 1355 non
1313 1319 1444 1355 solum
1492 1317 1533 1354 in

220 1376 452 1426 recipiendo
500 1376 756 1413 dotacionem
802 1384 839 1413 et
885 1377 1065 1413 seculare
1117 1376 1342 1413 dominium
1397 1384 1537 1413 contra

165 1450 206 1470 20
222 1436 323 1471 hanc
356 1435 498 1483 legem,
533 1436 602 1472 sed
636 1435 730 1484 quia
763 1445 836 1471 nec
868 1434 909 1471 in
941 1447 1012 1471 sua
1046 1446 1217 1483 persona
1249 1435 1310 1471 vel
1342 1435 1424 1471 vita
1457 1446 1536 1471 ser-

219 1502 313 1529 vant
359 1494 460 1529 hanc
507 1497 649 1541 legem,
703 1504 794 1529 cum
839 1505 920 1529 non
973 1491 1184 1529 imitantur
1237 1492 1442 1530 Christum
1496 1492 1536 1531 in

223 1551 413 1596 moribus,
459 1563 532 1587 nec
572 1552 718 1587 docent
757 1550 857 1587 alios
890 1550 957 1599 qui
998 1551 1145 1587 debent
1178 1563 1262 1588 esse
1296 1550 1351 1587 eis
1383 1550 1535 1587 subditi

222 1610 323 1646 hanc
356 1621 534 1657 servare3
579 1608 669 1645 ideo
701 1609 761 1645 vel
793 1608 994 1656 scriptura
1026 1621 1140 1646 sacra
1179 1618 1237 1646 est
1275 1609 1387 1655 falsa,
1427 1609 1535 1658 quod

221 1679 304 1703 esse
348 1679 429 1703 non
477 1666 634 1715 poterit,
682 1679 772 1703 cum
819 1666 868 1703 sit
915 1667 1082 1704 verbum
1129 1666 1306 1712 Domini,
1354 1667 1413 1703 vel
1458 1666 1535 1716 ipsi

165 1729 204 1761 25
220 1725 362 1773 prelati
395 1734 486 1761 sunt
518 1724 640 1761 iudici
674 1724 879 1761 tribuendi
913 1733 950 1761 et
983 1723 1158 1762 finaliter
1192 1725 1534 1773 condempnandi.

278 1784 397 1819 Istam
431 1792 564 1820 autem
605 1782 929 1819 exhortacionem
970 1783 1086 1819 debet
1126 1783 1253 1819 fidelis
1291 1783 1331 1819 in
1371 1782 1535 1820 nomine

220 1840 383 1876 Domini
417 1849 601 1889 patenter
633 1839 708 1876 illis
742 1840 888 1886 dicere,
934 1840 965 1876 si
1004 1841 1106 1878 forte
1147 1853 1189 1878 ex
1228 1841 1364 1889 gracia
1403 1841 1474 1877 Dei
1514 1854 1536 1878 a

220 1898 326 1935 dieto
377 1898 524 1947 triplici
578 1897 744 1936 crimine
796 1898 1050 1946 resipiscant,
1103 1898 1197 1947 quia
1245 1898 1427 1936 Christus
1471 1899 1535 1936 hic

219 1956 386 2004 loquens
420 1965 561 1993 contra
584 1957 683 1993 tales
707 1957 896 1993 habentes
919 1957 1046 2004 legem
1073 1957 1235 1993 Domini
1255 1958 1533 1994 adversantem

164 2021 204 2053 30
220 2014 389 2062 precipit
422 2014 636 2051 salubriter
674 2016 782 2063 quod
821 2015 897 2050 hoc
935 2014 1084 2051 faciant
1117 2015 1197 2052 cito
1237 2016 1330 2051 dum
1372 2024 1463 2051 sunt
1495 2015 1535 2051 in

218 2071 281 2108 via
321 2085 411 2109 cum
457 2072 538 2119 illa,
584 2071 679 2120 quia
718 2085 761 2108 ex
801 2084 914 2109 mora
953 2072 1108 2109 diutina
1148 2082 1316 2121 possunt
1364 2073 1536 2110 faciliter

219 2129 398 2167 indurari
432 2139 468 2167 et
500 2130 630 2166 solum
665 2131 712 2166 de
745 2130 918 2166 finaliter
958 2130 1288 2178 impenitentibus
1320 2132 1535 2179 prophetat

218 2187 365 2225 veritas
397 2188 515 2225 istam
548 2200 707 2236 penam.

277 2247 390 2283 Unde
429 2245 647 2294 pessimum
686 2245 844 2282 videtur
888 2245 1044 2294 signum
1092 2255 1285 2283 attestans
1329 2247 1532 2295 ydolatras

164 2308 203 2342 33
219 2313 340 2353 atque
382 2303 578 2341 hereticos
623 2305 731 2352 quod
776 2304 836 2340 lex
881 2304 1051 2352 papalis⁷
1106 2304 1167 2341 lex
1220 2306 1397 2342 humana
1449 2305 1531 2342 sive

220 2361 372 2399 cesaria
396 2374 473 2411 que
496 2371 554 2398 est
576 2361 887 2398 instrumentum
921 2361 998 2398 illis
1032 2362 1185 2399 clericis
1208 2364 1258 2399 ad
1281 2364 1530 2411 peccandum

219 2420 389 2456 habetur
438 2419 479 2456 in
531 2432 677 2468 magna
728 2420 957 2456 reverencia
1008 2429 1218 2469 tamquam
1281 2422 1404 2458 codex
1456 2421 1533 2457 illis

221 2477 391 2514 maxime
423 2477 642 2526 preciosus,
688 2479 756 2514 sed
794 2477 870 2526 legi
910 2478 1073 2514 Domini
1114 2478 1251 2516 dicunt
1285 2480 1432 2516 Racha.
1487 2481 1534 2515 Et

220 2548 309 2572 curn
344 2535 401 2572 illi
435 2535 593 2572 codices
626 2544 717 2572 sunt
749 2536 825 2584 legi
849 2535 979 2573 divine
1002 2536 1284 2573 similitudines
1307 2537 1534 2586 propinque

288 2700 314 2721 2.
335 2693 380 2721 A:
401 2694 535 2722 sideest.
608 2692 632 2722 3.
648 2696 693 2723 A:
709 2695 865 2723 Salvator.
939 2702 967 2730 9.
984 2695 1021 2724 B:
1037 2697 1067 2723 et
1080 2695 1175 2723 deest.
1250 2704 1284 2729 ιι,
1301 2702 1337 2723 12.
1355 2697 1397 2723 A:
1412 2695 1488 2724 Nam
1504 2711 1532 2715 —

220 2728 359 2755 diversas
379 2729 481 2762 deest;
504 2729 525 2756 B
545 2729 575 2756 in
597 2737 711 2765 marg.:
733 2730 827 2757 addit.
902 2738 940 2757 12.
961 2731 1006 2758 A:
1027 2731 1072 2757 sic
1089 2731 1184 2758 deest.
1259 2731 1296 2759 15.
1319 2732 1346 2758 A
1367 2731 1396 2758 in
1419 2739 1533 2766 marg:

218 2761 387 2790 Johannes.
459 2763 505 2791 28.
526 2765 570 2791 A:
592 2765 710 2800 triplici
728 2765 823 2792 deest.

290 2847 319 2880 3.
346 2847 448 2879 Prov.
473 2848 577 2889 XXV,
605 2857 658 2889 21,
686 2858 744 2888 223
772 2847 873 2881 Rom.
900 2849 970 2890 XII,
999 2859 1051 2881 20.

1746 231 1820 266 ¹47

1577 1149 1645 1178 The
1666 1151 1796 1186 prelates

1553 1193 1603 1212 are
1623 1187 1763 1221 opposed
1785 1190 1816 1213 to

1629 1221 1745 1248 Christ.

1606 2265 1771 2294 Excessive

1556 2307 1674 2338 respect
1693 2302 1719 2329 is
1740 2300 1810 2338 paid

1558 2340 1588 2363 to
1610 2337 1709 2364 man's
1730 2337 1804 2369 law;

1587 2376 1638 2399 too
1659 2372 1733 2399 little
1752 2376 1782 2399 to

1631 2406 1741 2435 God's.
