2003 3322
883 241 1000 272 OPUS
1027 241 1361 273 EVANGELICUM
1566 230 1672 284 [CAP.
1694 240 1772 267 [Μ.

463 348 530 382 sed
558 348 725 396 amplius
758 347 952 393 irritatur,
985 348 1309 396 quemadmodum
1342 349 1377 383 si
1407 350 1535 397 ignem
1570 360 1653 383 cum
1687 349 1776 398 igne

463 405 687 455 coniungas,
712 405 837 440 maior
854 405 1021 455 flamma
1048 406 1307 441 succenditur.
1333 406 1375 441 Si
1395 413 1521 441 autem
1545 417 1617 441 non
1642 417 1774 454 reper-

462 463 629 498 cusseris
661 475 759 510 eum,
803 463 867 498 ille
898 463 972 498 iam
1006 463 1132 509 stabit,
1177 463 1212 499 si
1242 464 1392 511 quidem
1431 463 1545 512 sapit,
1578 463 1775 511 confusus,

461 521 494 557 si
530 527 655 556 autem
684 516 690 572 1
719 533 791 556 non
824 521 937 569 sapit,
969 521 1148 556 saciatus.
1202 521 1255 556 Et
1293 534 1365 557 non
1405 521 1529 557 solum
1568 521 1706 557 iterum
1740 529 1776 557 te

463 591 535 614 non
590 579 801 627 repercutit
849 580 917 614 sed
960 579 1137 626 forsitan
1182 587 1430 628 compunctus
1478 580 1597 615 corde
1633 579 1778 628 penitet

462 636 549 685 quia
584 644 619 671 te
652 637 712 672 vel
742 637 861 672 semel
887 637 1093 685 percussit.
1127 636 1304 672 Attamen
1338 637 1408 673 etsi
1437 637 1492 673 sic
1526 637 1682 673 insanus
1710 644 1777 684 est,

464 702 503 729 ut
525 706 592 730 nec
609 694 845 743 pacienciam
869 701 973 730 tuam
998 695 1191 745 intelligat
1219 707 1284 730 nec
1307 695 1570 743 confundatur
1601 695 1636 730 in
1662 696 1778 743 facto

462 764 543 798 suo,
585 753 768 801 numquid
796 760 908 801 potes
946 760 984 787 tu
1019 759 1054 787 te
1085 752 1252 801 amplius
1292 753 1488 789 vindicare
1526 764 1639 801 quam
1672 753 1779 788 Deus

463 817 547 845 erat
570 810 868 846 vindicaturus?
903 811 1066 858 Ideoque
1087 811 1121 846 si
1142 811 1428 859 repercusseris
1450 822 1548 856 eum,
1567 810 1779 859 perdidisti

464 868 684 912 vindictam,
730 869 818 917 quia
857 875 892 904 te
930 868 1053 917 ipsum
1095 868 1299 904 vindicasti
1335 876 1369 904 et
1402 868 1577 904 liberasti
1613 880 1697 904 eum
1732 869 1779 904 de

463 926 637 961 manibus
660 926 746 971 Dei,
780 926 867 975 quia
901 926 1110 962 reddidisti
1130 926 1164 961 ei
1186 927 1277 974 quid
1288 927 1402 975 fecit.
1438 926 1481 961 Si
1501 938 1598 976 ergo
1609 926 1779 975 fortiter

462 984 646 1019 irasceris
673 984 895 1032 paciencius
926 996 1013 1034 age,
1053 992 1094 1019 ut
1126 984 1263 1020 melius
1296 984 1502 1020 vindiceris
1533 984 1678 1020 scilicet
1705 996 1780 1033 per

462 1042 600 1077 Deum.

520 1100 572 1134 Et
604 1099 638 1134 ei
666 1099 731 1148 qui
762 1099 843 1134 vult
874 1107 997 1135 tecum
1031 1100 1067 1134 in
1100 1099 1239 1135 iudicio
1271 1100 1501 1135 contendere
1538 1107 1573 1135 et
1613 1099 1779 1135 tunicam

462 1165 566 1193 tuam
600 1158 750 1203 tollere,
785 1157 933 1192 dimitte
965 1157 999 1192 ei
1029 1165 1063 1193 et
1090 1157 1269 1205 pallium.
1316 1157 1491 1193 Primum
1524 1157 1684 1208 indigna
1719 1169 1781 1193 res

464 1223 519 1251 est
551 1222 590 1250 ut
622 1215 734 1251 homo
756 1215 893 1265 fidelis
923 1222 996 1251 stet
1027 1215 1063 1251 in
1096 1215 1235 1251 iudicio
1264 1223 1351 1251 ante
1379 1223 1620 1264 conspectum
1646 1215 1780 1251 iudicis

465 1273 640 1323 infidelis.
681 1273 783 1311 Nam
817 1280 852 1308 et
882 1273 917 1309 si
946 1273 1111 1323 infidelis
1142 1285 1215 1309 non
1248 1280 1314 1320 est,
1353 1280 1456 1309 certe
1493 1274 1681 1309 secularis
1713 1280 1778 1308 est.

465 1331 517 1367 Et
561 1331 625 1380 qui
665 1338 701 1366 te
744 1330 926 1367 venerari
973 1332 1157 1367 debuerat
1201 1338 1368 1380 propter
1411 1331 1638 1381 dignitatem
1681 1331 1784 1381 fidei

466 1390 610 1425 iudicat
639 1396 674 1425 te
691 1396 859 1440 propter
890 1389 1152 1425 necessitatem
1187 1401 1301 1425 cause
1333 1396 1369 1424 et
1385 1390 1529 1438 perdes
1553 1388 1780 1439 dignitatem

472 1447 620 1483 Christi
656 1454 824 1496 propter
867 1447 1067 1497 negocium
1113 1447 1256 1483 mundi.
1304 1447 1441 1483 Nonne
1480 1447 1615 1483 melius
1655 1454 1710 1483 est
1742 1454 1782 1482 ut

463 1506 611 1555 perdas
644 1518 724 1541 rem
758 1505 992 1541 mundialem
1032 1517 1144 1553 quam
1182 1505 1354 1555 gloriam
1393 1505 1698 1554 sempiternam?
1741 1504 1785 1539 Si

467 1564 564 1599 enim
601 1576 681 1599 rem
710 1563 936 1613 perdideris
953 1570 1121 1612 propter
1148 1563 1361 1610 Christum,
1401 1563 1580 1599 Christus
1612 1563 1680 1598 tibi
1700 1574 1780 1598 rem

468 1622 671 1658 restituere
686 1629 827 1671 potest,
849 1622 884 1657 si
905 1629 1209 1670 autempropter
1232 1633 1313 1657 rem
1326 1621 1551 1670 perdideris
1570 1620 1780 1667 Christum,

468 1693 530 1716 res
568 1680 636 1716 tibi
671 1692 742 1715 non
770 1686 899 1728 potest
938 1679 1142 1715 restituere
1179 1679 1391 1716 Christum.
1443 1679 1595 1715 Deinde
1632 1690 1783 1714 necesse

467 1746 523 1774 est
555 1746 595 1774 ut
627 1738 804 1773 humilies
835 1733 869 1773 te
892 1749 1024 1773 coram
1049 1737 1171 1773 iudice
1195 1744 1229 1773 et
1250 1737 1425 1773 subditus
1437 1737 1519 1787 fias
1541 1737 1599 1772 illi
1614 1743 1782 1785 propter

467 1796 727 1832 necessitatem
762 1808 886 1831 cause.
934 1795 988 1830 Et
1022 1795 1201 1843 forsitan
1246 1795 1310 1843 qui
1342 1802 1510 1844 propter
1542 1795 1667 1830 Deum
1707 1806 1779 1830 non

457 1855 604 1903 fueras
648 1861 684 1889 te
730 1853 1017 1899 humiliaturus,
1063 1853 1242 1888 humilias
1281 1860 1316 1888 te
1349 1860 1517 1902 propter
1554 1853 1706 1888 lucrum
1748 1859 1783 1887 et

455 1913 590 1961 facias
623 1924 704 1948 rem
733 1911 1011 1961 preciosiorem
1044 1924 1158 1960 quam
1192 1911 1330 1946 Deum.
1387 1911 1520 1946 Tercio
1554 1910 1638 1959 quia
1673 1921 1783 1945 omne

467 1970 647 2007 iudicium
681 1970 856 2005 irritacio
889 1969 1020 2005 cordis
1052 1976 1108 2004 est
1138 1976 1174 2004 et
1200 1969 1481 2019 cogitacionum
1506 1968 1714 2011 malarum,
1749 1974 1783 2003 et

465 2029 500 2065 si
529 2028 647 2064 semel
677 2028 712 2063 in
745 2027 924 2063 iudicium
958 2027 1159 2077 ingressus
1181 2027 1329 2075 fueris,
1362 2027 1437 2062 iam
1472 2038 1544 2062 non
1584 2025 1783 2061 desideras

467 2094 507 2122 ut
541 2086 684 2122 veritas
716 2097 829 2121 cause
861 2092 1063 2134 appareat,
1096 2085 1165 2121 sed
1197 2092 1236 2120 ut
1264 2096 1483 2133 quocunque
1515 2085 1629 2120 modo
1660 2084 1784 2119 victor

468 2145 625 2180 existas.

527 2203 569 2237 Si
598 2209 723 2237 autem
749 2200 893 2237 videris
914 2201 1017 2249 quod
1048 2212 1166 2236 causa
1198 2207 1275 2245 tua,
1309 2200 1406 2235 sicut
1429 2200 1666 2248 frequenter
1686 2199 1783 2235 solet

468 2260 555 2303 fieri
592 2260 626 2295 in
667 2259 828 2305 iudiciis,
873 2266 940 2294 aut
979 2258 1106 2294 verbis
1149 2265 1215 2293 aut
1244 2258 1461 2306 fraudibus
1507 2264 1573 2293 aut
1611 2257 1783 2306 pecuniis

468 2325 729 2367 expugnetur,
764 2329 914 2353 necesse
946 2324 1001 2352 est
1032 2316 1209 2352 similiter
1242 2323 1281 2351 ut
1319 2323 1353 2351 et
1391 2322 1430 2350 tu
1462 2323 1528 2351 aut
1561 2315 1686 2350 verbis
1717 2321 1784 2350 aut

460 2375 677 2425 fraudibus
700 2382 766 2410 aut
784 2374 956 2423 pecuniis
988 2386 1102 2410 cause
1134 2381 1195 2410 tue
1227 2374 1362 2409 adesse
1385 2373 1562 2421 festines.
1599 2373 1651 2408 Et
1682 2372 1716 2408 si
1735 2372 1781 2407 ab

468 2434 579 2469 inicio
613 2433 811 2469 consilium
852 2445 924 2468 non
966 2432 1132 2468 habuisti
1173 2438 1213 2466 ut
1255 2432 1309 2467 sic
1353 2443 1505 2481 ageres,
1551 2438 1685 2479 postea
1729 2430 1782 2465 sic

468 2503 589 2542 agere
627 2492 745 2540 ipsius
784 2490 1047 2526 controversie
1091 2489 1294 2525 necessitas
1345 2497 1380 2524 te
1422 2488 1626 2538 compellit.
1680 2488 1781 2523 Nam

464 2550 596 2599 primo
624 2562 700 2598 pro
741 2549 849 2584 lucro
895 2548 1159 2583 tantummodo
1194 2547 1427 2595 festinabas,
1461 2553 1595 2595 postea
1634 2546 1708 2581 iam
1749 2552 1783 2581 et

1817 523 1896 565 3760

1793 581 1809 613 5

1798 880 1836 901 10

1800 1159 1835 1191 15

1798 1458 1839 1480 20

1800 2314 1839 2347 '35

465 2620 541 2657 pro
570 2608 724 2656 pudore
756 2607 952 2642 contendis
985 2613 1019 2641 et
1052 2605 1180 2655 magis
1202 2612 1398 2640 contentus
1421 2617 1459 2640 es
1481 2604 1599 2640 eciam
1617 2615 1784 2652 peccare
1796 2612 1840 2643 40

469 2672 615 2701 tantum
650 2672 688 2700 ut
722 2665 851 2700 vincas
883 2676 994 2712 quam
1028 2663 1128 2699 vinci
1158 2670 1303 2698 tantum
1338 2670 1377 2697 ut
1408 2674 1480 2698 non
1508 2673 1654 2711 pecces.
1701 2660 1784 2696 Hec

539 2834 563 2860 3.
585 2835 628 2860 A:
651 2840 717 2859 cum
738 2832 798 2859 ille.
871 2840 899 2865 ,1.
916 2832 952 2858 B:
975 2831 1154 2858 insaciatus.
1228 2839 1258 2862 4,
1273 2830 1295 2857 5.
1313 2831 1355 2856 A:
1378 2832 1409 2856 te
1420 2829 1564 2864 percutit.
1640 2827 1680 2854 16.
1698 2827 1734 2853 13:
1752 2827 1781 2853 in

469 2869 586 2896 indicio
609 2868 701 2895 deest.
780 2866 822 2894 21³.
844 2868 888 2894 A:
910 2866 1143 2893 reconstituere.
1219 2865 1258 2892 25.
1281 2865 1323 2891 A:
1345 2867 1375 2891 et
1394 2864 1486 2891 deest.
