2003 3322
145 214 218 251 ¹72
855 213 973 245 opus
999 214 1334 247 EVANGELmuM
1489 203 1597 257 [CAR
1616 211 1739 239 xrvn.

427 320 500 356 sibi
529 320 693 355 alteram
735 320 808 366 vir⁷
855 333 927 355 non
972 320 1135 356 alienam
1177 333 1294 369 neque
1331 334 1353 356 α
1396 321 1480 357 viro
1516 321 1739 369 seiunctam,

423 377 548 426 possit
590 390 672 414 esse
714 378 795 413 sine
838 377 1002 414 crimine
1035 379 1334 426 fornicacionis.
1400 379 1451 414 Et
1495 379 1531 414 in
1577 379 1739 415 historia

430 436 570 471 veteris
603 436 753 484 quidem
787 435 1005 471 testamenti
1041 436 1235 472 invenitur
1272 437 1507 485 exemplum,
1553 444 1593 472 ut
1632 444 1741 485 patet

427 493 580 542 spissim
608 494 643 529 in
673 494 814 529 Genesi
845 494 891 529 de
924 494 1112 529 uxoribus
1130 494 1468 543 patriarcharum,
1500 495 1569 531 sed
1601 495 1637 530 in
1670 496 1741 531 hoc

423 558 608 600 precepta
643 551 792 587 maiora
825 558 912 587 sunt
944 551 979 586 in
1012 563 1082 599 que
1099 564 1174 600 per
1205 552 1312 587 illum
1336 553 1509 602 gradum
1532 553 1740 602 generacio

429 609 595 644 humana
625 609 814 658 pervenit.
867 609 1089 644 Tractanda
1128 610 1195 644 illa
1233 617 1322 645 sunt
1361 610 1413 645 ad
1445 610 1741 660 distinguendas

428 673 546 702 etates
579 667 705 702 divine
722 666 973 716 providencie
996 667 1298 716 dispensacionis
1321 680 1390 715 que
1414 668 1581 703 humano
1603 669 1743 718 generi

429 725 714 761 ordinatissime
756 732 791 760 et
823 725 1131 761 misericorditer
1165 725 1351 771 subvenit,
1396 738 1468 761 non
1516 733 1642 762 autem
1689 727 1741 762 ad

430 782 582 818 vivendi
613 783 774 831 regulas
807 783 1065 831 usurpandas.
1112 783 1190 818 Sed
1229 791 1355 819 tamen
1389 790 1519 819 utrum
1554 784 1656 832 quod
1687 784 1740 819 ait

428 841 658 888 Apostolus:
689 840 836 876 [Mulier
867 852 939 876 non
973 841 1085 876 habet
1112 847 1339 889 potestatem
1370 841 1432 877 sui
1462 841 1640 890 corporis
1671 842 1741 877 sed

430 899 502 943 vir,
547 898 725 934 similiter
762 905 797 933 et
836 898 896 933 vir
934 911 1006 934 non
1045 899 1156 934 habet
1195 906 1425 947 potestatem
1465 899 1525 935 sui
1563 899 1742 948 corporis

428 957 497 992 sed
519 956 680 992 mulier:
706 962 838 1005 posset
861 956 896 990 in
919 963 1065 992 tantum
1101 957 1243 1003 valere,
1277 964 1316 992 ut
1334 957 1582 1005 permittente
1604 969 1741 1003 uxore,

429 1026 498 1062 que
530 1014 723 1050 maritalis
757 1014 936 1062 corporis
965 1021 1197 1065 potestatem
1231 1015 1355 1059 habet,
1392 1015 1517 1064 possit
1554 1015 1615 1050 vir
1656 1026 1740 1050 cum

429 1073 554 1108 altera
585 1084 655 1121 que
687 1084 754 1108 nec
786 1072 911 1107 aliena
946 1084 1050 1108 uxor
1080 1072 1128 1108 sit
1161 1084 1227 1108 nec
1259 1085 1280 1107 a
1313 1073 1396 1108 viro
1431 1073 1619 1109 disiuncta
1652 1085 1740 1108 con-

429 1130 619 1176 cumbere,
666 1131 735 1166 sed
767 1142 840 1166 non
879 1137 934 1166 est
974 1130 1024 1165 ita
1058 1130 1374 1176 existimandum,
1419 1143 1464 1166 ne
1508 1132 1578 1166 hoc
1622 1131 1740 1166 eciam

420 1188 574 1237 femina
598 1188 682 1223 viro
691 1188 939 1237 permittente
950 1189 1092 1236 facere
1101 1200 1218 1237 posse
1240 1188 1431 1235 videatur,
1450 1189 1552 1237 quod
1573 1189 1740 1224 omnium

429 1258 563 1282 sensus
595 1246 781 1282 excludit.

488 1306 536 1340 Et
568 1303 681 1351 ponit
714 1316 850 1340 casum
875 1304 1083 1351 quomodo
1106 1316 1204 1339 uxor
1227 1305 1398 1352 quedam
1425 1305 1475 1340 ad
1504 1304 1740 1341 salvandum

432 1362 621 1399 maritum
656 1375 771 1398 suum
806 1375 827 1398 a
862 1369 990 1397 morte
1024 1374 1066 1397 ex
1100 1374 1297 1398 consensu
1338 1374 1410 1398 suo
1450 1362 1668 1410 prostravit
1701 1375 1740 1398 se

430 1420 584 1469 potenti
619 1429 656 1456 et
690 1419 816 1456 diviti.

164 1486 208 1512 As
229 1486 279 1512 1110
298 1486 395 1513 world
488 1479 566 1515 Sed
589 1478 630 1514 in
653 1478 730 1515 fine
752 1477 909 1515 videtur
930 1477 1200 1525 Augustinum
1226 1477 1451 1526 relinquere
1480 1478 1578 1514 tales
1602 1490 1741 1514 causas

136 1526 414 1589 {2⁰2V1]{1‚n‘{ss{efa¹ss
430 1538 502 1572 sub
537 1535 727 1583 ambiguo
761 1535 848 1572 aliis
882 1535 1137 1572 decidendos.
1187 1535 1301 1572 Pium
1340 1545 1476 1572 tamen
1508 1535 1667 1572 videtur
1699 1548 1743 1571 ex

173 1589 376 1652 Οῑὺὲξὲῑηζῗέξῢ
430 1594 634 1631 sentencia
668 1594 785 1630 huius
818 1593 946 1630 sancti
982 1602 1018 1629 et
1052 1606 1141 1630 cum
1176 1593 1345 1630 ecclesia
1383 1594 1432 1630 sit
1465 1593 1544 1630 iarn
1578 1593 1743 1642 propin—

215 1659 344 1687 stricter.
430 1652 549 1700 quior
593 1651 662 1689 fini
708 1652 848 1688 mundi
898 1660 935 1688 et
987 1651 1043 1688 sie
1095 1652 1262 1688 ecclesie
1314 1651 1580 1700 triumphanti
1633 1652 1742 1700 quod

431 1710 612 1747 striccius
641 1711 758 1747 debet
782 1711 903 1747 modo
929 1709 1240 1746 matrimonialis
1265 1709 1392 1757 figura
1422 1711 1471 1746 ad
1496 1709 1579 1746 eius
1602 1708 1743 1745 simili-

431 1768 614 1805 tudinem
654 1768 872 1813 observari,
913 1776 950 1804 et
984 1767 1039 1804 ita
1071 1780 1151 1804 non
1183 1767 1277 1804 licet
1310 1767 1439 1804 eidem
1473 1767 1558 1803 viro
1591 1768 1740 1804 habere

430 1827 549 1862 simul
578 1827 723 1863 multas
746 1838 900 1872 uxores,
934 1825 1036 1862 sicut
1060 1826 1264 1874 quondam
1292 1826 1491 1862 habebant
1514 1825 1740 1873 patriarche

141 1890 325 1930 Thmgs-are
346 1899 416 1918 now
430 1884 471 1920 in
502 1885 588 1932 lege
610 1884 745 1921 veteri.
780 1887 860 1921 Nec
892 1883 985 1920 licet
1017 1883 1132 1920 alteri
1166 1883 1380 1931 coniugum
1413 1895 1456 1919 ex
1486 1895 1741 1932 quacumque

156 1926 398 1988 wliffiimt‘iffzegld
432 1955 555 1979 causa
606 1942 823 1979 licenciare
875 1955 991 1978 suum
1045 1941 1196 1978 socium
1251 1954 1341 1978 cum
1395 1941 1474 1978 alio
1527 1940 1742 1978 carnaliter

171 1995 227 2022 ’Μ’
250 1996 389 2023 allowed.
432 2000 626 2048 copulari,
675 2001 770 2049 quia
802 2000 882 2037 iarn
922 2013 1003 2036 non
1036 2009 1093 2036 est
1126 2012 1260 2045 causa,
1294 1999 1397 2036 sicut
1430 2008 1515 2036 erat
1546 1999 1587 2036 in
1618 1999 1741 2035 veteri

431 2067 688 2104 testamento,
741 2071 831 2095 cum
882 2071 988 2095 nunc
1047 2070 1128 2094 non
1181 2058 1471 2094 necessitamur
1527 2069 1742 2106 procreare

432 2117 569 2153 fideles
608 2116 775 2154 ecclesie
815 2118 863 2153 de
902 2128 1045 2164 genere
1077 2117 1239 2152 Abrahe
1278 2117 1346 2152 sed
1379 2114 1640 2164 spiritualiter
1671 2128 1742 2163 per

432 2175 755 2223 predicacionem
790 2176 838 2210 de
872 2186 1112 2222 quacunque
1145 2183 1275 2222 gente.

170 2238 384 2301 Eggdsslnsgssilsh
491 2235 538 2268 Et
570 2241 680 2281 patet
713 2234 820 2281 quod
856 2233 979 2268 multe
1012 2233 1169 2268 fuerant
1203 2231 1513 2268 consuetudines
1536 2230 1576 2266 in
1598 2229 1741 2277 Anglia

1760 855 1798 876 10

1762 1132 1798 1165 15

1758 1431 1801 1452 20

1758 1712 1798 1744 25

1758 2001 1799 2034 30

169 2314 318 2343 castonis,
340 2310 400 2336 sale
433 2300 551 2338 atque
585 2290 779 2327 Hibernia
813 2303 888 2338 que
926 2298 1017 2326 sunt
1057 2289 1357 2326 racionabiliter
1390 2288 1797 2336 condempnande‚35

172 2344 394 2371 ofw1vesetc.
432 2357 474 2385 ut
523 2350 631 2397 quod
680 2348 812 2385 mariti
858 2356 1106 2385 commutent
1157 2360 1249 2384 suas
1293 2359 1435 2384 uxores
1480 2348 1589 2395 quod
1642 2347 1741 2383 alter

433 2406 650 2454 coniugum
684 2406 886 2455 impotens
920 2407 1120 2442 conducat
1149 2404 1272 2442 alium
1298 2407 1348 2441 ad
1371 2405 1602 2442 solvendum
1629 2403 1741 2440 uxori

433 2464 611 2501 debitum
656 2474 693 2501 et
736 2465 843 2513 quod
884 2465 983 2500 alter
1028 2463 1243 2511 coniugum
1290 2472 1459 2511 exponet
1506 2475 1546 2499 se
1591 2461 1742 2498 carnali

431 2522 544 2570 operi
577 2535 620 2559 ex
653 2535 849 2559 consensu
882 2521 1025 2570 reliqui
1065 2534 1137 2569 pro
1176 2534 1248 2558 suo
1288 2520 1475 2569 coniugio
1515 2521 1740 2557 relevando.

502 2700 521 2719 1.
542 2692 590 2719 vir
599 2701 608 2723 ,·
628 2692 648 2718 Β
664 2692 693 2718 in
712 2699 807 2723 marg.
830 2690 972 2724 corrigit:
994 2691 1073 2718 vide.
1147 2697 1171 2716 2.
1189 2691 1234 2717 A:
1251 2693 1282 2717 ut
1297 2690 1327 2717 in
1344 2689 1486 2716 historia.
1561 2687 1586 2720 3,
1601 2696 1630 2721 4.
1646 2689 1690 2716 A:
1711 2691 1745 2715 ut

430 2730 515 2762 patet
548 2742 577 2745 —
606 2727 866 2761 patriarcharum
898 2726 992 2752 deest.
1120 2733 1152 2752 11.
1186 2726 1229 2752 A:
1270 2728 1299 2752 et
1330 2724 1378 2762 vir
1410 2740 1440 2743 —
1474 2723 1618 2758 corporis
1648 2723 1742 2751 deest.

434 2760 469 2789 13.
493 2762 529 2788 B:
553 2764 585 2788 ut
599 2762 708 2796 possit.
782 2769 821 2788 ει.
845 2763 871 2788 Α
892 2760 921 2787 in
944 2769 1057 2795 marga
1079 2759 1244 2787 lohannes.
1319 2757 1364 2786 30.
1386 2758 1503 2786 Codd.:
1524 2758 1628 2785 aliter.

503 2844 532 2878 9.
564 2835 570 2864 l
602 2834 680 2864 Cor.
709 2834 778 2872 Vll,
805 2844 837 2873 4.
