2003 3322
161 243 178 277 5
189 243 209 278 6
865 250 982 281 opus
1009 250 1342 282 fivixuoizfflcuivi
1530 238 1636 292 [CAR
1659 247 1755 275 xvu.

447 358 593 392 danam
648 356 816 403 gloriam
872 356 1029 392 videtur
1081 358 1188 404 quod
1248 357 1296 393 sit
1347 369 1449 393 vana
1511 365 1548 392 et
1610 356 1757 393 faciens

446 413 628 450 homines
667 413 875 462 superbire
909 423 946 450 et
979 414 1256 462 multipliciter
1296 414 1488 450 dirimens
1527 414 1758 461 caritatem3

446 481 483 507 et
528 480 722 519 quantum
769 473 819 508 ad
865 471 1094 519 cupidinem
1141 485 1276 508 rerum
1323 472 1459 508 mundi
1505 481 1657 508 certum
1703 482 1759 509 est

446 531 666 565 secundum
702 530 939 577 Apostolum
974 531 1082 578 quod
1117 531 1237 566 radix
1275 530 1443 566 omnium
1478 531 1671 566 malorum
1705 538 1760 566 est

446 587 535 623 talis
568 587 769 636 cupiditas.
825 589 938 624 Unde
978 601 1067 624 cum
1108 600 1304 635 pauperes
1344 596 1643 635 extravagantes
1678 590 1791 624 nio-5

445 653 587 681 ventur
621 657 664 681 ex
698 645 886 693 superbia
920 647 969 681 ad
1004 654 1115 682 actus
1138 646 1237 682 tales
1260 645 1435 692 bellicos,
1469 647 1669 682 notandus
1703 655 1759 682 est

447 703 693 751 Augustinus
727 705 774 740 de
807 705 934 740 abusu
967 712 1128 740 octavo:

197 775 397 814 Augusttne’s
512 761 693 807 Octavus,
726 761 869 810 inquit,
904 761 1097 798 abusionis
1128 762 1283 812 gradus
1315 769 1369 797 est
1392 774 1546 811 pauper
1573 762 1761 811 superbus

181 810 414 879 θὲὲἓὲὲῑᾚξξξῗ
449 819 513 867 qui
536 819 653 854 nichil
674 820 829 865 habens,
863 820 898 855 in
920 820 1140 869 superbiam
1165 820 1381 863 extollitur,
1414 832 1498 855 cum
1522 832 1541 855 e
1563 820 1759 855 contrario

172 881 242 906 who
264 879 288 906 is
310 879 420 914 prood.
449 877 627 912 divitibus
665 878 787 913 seculi
822 890 895 913 non
934 879 1098 926 superbe
1135 889 1272 926 sapere
1305 890 1380 926 per
1418 878 1644 927 Apostolum
1690 878 1759 913 im-
1782 889 1819 910 10

442 942 620 983 peratur.
681 935 786 984 Quid
836 948 934 986 ergo
978 936 1156 972 stolidius
1196 942 1323 984 potest
1355 935 1453 985 fieri
1490 948 1603 984 quam
1651 935 1759 971 illum

447 992 510 1040 qui
549 1005 624 1042 per
669 993 838 1043 infimam
884 993 1080 1029 miseriam
1128 993 1230 1029 velut
1274 993 1308 1029 in
1356 1000 1463 1028 terra
1514 993 1683 1029 abiectus
1727 1001 1761 1029 et

446 1058 648 1087 extremus
698 1058 732 1087 et
782 1051 936 1087 humilis
986 1051 1161 1087 incedere
1213 1059 1247 1087 et
1298 1051 1525 1087 contristari
1577 1051 1762 1087 debuerat

445 1109 697 1157 supercilioso
720 1110 898 1158 superbie
920 1116 1071 1145 tumore
1093 1109 1265 1160 inflatam
1290 1116 1451 1145 mentem
1477 1116 1610 1145 contra
1631 1107 1760 1145 Deum

446 1167 632 1217 erigere?
664 1168 741 1203 Per
762 1168 864 1216 quod
886 1167 1023 1203 vicium
1059 1168 1158 1216 lapsi
1189 1175 1435 1212 corruerunt,
1468 1168 1532 1215 qui
1553 1167 1587 1202 in
1611 1179 1761 1203 summo
1782 1167 1817 1200 15

448 1225 520 1260 celi
557 1225 701 1260 conditi
737 1233 849 1261 erant
893 1225 1067 1261 culmine.
1125 1226 1202 1261 Sed
1245 1237 1289 1260 ne
1334 1226 1379 1260 de
1418 1232 1650 1274 paupertate
1693 1237 1761 1261 sua

446 1282 648 1318 tristiciam
691 1283 865 1329 habeant,
910 1283 1001 1332 quid
1032 1296 1053 1318 a
1083 1281 1172 1319 Deo
1211 1283 1407 1332 recepturi
1441 1290 1540 1326 sunt,
1569 1289 1763 1332 pauperes

445 1341 655 1377 attendant.
673 1341 758 1390 Ipse
780 1341 876 1377 enim
900 1341 1039 1390 inquit:
1061 1341 1175 1376 Beati
1190 1353 1385 1390 pauperes
1406 1341 1559 1390 spiritu,
1584 1341 1760 1389 quoniam

446 1399 619 1448 ipsorum
654 1406 709 1435 est
733 1412 896 1450 regnum
922 1400 1105 1435 celorum.
1140 1399 1262 1434 Beata
1292 1411 1453 1447 namque
1476 1398 1763 1447 dispensacione

447 1457 672 1493 misericors
704 1457 823 1493 iudex
855 1457 928 1493 celi
959 1469 1122 1508 regnum
1147 1457 1223 1492 illis
1245 1457 1459 1503 committit,
1493 1457 1626 1505 quibus
1650 1456 1820 1506 regni2o

447 1515 594 1551 terreni
630 1515 975 1564 participacionem
1020 1515 1120 1550 inter
1158 1515 1343 1551 mortales
1388 1515 1556 1561 abstulit,
1602 1521 1642 1549 ut
1685 1515 1764 1563 ipse

448 1573 554 1608 dives
585 1573 621 1608 in
654 1573 727 1609 celi
764 1574 854 1609 sede
893 1580 1095 1622 appareat,
1141 1573 1205 1622 qui
1241 1573 1276 1607 in
1316 1579 1423 1608 terra
1463 1572 1579 1608 nichil
1610 1572 1764 1621 penitus

442 1638 646 1680 procurat.
698 1631 920 1666 Cavendum
961 1643 1058 1681 ergo
1092 1630 1330 1680 pauperibus
1369 1638 1437 1676 est,
1482 1643 1526 1666 ne
1565 1630 1654 1665 dum
1692 1642 1765 1679 per

447 1688 708 1725 necessitatem
742 1696 847 1725 terre
879 1701 1043 1739 regnum
1072 1695 1311 1737 pretereunt‚
1340 1700 1415 1737 per
1448 1688 1583 1724 mentis
1615 1688 1762 1737 impru-

449 1747 621 1782 denciam
655 1746 773 1782 eciam
815 1747 985 1782 celorum
1020 1759 1142 1797 regna
1183 1746 1371 1781 amittant.
1422 1745 1517 1781 Cum
1558 1746 1656 1781 enim
1690 1745 1820 1781 Dei25

449 1804 736 1853 dispensacione
794 1811 1063 1853 paupertatem
1128 1804 1384 1840 necessariam
1438 1804 1666 1852 acceperint,
1728 1803 1763 1838 in

448 1863 619 1911 ipsorum
668 1862 831 1898 arbitrio
872 1863 1030 1911 pendet,
1082 1870 1211 1897 utrum
1254 1874 1449 1911 pauperes
1493 1861 1631 1911 spiritu
1676 1861 1762 1897 sint.

448 1921 535 1956 Non
554 1920 779 1968 quibusdam
805 1932 966 1969 namque
976 1920 1214 1969 pauperibus
1237 1920 1309 1956 celi
1330 1932 1493 1970 regnum
1506 1919 1764 1969 promittitur,

447 1979 516 2014 sed
559 1978 617 2014 lzis
661 1979 925 2014 tantummodo
964 1979 999 2013 in
1039 1978 1171 2026 quibus
1210 1978 1437 2013 diviciarum
1478 1977 1643 2026 inopiam
1683 1977 1763 2012 ani-

450 2048 600 2072 morum
635 2036 831 2072 humilitas
864 2036 1080 2072 comitatur.
1116 2036 1272 2085 Pauper
1301 2036 1397 2071 enim
1432 2035 1586 2071 humilis
1614 2047 1766 2084 pauper
1782 2039 1822 2071 30

448 2094 587 2142 spiritu
610 2094 843 2143 appellatur,
867 2095 931 2142 qui
951 2094 1047 2130 enim
1072 2106 1216 2144 egenus
1227 2094 1337 2143 foris
1352 2093 1536 2140 cernitur,
1560 2105 1764 2141 numquam

450 2152 485 2186 in
524 2152 751 2200 'superbiam
803 2152 999 2195 elevatum·
1048 2152 1223 2200 quoniam
1276 2152 1327 2187 ad
1373 2151 1586 2200 appetenda
1641 2163 1763 2201 regna

451 2210 620 2245 celorum
665 2210 756 2258 plus
801 2210 902 2245 ualet
945 2210 1082 2245 mentis
1127 2209 1323 2245 humilitas
1369 2221 1480 2258 quam
1522 2208 1763 2257 presencium

451 2267 679 2303 diviciarum
719 2267 946 2316 temporalis
982 2275 1208 2316 paupertas.
1262 2268 1314 2302 Et
1352 2267 1448 2302 enim
1497 2266 1659 2302 lzmniles
1703 2266 1767 2314 qui

452 2325 610 2361 divicias
643 2326 734 2361 bene
761 2338 963 2374 possessas
1002 2326 1151 2372 liabent,
1192 2332 1355 2374 possunt
1388 2336 1582 2373 pauperes
1626 2324 1821 2373 spiritu35

451 2383 584 2419 vocari
627 2390 661 2419 et
705 2384 892 2432 superbos
943 2384 1059 2419 nichil
1103 2384 1296 2429 habentes,
1350 2383 1455 2418 haud
1505 2382 1658 2417 dubium
1711 2388 1766 2417 est

452 2441 683 2476 beatitudine
710 2441 956 2490 paupertatis
984 2441 1151 2490 privari.
1198 2439 1261 2477 De
1278 2441 1411 2489 quibus
1445 2440 1616 2488 utrisque
1633 2447 1764 2475 sancta

451 2499 648 2547 scriptura
694 2500 744 2534 ita
792 2499 961 2547 loquitur
1006 2499 1155 2534 dicens:
1207 2499 1277 2534 Est
1327 2498 1437 2547 quasi
1486 2497 1606 2545 dives,
1651 2497 1767 2533 niclzil

520 2645 547 2671 S.
578 2645 605 2671 A
634 2645 662 2672 iu
692 2653 805 2680 marg:
840 2644 959 2672 Octava
992 2645 1111 2672 abusio.
1255 2652 1292 2672 12.
1326 2645 1369 2671 A:
1402 2643 1564 2681 infamiam
1596 2643 1762 2670 miseriam.

451 2687 492 2713 19-
506 2680 548 2706 A:
561 2680 695 2706 celorum
708 2680 801 2706 deest.
868 2688 912 2712 21-
930 2680 1164 2715 135preteriunt.
1233 2687 1277 2715 27.
1293 2679 1337 2706 A:
1352 2682 1430 2705 sunt.
1499 2679 1543 2705 28.
1560 2679 1586 2705 A
1602 2678 1632 2705 iu
1648 2686 1761 2712 marga

452 2715 575 2748 Pauper
600 2714 721 2740 lzunu'lis
753 2718 782 2741 et
801 2723 923 2750 pauper
948 2715 1059 2749 spiritu
1211 2713 1255 2747 34.
1286 2715 1323 2741 B:
1358 2714 1462 2740 Eciam
1490 2714 1587 2745 enfin,-
1619 2712 1762 2740 cori-exit.

453 2748 497 2776 ju.
518 2750 559 2775 A:
581 2752 608 2775 cl
629 2749 720 2775 deest.

522 2830 554 2860 4.
594 2821 616 2851 1.
658 2821 749 2851 Tim.
790 2822 845 2860 VI,
888 2832 936 2852 10.
1079 2822 1110 2851 8.
1149 2822 1195 2851 St.
1237 2821 1462 2861 Augustinus,
1501 2820 1521 2850 1.
1558 2829 1585 2850 c.
1624 2829 1655 2860 p.
1690 2828 1764 2859 214.

458 2877 506 2897 11.
535 2867 555 2896 1.
583 2866 674 2897 Tim.
703 2867 758 2905 Vi,
792 2877 839 2907 ¹7·
966 2867 1012 2897 18.
1042 2866 1158 2897 Manli.
1186 2867 1226 2905 V,
1256 2868 1285 2898 2³.
1408 2866 1458 2898 38.
1487 2866 1586 2896 Prov.
1613 2865 1699 2904 ΧΙῖΙ,
1735 2875 1764 2906 7.
