2003 3322
172 224 255 270 484

172 334 276 362 Homo
298 337 421 361 moveat
440 338 573 360 cunctos?
584 333 700 360 viantes
715 338 747 360 ut
767 332 919 367 accipiant
939 340 1003 360 sec-

223 374 285 396 tam
302 368 416 396 Christi
432 372 459 395 et
471 367 615 395 deserant
628 372 753 395 cunctas
765 372 924 395 extraneas
939 368 1001 401 418.

173 404 260 431 Secte
281 407 414 438 quatuor
433 407 557 437 captant
577 403 633 430 sibi
649 402 885 430 infundabiliter
904 410 1002 430 novas

225 439 251 465 le
299 447 304 451 “
349 445 361 464 2
391 458 398 465 .

171 489 204 492 —
232 446 590 507 —gezusstttincrepande’
616 471 687 507 quia
716 476 881 499 assumunt
910 480 1003 507 super

243 516 274 535 se
303 507 409 541 iugum
443 507 584 541 asperius
616 511 645 533 et
673 514 751 534 onus
808 506 911 533 ravius
938 505 1000 539 418.

172 542 284 570 Nullus
305 542 453 569 dominus
483 541 630 568 secularis
650 545 765 568 teneret
814 540 950 568 ominem
971 541 1000 568 in

225 577 369 604 servitute
390 576 481 609 civili,
497 576 555 603 nisi
576 576 605 603 in
627 584 699 603 casu
720 576 874 603 consimili
895 575 1003 603 debeat

224 612 283 639 hoc
304 611 531 639 racionabiliter
551 610 609 637 sibi
629 611 705 638 velle
720 610 781 644 415.

174 646 284 675 Sermo
305 646 431 674 Domini
452 646 482 672 in
505 649 609 672 monte
630 645 782 672 sufficeret
804 645 840 672 ad
863 645 1002 680 regulan-

226 681 300 708 dum
321 681 454 708 viatores
475 679 541 707 368.

173 715 284 744 Sermo
312 715 430 744 Christi
458 714 488 741 in
522 719 626 741 monte
653 722 756 741 sermo
786 714 852 741 eius
882 714 1001 750 primus

227 755 256 777 et
275 751 418 785 publicus
439 757 480 776 10.

172 785 216 812 De
232 785 378 824 dignitate
393 783 549 846 seSrmonis
561 783 675 811 Christi
691 783 721 811 in
735 788 840 811 monte
856 792 897 819 10,
914 792 947 818 11,
964 792 1001 812 12.

170 835 204 839 —
225 824 369 847 servitute
412 827 420 846 1
443 841 447 846 .

171 854 301 882 Duobus
322 828 457 881 dominis
478 861 513 880 an
545 853 660 880 servire
680 853 830 880 debemus
849 852 1001 893 332—339.

172 889 357 918 Sollicitudo
378 888 540 915 cuiuslibet
579 887 715 915 hominis
747 888 836 915 debet
866 888 939 916 ferri
971 897 1001 916 1n

227 924 326 951 Deum
348 922 498 951 338-353.

172 958 339 986 Infidelitas
365 962 412 985 est
431 965 522 985 causa
552 965 647 993 quare
676 957 756 985 circa
786 957 877 984 nobis
900 957 1002 985 rninus

224 993 310 1020 utilia
330 997 449 1020 tantum
478 992 600 1019 solliciti
622 1000 730 1019 sumus
751 990 804 1019 350
822 991 907 1020 -356.

174 1027 305 1063 Signum
354 1027 542 1055 infidelitatis
583 1031 627 1054 est
676 1031 803 1062 propter
850 1028 1000 1054 honorem

225 1062 412 1124 {el61u335rum
446 1066 589 1097 appetere
618 1065 730 1089 statum
761 1062 1000 1090 ecclesiasticum

243 1106 261 1129 4
286 1113 318 1116 -
355 1105 382 1124 o.

175 1131 336 1166 Contingit
356 1131 475 1159 fidelem
497 1135 558 1158 tam
581 1131 618 1158 ab
639 1131 740 1158 amico
761 1138 854 1166 quam
874 1131 1002 1159 inimico

228 1166 308 1193 bona
329 1166 447 1193 maiora
467 1170 495 1193 et
515 1166 636 1193 minora
656 1166 854 1193 substrahere
873 1174 942 1201 407.

173 1201 218 1228 De
238 1201 382 1236 superbia
401 1208 516 1234 21—24.

564 1297 608 1328 T.

175 1362 221 1390 De
240 1363 353 1390 talione
374 1362 522 1398 189-217.

172 1397 253 1425 Pena
278 1397 401 1425 talionis
430 1397 487 1425 fuit
518 1399 598 1425 iusta
624 1402 765 1432 tempore
784 1397 860 1433 legis
881 1398 1001 1431 veteris,

226 1437 367 1467 tempore
399 1433 473 1471 legis
494 1433 595 1468 gracie
621 1432 765 1460 homines
791 1432 903 1460 micius
933 1437 1003 1460 sunt

227 1467 435 1502 pertractandi
457 1474 509 1494 211.

174 1501 379 1536 Temporales
412 1502 531 1529 domini
563 1501 665 1530 dicent
695 1506 724 1529 et
752 1502 921 1529 defendunt
945 1502 1002 1530 Dei

226 1537 381 1564 iusticiam
403 1535 450 1570 36,
471 1535 515 1572 37.

833 231 1050 264 GENERAL
1079 231 1229 264 INDEX.

1075 333 1279 368 Temporales
1316 333 1494 361 venditores
1537 334 1698 363 veniarum
1727 340 1756 363 et
1792 336 1903 364 fratres

1127 368 1293 403 prohibent
1313 369 1459 404 pecunias
1479 369 1622 404 colligere
1641 368 1686 405 37.

1076 402 1196 430 Bonum
1218 407 1262 430 est
1281 404 1421 431 conferre
1447 404 1629 439 temporalia
1649 412 1666 431 a
1685 405 1767 432 clero
1791 413 1839 440 74,
1859 404 1904 440 75.

1076 437 1277 472 Temporalia
1297 446 1406 472 capere
1437 438 1585 466 debemus
1612 439 1784 467 secundum
1817 447 1907 475 regu-

1125 472 1185 499 lam
1207 472 1281 506 legis
1302 472 1416 501 Christi
1437 471 1498 505 341,
1519 472 1584 507 342.

1075 506 1201 534 Domini
1229 508 1417 540 temporales
1449 507 1561 535 debent
1581 508 1761 535 subtrahere
1789 516 1805 535 a
1825 507 1900 535 viris

1126 541 1339 569 eccl-siasticis
1361 542 1535 569 dominium
1557 543 1693 570 seculare
1712 543 1777 576 416.

1074 575 1106 602 In
1129 576 1366 611 temptacionem
1387 576 1456 604 duci
1478 577 1550 612 quid
1572 582 1617 605 est
1636 576 1798 612 296-300.

1073 610 1233 646 Temptari
1255 611 1380 646 quando
1400 615 1489 638 sonat
1508 612 1538 639 in
1560 612 1676 639 bonum
1696 611 1765 644 300,
1786 611 1847 640 301.

1074 645 1157 707 Det-{s
1172 645 1313 708 11οέ1111105
1328 650 1457 681 temptat
1476 646 1506 673 in
1528 654 1639 682 penam
1656 647 1771 682 peccati
1787 647 1902 682 prioris

1143 688 1194 714 00,
1234 688 1276 708 01.

1073 713 1244 750 Theologia
1264 715 1410 742 omnibus
1430 715 1499 742 aliis
1520 715 1629 743 studiis
1657 715 1776 751 melior,
1814 716 1902 743 nobi-

1127 749 1185 776 lior
1205 758 1239 777 ac
1259 750 1477 785 expectabilior
1496 754 1542 777 est
1558 749 1607 785 43,
1625 760 1677 785 44.

1075 784 1163 819 Quos
1182 784 1343 812 thesauros
1358 784 1566 812 thesaurizare
1581 785 1728 812 debemus
1743 783 1896 813 322—316.

1074 819 1175 846 Fictas
1204 819 1391 846 tradiciones
1413 827 1537 846 necesse
1566 824 1610 847 est
1635 820 1802 851 destruere.
1831 828 1900 847 cum

1126 854 1187 881 sint
1207 854 1323 881 abusus
1338 858 1446 881 contra
1466 854 1562 889 legem
1584 854 1711 882 Domini
1732 854 1900 882 introducti

1127 897 1174 928 973
1196 888 1244 928 98:

1075 923 1118 950 De
1137 928 1266 951 tristicia
1286 922 1335 959 319
1353 921 1434 950 -322,

1423 1031 1470 1064 U.
1499 1032 1546 1063 V.

1074 1109 1118 1136 De
1139 1117 1233 1136 usura
1253 1110 1400 1144 216—217.

1074 1144 1203 1179 Propter
1221 1144 1364 1172 timorem
1382 1143 1518 1171 scandali
1539 1143 1653 1170 factum
1676 1151 1736 1171 non
1757 1148 1801 1171 est
1821 1143 1898 1171 veri-

1124 1183 1170 1206 tas
1191 1179 1341 1206 catholica
1361 1178 1554 1213 divulganda
1575 1176 1634 1205 163.

1073 1213 1227 1241 Voluntas
1247 1213 1302 1241 Dei
1323 1221 1382 1249 que
1402 1217 1448 1240 est
1466 1211 1620 1247 277—283.

1073 1263 1106 1268 --
1126 1248 1276 1282 accipitur
1295 1248 1456 1283 tripliciter
1475 1247 1535 1275 281.

1074 1298 1105 1302 —
1127 1283 1290 1317 dupliciter
1311 1287 1412 1345 potest
1432 1282 1496 1310 fieri
1514 1281 1576 1310 281.

1074 1317 1118 1345 De
1138 1318 1294 1345 voluntate
1326 1318 1410 1345 ibera
1430 1317 1497 1354 450,
1518 1317 1578 1351 451.

1448 1422 1520 1454 W.

1074 1501 1195 1563 Wycli6f
1211 1501 1372 1529 confitetur
1405 1509 1436 1528 se
1456 1509 1522 1528 esse
1542 1504 1720 1536 suspectum
1742 1500 1779 1528 de
1800 1500 1900 1528 heresi

1126 1545 1167 1570 44
1193 1557 1199 1563 -

885 2034 1209 2090 Correotlons.

514 2138 593 2173 Pagc
623 2145 664 2173 19.
696 2138 756 2165 line
785 2136 811 2172 3,
843 2138 913 2165 read
935 2138 1091 2165 fructuose
1222 2139 1269 2166 for
1291 2138 1439 2165 furtuose.

560 2184 570 2198 υ
628 2172 674 2207 28,
723 2183 734 2198 u
774 2171 820 2207 34,
878 2183 889 2198 «
940 2173 1057 2200 milicia
1237 2184 1247 2198 κ
1288 2173 1444 2200 miticicia.

627 2207 674 2242 43,
723 2218 734 2232 «
791 2208 816 2243 5,
874 2218 884 2232 υ
937 2208 1092 2243 intrepide
1236 2218 1246 2232 υ
1286 2208 1416 2243 trepide.

636 2242 674 2276 51,
876 2253 886 2267 υ
938 2242 1025 2274 mod:
1239 2253 1250 2267 «
1291 2242 1371 2269 God.

557 2289 567 2301 «
631 2278 673 2311 61,
877 2288 887 2301 ιι
939 2277 1180 2312 righteousness'
1238 2288 1248 2301 υ
1289 2277 1528 2313 righteousness.

558 2323 568 2337 α
625 2312 675 2347 69,
720 2323 730 2337 α
779 2310 821 2346 33,
878 2323 887 2336 υ
939 2312 1078 2339 calcatur
1237 2322 1248 2336 α
1287 2314 1436 2340 calcatur.

560 2358 569 2371 «
628 2347 678 2381 60,
718 2357 729 2371 «
777 2345 819 2381 35,
873 2358 883 2371 u
932 2347 1052 2374 calcari
1236 2357 1246 2371 υ
1287 2347 1410 2374 calcari.

559 2392 568 2405 u
621 2381 675 2418 125,
716 2392 726 2406 «
789 2391 820 2416 4,
872 2392 882 2406 υ
934 2381 1083 2411 kingdom
1236 2391 1246 2405 υ
1287 2381 1462 2421 kingdome.

560 2427 569 2440 (ι
619 2416 678 2450 182,
716 2427 727 2440 (ι
784 2425 814 2451 4,
871 2427 881 2441 «
931 2416 1085 2450 arbitrari⁷
1235 2428 1244 2441 «
1284 2416 1437 2443 arbitrari.

560 2462 570 2475 «
618 2450 674 2484 185,
714 2461 725 2475 u
771 2452 813 2484 16,
872 2462 882 2476 υ
934 2451 1001 2489 fine.
1022 2451 1086 2478 Nec
1106 2455 1193 2487 potes
1233 2462 1243 2475 «
1284 2452 1351 2482 tine,
1372 2459 1427 2478 nec
1448 2455 1556 2486 potest.

565 2498 568 2509 ι
616 2493 674 2521 271,
714 2496 725 2510 «
773 2494 815 2521 11,
875 2496 885 2510 υ
937 2486 989 2513 filu
1009 2485 1063 2513 Dei
1236 2496 1246 2511 α
1287 2485 1355 2519 11111,
1376 2485 1430 2513 Dei
