2003 3322
174 222 246 249 102

196 1609 263 1637 The
282 1609 373 1636 friars
394 1608 433 1635 do

222 1649 274 1671 not
294 1652 347 1671 use
367 1643 417 1670 the

192 1687 277 1706 same
296 1679 444 1714 language

180 1714 210 1741 in
226 1714 330 1752 publ-ic
348 1713 405 1740 and
428 1713 458 1740 in

257 1752 382 1783 private.

195 2014 283 2050 They
304 2015 392 2042 claim
414 2020 443 2043 to

207 2050 374 2077 annihilato
394 2051 444 2077 the

200 2084 291 2111 bread
315 2085 353 2124 by
372 2085 451 2112 their

249 2119 393 2155 blesslng.

872 218 991 251 OPUS
1016 218 1353 251 EVANGEL1CUM
1541 207 1648 261 [CAP.
1667 216 1777 245 xxix,

456 326 529 362 erit
563 325 697 362 nichil.
733 328 782 362 Et
816 326 924 373 quod
958 325 1007 360 sit
1040 324 1081 360 in
1113 325 1244 361 forma
1276 324 1427 369 nichili,
1462 337 1506 360 ex
1538 326 1614 361 hoc
1648 324 1777 362 evidet

457 385 565 432 quod
599 392 655 420 est
686 383 726 419 in
765 384 894 419 forma
928 382 1043 430 panis
1082 391 1120 419 et
1157 382 1222 418 ille
1261 382 1377 430 panis
1416 381 1539 418 nichil
1573 391 1643 428 est⁷
1684 382 1775 419 ideo

457 450 514 478 est
547 441 587 477 in
620 441 751 477 forma
783 439 935 479 nichili„

513 500 627 535 Valet
680 507 813 535 autem
860 497 949 534 talis
997 497 1106 534 racio
1152 497 1189 534 in
1237 497 1420 534 terminis
1464 497 1645 545 positivis
1696 511 1778 534 non

459 556 773 594 distrahentibus
807 555 1034 593 cuiusmodi
1068 564 1126 592 est
1157 556 1354 592 terminus
1388 556 1456 592 iste
1483 557 1620 606 panis;
1664 556 1811 604 panis5

457 615 523 652 ille
559 617 618 660 (ut
650 615 852 663 inquiunt)
887 627 968 650 non
1001 622 1072 659 est⁷
1106 614 1197 650 ideo
1230 614 1353 651 nichil
1386 622 1463 660 θεῖς
1497 626 1570 651 nec
1603 623 1661 651 est
1684 615 1778 651 dare

459 673 572 710 cuius
606 673 792 710 accidens
826 673 925 709 illud
959 681 1016 708 est
1048 673 1178 709 forma
1217 672 1292 708 nisi
1330 671 1450 708 fuerit
1487 673 1618 708 forma
1649 672 1778 720 panis.

460 733 508 768 Et
540 731 631 768 ideo
665 731 851 768 accidens
892 730 990 766 illud
1029 729 1112 766 sine
1152 730 1332 766 subiecto
1372 731 1480 778 quod
1519 730 1658 766 dicunt
1696 742 1780 766 esse

460 789 588 838 ipsam
637 788 811 825 hostiam
851 797 910 825 est
948 787 1072 824 nichil
1116 787 1157 824 in
1196 788 1326 825 forma
1372 787 1524 835 nichili,
1566 796 1603 824 et
1641 787 1696 824 sic
1741 788 1782 824 in

461 847 662 884 audiendo
696 847 838 883 missas
870 847 931 883 vel
962 846 1087 882 nichil
1116 847 1289 882 adorant
1317 845 1371 882 ibi
1394 848 1523 882 Deum
1545 846 1607 882 vel
1639 846 1780 882 saltem
1802 861 1840 882 10

462 905 585 942 nichil
618 904 658 941 in
690 905 819 941 forma
852 903 988 941 nichili
1013 912 1050 940 et
1073 905 1181 952 quod
1204 903 1393 952 inquiunt
1424 916 1465 940 se
1497 916 1580 940 non
1612 905 1782 940 adorare

462 964 572 1000 illam
612 962 786 999 hostiam
833 970 1124 1009 consecratam,
1172 962 1457 998 contradicunt
1502 961 1700 1010 scripture
1745 971 1782 999 et

465 1021 551 1058 usui
592 1020 770 1067 ecclesie,
818 1033 908 1057 cum
955 1019 1154 1068 scriptura
1199 1021 1316 1056 docet
1360 1021 1529 1056 adorare
1576 1028 1780 1057 creaturas

466 1079 565 1116 citra
611 1081 739 1115 Deum
786 1087 823 1115 et
868 1091 941 1115 nos
988 1090 1148 1115 crucem
1197 1077 1360 1114 Domini
1406 1079 1637 1115 adoramus.
1691 1079 1783 1115 Ideo

465 1138 603 1174 dicunt
648 1137 813 1185 quidam
861 1136 1083 1173 deridendo
1135 1136 1231 1172 istos
1286 1135 1484 1172 hereticos
1537 1137 1646 1189 quod
1708 1135 1785 1173 ista
1804 1141 1840 1174 15

465 1195 596 1232 hostia
629 1196 849 1236 secundum
883 1194 1115 1243 opinionem
1151 1207 1289 1231 eorum
1323 1194 1373 1230 sit
1407 1194 1517 1240 cifra,
1564 1202 1649 1230 tum
1691 1194 1785 1243 quia

466 1262 525 1291 est
557 1253 685 1301 figura
718 1252 871 1299 nichili,
906 1252 1001 1302 quia
1036 1252 1163 1300 figura
1190 1252 1304 1300 panis
1338 1251 1405 1300 qui
1438 1251 1563 1288 nichil
1596 1260 1665 1298 est,
1699 1260 1785 1288 tum

466 1312 609 1358 eciam,
644 1311 739 1359 quia
770 1310 894 1347 nichil
926 1310 1058 1359 primo
1093 1310 1306 1358 significat,
1342 1323 1432 1347 cum
1465 1322 1548 1346 non
1580 1309 1637 1346 sic
1667 1309 1786 1358 signi-

468 1370 561 1407 ficat
594 1369 706 1406 illum
740 1381 885 1418 panem
910 1381 1028 1418 quem
1053 1368 1300 1417 Augustinus
1333 1368 1613 1417 imprudenter
1646 1367 1788 1405 asserit

468 1441 541 1466 nos
574 1427 723 1465 videre.
756 1429 839 1464 Nec
872 1427 1005 1476 primo
1039 1428 1107 1464 sed
1136 1439 1206 1475 per
1240 1427 1384 1463 multas
1419 1426 1660 1463 collaciones
1694 1426 1787 1463 fidei
1805 1443 1846 1464 20

470 1486 671 1535 significat
705 1499 849 1534 corpus
882 1485 1044 1523 Christi.
1095 1487 1188 1522 Ideo
1228 1485 1296 1522 illa
1334 1485 1464 1521 forma
1503 1498 1580 1533 que
1624 1484 1788 1533 ponitur

472 1544 743 1583 communiter
775 1556 860 1580 esse
893 1543 1119 1580 rotunditas
1151 1543 1421 1580 verisimiliter
1453 1544 1557 1579 foret
1590 1542 1699 1579 cifra.

530 1604 590 1639 Ad
625 1604 701 1639 hoc
728 1611 862 1639 autem
886 1603 989 1639 valet
1013 1601 1163 1639 heresis
1196 1601 1236 1637 in
1269 1601 1343 1638 ista
1378 1601 1546 1638 materia
1577 1601 1789 1647 seminata,

474 1670 516 1698 ut
549 1661 638 1709 plus
672 1668 941 1709 cognoscatur
973 1673 995 1696 a
1029 1659 1213 1696 fidelibus
1247 1660 1319 1696 hec
1352 1660 1461 1696 scola
1494 1659 1662 1706 diabolig
1697 1671 1790 1696 narn

474 1720 514 1756 in
537 1719 645 1755 scola
667 1719 728 1756 vel
751 1718 906 1767 private
930 1717 1070 1754 dicunt
1093 1718 1196 1754 hanc
1218 1717 1389 1754 heresim
1415 1717 1473 1755 vel
1504 1716 1602 1753 alias
1633 1718 1791 1753 hereses
1808 1724 1847 1755 25

474 1777 683 1826 paululum
722 1776 897 1813 variatas
936 1785 974 1812 et
1013 1775 1172 1824 publice
1218 1775 1357 1812 dicunt
1395 1776 1513 1823 vulgo
1558 1777 1615 1820 (ut
1655 1775 1791 1811 fideles

472 1835 674 1884 inquiunt)
709 1836 817 1883 quod
852 1843 909 1871 est
943 1846 1089 1883 corpus
1114 1833 1278 1870 Domini
1302 1833 1342 1870 in
1364 1834 1495 1870 forma
1518 1832 1647 1881 panis.
1683 1834 1791 1879 Quo-

474 1894 597 1930 modo
643 1906 735 1941 ergo
774 1906 856 1930 non
894 1893 1024 1929 forent
1063 1893 1162 1929 tales
1207 1891 1373 1929 heretici
1419 1891 1665 1928 mencientes
1709 1899 1790 1927 tam

475 1951 700 2001 proditorie
723 1964 843 1999 super
867 1951 1028 1988 Christo
1061 1950 1103 1986 in
1135 1951 1293 1986 hereses
1316 1949 1512 1998 plurimas
1535 1948 1792 1998 profundati?

476 2009 624 2046 Dicunt
657 2009 762 2046 enim
802 2008 1028 2057 superiores
1068 2021 1208 2045 eorum
1242 2009 1351 2057 quod
1390 2008 1535 2045 virtute
1573 2020 1643 2044 sue
1677 2009 1793 2044 bene-
1811 2016 1853 2048 30

476 2067 669 2104 diccionis
702 2069 851 2104 habent
883 2076 1125 2115 potestatem
1160 2065 1435 2103 adnichilandi
1468 2078 1613 2114 panem
1647 2066 1795 2102 frustra

476 2126 671 2172 oblatum,
706 2134 749 2162 ut
777 2134 1045 2172 consecretur,
1081 2138 1171 2162 cum
1195 2133 1286 2173 post
1318 2123 1646 2161 benediccionem
1679 2135 1792 2160 suam

477 2197 559 2220 non
592 2192 773 2220 remanet
806 2183 959 2231 aliquid
992 2184 1100 2231 quod
1134 2182 1206 2219 fuit
1237 2182 1352 2231 panis
1387 2181 1556 2219 materia
1598 2194 1672 2218 nec
1705 2182 1794 2217 sub-

479 2241 683 2279 stancialis
717 2242 847 2278 forma
879 2253 952 2278 nec
985 2254 1077 2289 pars
1110 2240 1389 2289 quantitativa.
1436 2243 1483 2277 Et
1523 2240 1578 2276 sic
1623 2240 1795 2276 innuunt

482 2299 685 2337 Christum
709 2300 1006 2348 promulgando
1038 2299 1079 2335 in
1112 2299 1189 2335 fide
1221 2299 1417 2347 scripture
1441 2298 1793 2335 consecracionem
1812 2305 1850 2338 35

484 2358 589 2394 illius
630 2357 758 2394 hostie
801 2357 1080 2406 imprudenter
1118 2369 1295 2394 asserere
1334 2357 1460 2393 multa
1498 2357 1630 2393 verba.
1676 2356 1794 2392 Tales

485 2425 618 2453 autem
659 2424 898 2464 pompantes
936 2428 977 2452 se
1016 2417 1064 2452 de
1104 2415 1175 2452 tali
1214 2423 1414 2463 potestate
1458 2414 1693 2451 abscondita
1736 2413 1794 2449 in-

485 2476 636 2510 ducunt
669 2473 961 2511 inevidenciam
997 2473 1207 2522 potestatis
1239 2474 1347 2521 quod
1381 2472 1500 2509 simul
1545 2472 1795 2509 adnichilant

484 2541 521 2568 et
566 2541 803 2568 consecrant
841 2532 953 2568 illum
993 2544 1156 2580 panem3
1203 2533 1312 2580 quod
1356 2530 1519 2568 indubie
1562 2533 1669 2567 Deus
1713 2543 1796 2566 non

483 2598 614 2638 potest
646 2590 789 2626 facere.

541 2650 588 2683 Et
621 2647 750 2683 simile
784 2656 841 2684 est
874 2648 922 2684 de
945 2646 1209 2695 indulgenciis
1233 2660 1254 2684 a
1277 2659 1379 2695 pena
1413 2655 1450 2683 et
1484 2647 1601 2694 culpa
1635 2655 1672 2683 et
1705 2658 1795 2682 cum

483 2705 618 2742 multis
650 2705 737 2742 aliis
769 2705 997 2754 pravilegiis
1031 2705 1258 2754 publicatis.

1809 2608 1854 2639 40

551 2858 576 2877 2.
599 2851 643 2878 A:
666 2853 698 2877 tu
718 2859 749 2877 es
769 2849 935 2887 informa.
1008 2850 1053 2886 37.
1075 2852 1118 2878 A:
1139 2859 1171 2878 Se
1190 2850 1227 2878 de
1245 2859 1288 2878 se.
