2003 3322
199 220 273 256 188
896 228 1014 260 OPUS
1040 228 1376 261 EVANGELICUM
1619 218 1726 272 [CAP.
1747 228 1796 255 L1.

481 335 703 370 huiusmodi
732 335 879 384 aliquid
917 335 1035 381 iurat,
1081 342 1116 370 et
1152 336 1186 371 si
1223 336 1357 372 iurare
1401 336 1546 383 liceret,
1593 337 1679 385 quia
1724 349 1796 374 non

481 393 612 428 reddit
644 393 814 429 Domino
851 405 919 429 suo
952 393 1170 429 iuramenta
1202 406 1272 430 sua
1304 395 1373 430 sed
1405 394 1611 438 elementis,
1664 395 1793 444 dupli-

482 450 579 486 citer
605 458 754 500 peccat,
783 451 915 500 primo
946 450 1034 500 quia
1067 451 1184 497 iurat,
1227 451 1364 487 deinde
1396 452 1483 500 quia
1517 452 1670 503 deificat
1701 453 1799 488 illud

475 520 551 557 per
571 509 674 558 quod
695 509 811 545 iurat.
835 509 889 544 Et
912 509 998 544 vide
1018 509 1106 558 quia
1119 521 1193 558 per
1214 509 1369 559 singula
1393 509 1492 545 hanc
1512 510 1706 547 racionem
1731 511 1799 546 dat

481 578 552 602 cur
596 566 678 615 quis
722 579 795 602 non
841 567 975 602 debeat
1019 566 1155 603 iurare
1186 580 1263 616 per
1306 567 1505 603 elementa.
1553 568 1686 617 Neque
1724 580 1831 617 per5

481 624 617 671 celum,
663 624 795 673 inquit,
839 624 926 674 quia
959 625 1123 661 thronus
1161 632 1216 661 est
1247 625 1337 671 Dei,
1381 625 1421 660 ia'
1459 632 1527 672 est,
1572 637 1645 661 non
1679 626 1798 670 Deus,

482 694 600 731 neque
626 694 702 731 per
734 690 895 729 terram,
938 683 1025 731 quia
1064 683 1272 719 scabellum
1306 690 1363 719 est
1400 683 1544 732 pedum
1590 684 1682 730 eius,
1726 696 1799 720 non

482 741 574 785 dea,·
621 752 738 788 neque
775 752 851 789 per
891 740 1184 791 Jerosolymam
1237 741 1324 790 quia
1369 740 1505 777 civitas
1557 748 1613 777 est
1662 742 1801 792 magni

481 798 602 848 regis,
648 810 720 833 non
760 810 928 848 magnus
967 810 1063 843 rex;
1106 811 1224 848 neque
1263 811 1339 848 per
1382 806 1497 847 caput
1544 805 1663 843 tuum,
1711 799 1799 848 quia

482 868 555 892 non
601 863 712 905 potes
755 868 871 892 unum
917 856 1100 905 capillum
1148 857 1277 892 album
1321 856 1467 904 facere
1515 864 1582 892 aut
1625 857 1857 907 nigrumqo

482 913 572 950 Sive
616 926 713 964 ergo
754 926 830 963 per
855 914 967 963 filios
1004 926 1094 950 suos
1134 915 1234 951 iuret
1272 914 1357 963 quis
1403 914 1483 950 sive
1519 926 1596 964 per
1637 927 1678 951 se
1719 915 1800 951 sive

475 983 551 1021 per
583 972 750 1020 aliquem
784 972 998 1018 meliorem,
1034 972 1141 1020 facit
1180 973 1288 1008 illum
1322 979 1505 1021 quantum
1538 973 1590 1008 ad
1619 984 1660 1008 se
1691 973 1802 1022 quasi

480 1030 619 1065 Deum.
654 1031 739 1066 Hec
772 1029 1055 1067 Crisostomus.

222 1106 289 1134 Our
310 1106 441 1141 bishops
539 1086 707 1124 Videtur
739 1086 858 1124 istum
894 1096 1078 1125 sanctum
1111 1088 1346 1136 episcopum
1381 1100 1610 1125 assuescere
1643 1097 1686 1124 ut
1715 1101 1797 1125 non

238 1149 415 1203 ῑξξέὲξὲῃὲὲῑ
482 1144 678 1193 astringat
711 1158 805 1182 suos
827 1146 1010 1182 subditos
1034 1145 1272 1183 iuramentis
1296 1145 1391 1194 quia
1414 1146 1531 1182 fallax
1560 1146 1797 1183 obediencia
1817 1160 1853 1192 Ι5

249 1211 353 1250 which
375 1211 400 1238 is
481 1205 532 1240 ad
565 1216 686 1252 quam
722 1203 871 1241 subditi
905 1203 1024 1240 hodie
1057 1213 1148 1241 sunt
1188 1203 1308 1240 iurati
1347 1203 1479 1240 innuit
1517 1204 1795 1241 obedienciam

210 1251 378 1309 servicicgvitp
398 1245 448 1273 the
481 1260 646 1298 diabolo
679 1270 821 1299 contra
855 1262 1073 1299 Christum.
1120 1265 1209 1299 Non
1243 1261 1348 1298 enim
1382 1261 1551 1311 requirit
1585 1262 1796 1311 episcopus

481 1320 591 1368 quod
613 1328 821 1357 serventur
846 1320 918 1356 Dei
942 1322 1135 1357 mandata
1168 1328 1238 1357 aut
1271 1319 1485 1357 consilium
1520 1320 1794 1369 evangelicum

481 1379 550 1414 sed
583 1379 692 1426 quod
725 1378 897 1426 pecunia
931 1390 953 1414 a
985 1378 1232 1426 pauperibus
1270 1377 1344 1414 sibi
1384 1378 1524 1415 illicite
1562 1378 1612 1415 sit
1645 1387 1795 1415 extorta

481 1444 519 1472 et
562 1435 619 1472 sic
665 1436 818 1472 fructus
863 1435 1080 1473 iuramenti
1125 1435 1254 1473 illiciti
1303 1437 1410 1484 quod
1456 1445 1537 1472 tam
1584 1436 1795 1485 diligenter
1812 1460 1853 1482 20

482 1493 653 1543 requirit
686 1493 901 1542 episcopus
934 1503 1050 1531 sonat
1082 1494 1123 1530 in
1156 1495 1330 1531 fructum
1365 1493 1520 1530 servicii
1542 1493 1793 1532 Antichristi.

481 1555 563 1589 Nec
596 1553 726 1589 audeo
767 1551 901 1589 dicere
941 1553 1048 1601 quod
1087 1552 1162 1589 iste
1202 1554 1342 1589 beatus
1380 1552 1548 1589 omnino
1586 1552 1796 1600 prohibuit

480 1610 769 1657 iuramentum,
817 1623 908 1647 cum
948 1611 1094 1658 allegat
1132 1610 1172 1647 in
1211 1611 1297 1658 lege
1337 1611 1445 1659 quod
1482 1611 1605 1647 homo
1644 1610 1795 1647 iuraret

480 1680 551 1717 per
595 1670 739 1715 Deum,
794 1670 863 1705 sed
908 1669 1009 1705 forte
1053 1668 1109 1705 sic
1156 1667 1351 1705 intellexit
1394 1669 1503 1717 quod
1547 1669 1669 1705 homo
1713 1681 1795 1706 non

480 1726 632 1764 iuraret
670 1726 874 1774 superflue
904 1728 1011 1775 quod
1045 1726 1140 1763 facit
1174 1739 1265 1765 cum
1299 1726 1404 1763 iurat
1436 1725 1520 1762 sine
1552 1725 1640 1762 utili
1673 1739 1795 1763 causa
1811 1739 1851 1771 25

479 1785 540 1821 vel
571 1784 811 1821 necessitate
840 1793 883 1821 ut
907 1784 1085 1822 creditur
1104 1785 1342 1833 Apostolum
1373 1783 1538 1821 iurasse.
1573 1785 1651 1821 Sed
1674 1785 1794 1832 longe

482 1843 596 1880 aliter
628 1842 762 1879 iurent
793 1843 1006 1892 loquentes
1038 1843 1240 1891 superflue
1274 1842 1349 1879 hiis
1383 1841 1535 1879 diebus.

266 1919 331 1946 Em
353 1920 387 1947 of
538 1900 707 1937 Videtur
740 1900 867 1937 eciam
901 1902 1007 1938 hunc
1040 1909 1223 1938 sanctum
1254 1900 1461 1937 intendere
1485 1901 1594 1949 quod
1618 1900 1794 1948 quelibet

190 1955 342 1983 frivolous
363 1956 572 2008 oanis-,pars
605 1958 747 1995 mundi
779 1958 829 1995 sit
861 1959 1118 2004 elementum,
1154 1959 1248 2008 quia
1273 1958 1565 1995 elementaliter
1588 1958 1796 1995 constituit

479 2017 612 2066 ipsum
656 2017 867 2063 mundum,
914 2026 952 2054 et
996 2017 1053 2054 sie
1099 2026 1234 2054 errant
1272 2016 1340 2065 qui
1379 2016 1513 2053 iurant
1557 2028 1628 2064 per
1675 2029 1791 2053 suum
1810 2031 1852 2064 30

479 2074 718 2124 liripipium,
765 2075 895 2112 lucem
929 2076 991 2113 vel
1024 2075 1224 2112 abiectam
1257 2074 1378 2112 aliam
1420 2082 1661 2120 creaturam,
1707 2082 1792 2110 tum

479 2133 575 2182 quia
607 2145 688 2170 non
722 2133 929 2170 continent
967 2146 1009 2170 se
1047 2146 1069 2170 a
1109 2132 1387 2182 superfluitate
1430 2132 1660 2178 verborum,
1707 2140 1792 2168 tum

479 2191 605 2228 eciam
647 2190 741 2239 quia
781 2191 866 2228 sine
914 2204 1035 2228 causa
1080 2191 1284 2240 accipiunt
1324 2198 1552 2227 creaturam
1592 2190 1712 2227 talem
1752 2189 1792 2226 in

479 2249 755 2286 testimonium
808 2262 855 2286 ac
910 2249 942 2285 si
994 2250 1214 2286 secundum
1269 2250 1602 2296 Chrysostomum
1663 2247 1792 2296 ipsam

479 2307 643 2344 fratrem
678 2309 806 2343 Deum
841 2320 972 2343 suum.
1026 2309 1074 2344 Et
1113 2307 1168 2344 sic
1207 2307 1435 2355 intelligunt
1475 2306 1640 2355 quidam
1673 2307 1793 2342 verba
1811 2319 1850 2352 35

480 2365 643 2402 Domini
666 2364 928 2413 precipientis
951 2378 1032 2402 non
1056 2365 1188 2402 iurare
1211 2364 1395 2411 omnin03
1431 2364 1532 2400 sicut
1556 2372 1689 2401 autem
1713 2376 1794 2400 non

480 2432 571 2459 sunt
604 2422 680 2460 nisi
714 2423 790 2460 due
819 2431 1015 2470 creature,
1049 2423 1202 2460 scilicet
1235 2422 1457 2471 corporalis
1495 2430 1531 2459 et
1560 2421 1791 2470 spiritualis,

480 2481 536 2518 sic
568 2494 642 2518 nec
674 2490 767 2517 sunt
805 2480 881 2518 nisi
925 2483 1004 2518 duo
1044 2481 1154 2518 modi
1192 2481 1352 2518 iurandi
1390 2479 1542 2517 scilicet
1585 2479 1717 2516 licitus
1757 2488 1794 2516 et

479 2538 656 2576 illicitus.
690 2541 823 2576 Unum
857 2539 1039 2576 Christus
1072 2539 1261 2588 prohibet
1294 2547 1331 2576 et
1364 2538 1564 2587 reliquum
1598 2538 1795 2586 approbat

549 2728 567 2747 1.
584 2721 629 2747 A:
645 2723 673 2747 et
694 2720 787 2746 deest.
862 2727 887 2746 2.
903 2720 947 2746 A:
962 2719 1118 2746 redderet.
1193 2717 1218 2753 3,
1233 2727 1262 2750 4.
1284 2719 1323 2757 133
1345 2719 1445 2754 idper
1459 2718 1549 2758 quod.
1623 2726 1652 2752 4.
1674 2717 1791 2756 COdds²

477 2754 551 2788 quia
573 2755 669 2782 deest.
743 2754 766 2781 5.
784 2754 822 2781 B:
839 2762 905 2792 qum
925 2754 994 2789 quis
1013 2762 1074 2781 non
1095 2753 1213 2781 debeat.
1305 2758 1333 2795 (2.
1354 2755 1399 2780 A:
1420 2761 1500 2781 enlm
1519 2760 1591 2792 nou.
1626 2787 1631 2791 ι
1666 2761 1692 2787 7.
1712 2753 1741 2780 A
1761 2759 1791 2802 lu

479 2797 595 2850 &2555
617 2797 640 2816 ¹·
665 2831 711 2857 24.
733 2797 780 2851 2¹4²?
798 2789 975 2858 3·ὲὲνέῗὲ
1035 2787 1268 2850 {asima-xit.
1291 2795 1332 2815 ²³·
1354 2787 1793 2861 ἑῖἕῗῲῖαἶίἶὶξηὲὛᾞᾶἕὰὶ

479 2858 572 2885 deest.
646 2865 693 2893 29,
706 2857 752 2885 30.
765 2858 808 2885 A:
826 2858 992 2885 constituta
1008 2858 1106 2893 ipsum
1120 2856 1232 2885 mundi.
1307 2855 1353 2892 36,
1369 2856 1412 2893 37.
1427 2858 1471 2885 A:
1486 2857 1530 2884 sic
1544 2864 1623 2884 enim
1637 2864 1699 2884 non
1712 2858 1791 2884 sunt.
