2003 3322
227 183 317 213 CAP.
337 174 490 232 xxxm]
707 186 919 220 SECUNDA.
946 186 1072 219 PARS.

286 297 341 332 Ex
374 309 453 345 quo
491 295 648 332 videtur
679 296 787 344 quod
827 307 966 332 omnes
998 295 1104 343 leges
1137 293 1235 330 tales
1276 292 1541 341 superfluunt.

229 355 356 390 Debet
380 366 471 401 ergo
497 353 624 389 fidelis
648 354 795 390 habere
819 352 963 389 mentis
985 351 1179 388 iudicium
1215 352 1265 388 ad
1299 350 1542 399 paciendum

230 420 267 447 et
300 424 536 448 consensum
567 411 627 447 vel
659 410 850 447 auxilium
884 410 1064 458 reprobis
1096 410 1437 455 subtrahendum3
1470 421 1544 445 nec

230 469 396 505 dubium
435 469 531 518 quin
570 470 791 505 secundum
830 468 949 505 istam
990 469 1118 516 legem
1159 476 1291 504 stante
1331 466 1543 515 diligencia

198 527 595 575 5evangelizancium
638 535 674 562 et
712 528 968 563 sacerdotum
1007 527 1136 574 legem
1170 524 1320 562 Christi
1358 525 1398 561 in
1437 525 1543 561 facto

230 585 564 633 exemplanciurn‚
637 585 754 633 longe
817 585 905 633 plus
971 584 1255 632 pacificaretur
1318 582 1545 631 respublica

230 655 351 691 quam
382 652 439 679 est
470 644 605 687 modo,
639 651 677 679 et
708 643 899 688 latrones,
934 641 1135 678 homicide
1169 650 1206 678 et
1238 640 1423 677 scelerati
1455 641 1545 688 plus

230 702 529 737 destruerentur
561 701 609 736 ab
644 700 811 737 ecclesia
834 713 955 749 quam
988 709 1079 736 sunt
1113 700 1248 737 modo.
1283 701 1419 735 Potest
1451 711 1545 746 ergo

229 758 357 795 fidelis
396 758 604 795 testificari
642 758 848 794 veritatem
891 758 996 801 fidei,
1036 770 1117 794 non
1149 766 1192 793 ut
1225 757 1355 805 ipsam
1387 758 1544 805 probet,

177 827 215 848 ιο
229 817 298 852 sed
330 825 372 852 ut
404 816 533 864 ipsam
574 817 755 853 enucleet
788 825 825 853 et
857 828 931 864 pro
970 815 1058 863 ipsa
1091 824 1261 852 mortem
1295 815 1327 851 si
1360 823 1547 863 oporteat

229 873 425 922 paciatur.
481 876 575 911 Pars
621 883 755 911 autem
812 873 1010 910 iudicialis
1057 873 1154 921 legis
1200 873 1344 910 veteris
1390 884 1546 909 cessare

230 931 382 978 debuit,
406 944 483 980 que
512 941 629 980 capta
652 932 725 968 fuit
749 944 819 980 per
851 941 970 968 testes
993 931 1053 969 vel
1077 931 1346 968 confessiones
1370 943 1545 976 reorum,

231 989 324 1038 quia
363 999 722 1039 quantumcunque
754 1002 891 1026 verum
932 1002 1038 1026 nunc
1072 989 1241 1025 dixerint
1279 989 1379 1026 tales
1411 998 1545 1034 testeS,

232 1047 449 1084 dimittitur
480 1048 540 1084 lex
574 1048 875 1085 misericordior
904 1056 942 1084 et
967 1047 1195 1084 meritorios
1217 1060 1340 1096 quam
1366 1046 1546 1084 Christus

178 1103 214 1135 15
232 1104 295 1141 hic
326 1105 510 1154 precipit.
544 1107 636 1143 Ideo
668 1119 758 1142 cum
781 1105 949 1142 Matthei
971 1107 1050 1152 VII,
1076 1115 1122 1141 21
1152 1105 1339 1153 prohibet
1363 1105 1546 1141 Christus

230 1163 411 1199 iudicium
450 1165 715 1209 temerarium,
748 1172 792 1200 ut
830 1163 971 1200 asserit
1003 1163 1263 1211 Augustinus,
1305 1172 1342 1199 et
1374 1162 1547 1211 precipit

225 1221 312 1270 pati
331 1221 493 1258 iniurias
515 1222 682 1258 Matthei
697 1223 742 1267 V,
773 1235 830 1268 xo,
866 1221 1075 1258 manifeste
1096 1222 1253 1258 videtur
1276 1223 1385 1270 quod
1408 1233 1548 1258 omnes

234 1279 333 1315 tales
385 1280 492 1327 leges
544 1289 829 1328 persequentes
881 1281 932 1316 ad
977 1292 1120 1328 penam
1168 1288 1351 1327 tempore
1403 1278 1548 1316 veteris

234 1337 465 1373 testamenti
500 1339 621 1375 modo
655 1350 810 1374 cessare
844 1339 1079 1383 debuerant,
1115 1350 1206 1374 cum
1240 1350 1348 1374 nunc
1381 1337 1431 1374 sit
1463 1346 1546 1374 tarn

177 1403 219 1424 20
234 1394 495 1431 temerarium
529 1395 607 1432 illis
639 1395 710 1442 uti,
745 1395 833 1432 ideo
867 1395 1019 1432 dictum
1054 1404 1112 1432 est
1145 1395 1415 1432 communiter
1438 1396 1549 1443 quod

115 1449 196 1494 393ᾱ
234 1452 438 1489 iudicialia
492 1462 529 1489 et
581 1453 858 1490 cerimonialia
909 1454 1006 1502 legis
1057 1462 1167 1490 veter
1194 1452 1199 1505 Ι
1233 1454 1264 1490 is
1319 1453 1548 1490 testamenti

234 1523 389 1548 cessare
413 1512 647 1559 debuerant,
663 1513 731 1548 sed
755 1511 925 1548 moralia
944 1513 1089 1548 debent
1111 1520 1235 1559 stare;
1259 1524 1331 1548 nec
1348 1520 1550 1548 cessarent

233 1569 339 1617 leges
384 1570 536 1617 regales
580 1571 628 1606 de
671 1569 849 1606 vindicta
895 1570 1214 1616 malefactorum,
1268 1570 1360 1619 quia
1403 1582 1549 1618 magna

234 1627 412 1663 vindicta
445 1636 504 1663 est
536 1629 758 1664 secundum
792 1640 931 1664 sensus
964 1627 1159 1664 iudicium
1192 1627 1302 1676 ipsos
1332 1640 1477 1676 capere
1509 1627 1549 1663 in

180 1681 218 1714 25
236 1694 349 1721 reatu
382 1693 420 1721 et
451 1694 592 1733 postea
625 1685 783 1722 mittere
817 1698 883 1722 eos
915 1685 955 1722 in
989 1685 1150 1722 exilium
1181 1695 1219 1722 et
1241 1687 1475 1723 subtrahere
1499 1686 1548 1722 ab

236 1742 331 1791 ipsis
363 1744 586 1791 temporale
618 1743 808 1780 auxilium
843 1753 880 1780 et
914 1744 1348 1782 communicacionem.

681 1904 820 1947 CAP.
851 1905 1095 1947 XXXIII.

296 1999 567 2036 Crisostomus
612 2009 746 2037 autem
792 2013 912 2049 super
964 2001 1040 2039 isto
1091 2011 1200 2038 textu
1244 2001 1300 2038 sic
1352 2000 1549 2050 loquitur:

1755 171 1828 210 365

1592 354 1659 382 The
1679 354 1799 382 faithful

1570 389 1681 416 should
1702 390 1828 416 witness

1592 428 1622 450 to
1642 425 1691 451 the
1712 424 1805 451 truth.

1592 2010 1816 2046 chrysostom:

1582 2045 1661 2072 This
1681 2045 1708 2072 is
1728 2049 1782 2072 not
1801 2053 1818 2071 a

243 2058 411 2102 Quidam
455 2058 556 2094 hunc
599 2059 723 2103 locum
767 2060 975 2095 secundum
1022 2060 1244 2096 huiusmodi
1285 2072 1436 2096 sensum
1482 2071 1550 2095 ex·
1566 2079 1706 2115 warning
1724 2079 1845 2114 against

181 2123 395 2165 3op0nunt,
440 2116 607 2152 dicentes
644 2117 747 2165 quod
778 2118 971 2154 Dominus
1016 2119 1087 2154 hoc
1126 2118 1308 2154 mandato
1348 2129 1419 2153 non
1454 2129 1550 2166 pro—
1567 2116 1626 2142 due
1646 2114 1776 2153 rpproof
1792 2114 1847 2141 but

238 2174 338 2210 hibet
361 2174 592 2210 christianos
614 2186 665 2210 ex
686 2175 952 2211 benevolencia
975 2177 1176 2225 corripere
1198 2176 1296 2212 alios
1318 2175 1552 2211 christianos

239 2232 380 2281 dignos
411 2232 671 2281 correpcione‚
703 2233 771 2268 sed
803 2246 847 2269 ne
878 2241 944 2269 aut
961 2246 1036 2282 per
1058 2234 1286 2270 iactancianz
1311 2233 1457 2269 iusticie
1487 2245 1553 2269 sue

238 2289 473 2325 christianos
513 2290 725 2339 despiciant
765 2299 1004 2339 peccatores,
1051 2293 1287 2342 derogantes
1316 2292 1553 2340 frequenter

240 2348 286 2383 de
332 2347 463 2383 multis
501 2355 536 2383 et
574 2360 624 2383 ex
660 2348 754 2384 solis
780 2350 1017 2397 frequenter
1059 2349 1337 2398 suspicionibus
1381 2350 1551 2386 odientes

183 2418 222 2450 35
239 2413 386 2441 ceteros
419 2412 453 2440 et
484 2406 808 2455 condempnantes
839 2414 874 2442 et
905 2408 973 2443 sub
1006 2408 1133 2456 specie
1159 2408 1318 2456 pietatis
1340 2407 1550 2457 proprium

239 2463 367 2499 odium
392 2470 634 2511 exequentes,
657 2471 692 2499 et
715 2472 755 2499 ut
777 2477 821 2500 ne
841 2465 895 2500 sic
910 2465 1059 2513 quidem
1082 2465 1314 2502 christianos
1336 2465 1552 2514 corripiant

310 2641 335 2676 3,
361 2651 389 2675 4.
423 2643 467 2669 A:
500 2651 538 2669 ne
567 2643 701 2671 dubium.
810 2653 843 2671 11.
870 2645 914 2672 A:
948 2653 1080 2672 cassare.
1189 2653 1231 2673 22.
1260 2647 1304 2673 A:
1337 2654 1371 2672 se
1396 2646 1552 2677 moralia,·

240 2677 282 2704 ib.
302 2679 346 2704 A:
368 2680 536 2704 cassarent.
645 2678 679 2705 28
713 2679 734 2705 B
754 2678 784 2705 in
807 2687 920 2713 marg:
943 2679 1074 2711 XXXII:
1093 2682 1121 2707 A
1140 2680 1170 2707 in
1194 2689 1306 2715 marg:
1333 2680 1549 2708 Crisostomus.

241 2720 287 2748 29.
310 2712 348 2738 ss:
369 2712 533 2739 secundum
553 2712 643 2739 huius
661 2722 790 2741 sensum.
865 2713 905 2741 31.
926 2716 969 2741 A:
991 2716 1071 2742 alios
1092 2715 1185 2742 deest.

313 2795 367 2827 28.
394 2796 459 2837 Op.
488 2797 585 2839 Imp.,
611 2797 633 2829 l.
660 2808 687 2829 c.
714 2809 748 2837 p.
774 2797 853 2841 819.

1601 2154 1722 2184 against
1743 2149 1814 2176 self-

1586 2184 1820 2217 righteousness

1619 2219 1678 2245 and
1700 2218 1790 2253 spite.
