2003 3322
262 906 295 933 In
319 905 370 932 the

198 939 433 976 Judgment-day

212 983 299 1003 mens
319 974 424 1001 works

209 1010 267 1037 and
291 1008 422 1037 motives

180 1045 241 1073 will
256 1045 291 1073 be
304 1043 456 1072 manifest.

889 229 1007 260 opus
1032 228 1369 260 EVANGELICUM
1556 213 1664 270 [CAP.
1686 226 1779 254 [ΝΠ.

524 338 635 373 Patet
686 334 811 372 tercio
864 335 1069 383 quomodo
1113 333 1360 382 Augustinus
1411 333 1532 371 sentit
1575 335 1685 383 quod
1731 334 1781 371 ad

465 393 724 431 senciendum
779 393 931 430 sincere
982 392 1190 429 veritatem
1245 392 1337 429 fidei
1389 391 1430 428 in
1484 392 1559 428 ista
1612 391 1781 429 materia

465 461 623 500 oportet
656 451 779 488 vitare
811 463 950 487 omnes
983 449 1272 487 altercaciones
1295 449 1534 498 sophisticas
1567 458 1604 486 et
1641 462 1782 486 omnes

467 509 752 546 contenciones
776 510 1014 555 mundanaS,
1049 508 1143 556 quia
1175 507 1353 557 pacificis
1377 507 1559 545 concedit
1582 509 1687 544 Deus
1710 520 1781 544 no-

466 567 602 604 ticiam
627 567 859 616 prophetice
881 566 1071 606 veritatis.
1113 568 1161 603 Et
1193 567 1269 603 hoc
1302 575 1434 603 movet
1467 567 1661 614 quosdam
1694 565 1783 602 lites

467 626 562 663 istas
597 625 799 662 dimittere
832 634 869 662 et
901 624 1059 661 veritati
1092 623 1170 662 vite
1215 623 1431 661 christiane
1482 624 1664 660 sollerter
1725 623 1783 660 in-

469 685 649 723 tendere.

969 772 1107 815 CAP.
1141 772 1287 815 LVII.

530 870 803 907 Crisostomus
836 878 972 906 autem
1005 881 1124 917 super
1156 868 1232 905 isto
1266 877 1373 905 textu
1406 868 1461 905 sic
1494 868 1690 916 loquitur:
1743 870 1785 904 In

471 940 542 977 qua
577 928 666 964 die?
704 928 867 972 Quando
898 927 1044 964 venerit
1077 927 1111 963 in
1141 927 1340 963 maiestate
1367 926 1498 976 patris
1521 927 1582 962 sui
1612 933 1646 962 et
1677 939 1785 977 sepa-

474 987 622 1023 raverit
644 998 708 1022 eos
730 987 776 1022 ab
800 986 973 1032 invicem,
1003 986 1101 1022 sicut
1119 992 1260 1035 pastor
1280 997 1448 1036 gregem
1471 997 1601 1021 suum:
1635 986 1786 1033 quando

473 1045 548 1081 iam
582 1057 690 1081 nemo
723 1057 841 1081 ausus
873 1051 928 1080 est
959 1044 1130 1094 garrula
1175 1043 1419 1080 contencione
1456 1055 1677 1079 sermonum
1721 1050 1788 1079 aut

472 1103 712 1140 mendacium
748 1103 957 1151 defendere
988 1109 1054 1138 aut
1085 1102 1357 1138 contradicere
1389 1100 1555 1147 veritati,
1588 1101 1677 1150 quia
1700 1108 1788 1137 tunc

472 1162 548 1198 iam
581 1173 653 1197 non
687 1160 896 1196 mundialis
928 1168 963 1196 et
996 1173 1093 1196 vana
1124 1160 1257 1210 gloria
1274 1159 1522 1196 desideratur
1541 1158 1788 1210 sedflamma

472 1219 603 1255 iudicii
633 1226 668 1255 et
694 1231 795 1268 pena
828 1219 995 1254 timetur.
1029 1218 1072 1254 In
1105 1218 1170 1254 illo
1205 1218 1264 1254 die
1295 1218 1447 1266 quando
1480 1229 1523 1253 os
1554 1229 1627 1253 non
1668 1217 1788 1266 loqui-

473 1285 537 1314 tur
569 1284 604 1313 et
636 1289 731 1326 opus
762 1289 834 1313 non
867 1276 1130 1323 absconditur,
1173 1276 1271 1312 sicut
1302 1275 1339 1311 in
1372 1275 1443 1311 hoc
1474 1282 1660 1325 tempore.
1715 1275 1791 1310 Sed

474 1342 630 1372 econtra
676 1347 795 1384 opera
838 1334 1085 1385 singulorum
1140 1334 1341 1383 loquentur
1393 1340 1429 1369 et
1479 1345 1550 1369 ora
1601 1333 1791 1380 tacebunt,

474 1393 625 1443 quando
658 1405 730 1429 non
758 1405 929 1442 persona
962 1392 1236 1443 interrogatur
1280 1399 1314 1428 et
1357 1391 1592 1428 consciencia
1626 1391 1791 1438 videtur,

473 1452 542 1488 sed
574 1459 730 1488 econtra
763 1450 997 1487 consciencia
1031 1450 1233 1487 discutitur
1266 1457 1301 1486 et
1326 1462 1496 1499 persona
1528 1449 1792 1498 confunditur,

477 1510 623 1546 dicente
654 1509 861 1558 Apostolo:
910 1508 1225 1559 Cogitacionibus
1257 1508 1416 1544 invicem
1449 1520 1489 1544 se
1525 1507 1793 1543 accusantibus

476 1575 541 1604 aut
573 1567 692 1604 eciam
717 1567 1020 1616 defendentibus.
1054 1567 1096 1602 In
1129 1566 1195 1602 illa
1221 1566 1291 1613 die,
1316 1567 1468 1614 quando
1492 1577 1600 1601 nemo
1633 1572 1795 1602 excusat

472 1633 734 1675 peccatorem,
767 1625 836 1662 sed
867 1636 997 1661 omnes
1029 1632 1223 1671 accusant,
1258 1636 1323 1660 nec
1356 1624 1457 1659 alter
1474 1636 1551 1673 pro
1583 1624 1707 1660 altero
1740 1623 1794 1659 in-

477 1683 652 1731 tervenit,
685 1684 755 1719 sed
784 1683 933 1733 singuli
963 1683 1015 1719 ibi
1044 1683 1238 1729 timebunt,
1271 1682 1357 1731 quia
1390 1682 1425 1717 in
1458 1682 1525 1718 illo
1557 1681 1697 1718 iudicio
1721 1694 1793 1718 non

478 1748 589 1778 erunt
621 1748 735 1777 testes
767 1741 995 1777 adulatores
1026 1740 1211 1787 homines,
1255 1740 1325 1776 sed
1355 1740 1490 1790 angeli
1518 1751 1688 1787 veraces,
1721 1751 1794 1775 non

479 1807 591 1836 erunt
642 1799 853 1835 iudicantes
898 1810 1159 1848 personarum
1213 1805 1435 1847 acceptores
1491 1797 1676 1845 homines,
1727 1797 1796 1833 sed

479 1858 586 1894 Deus
618 1857 740 1893 iustus
772 1857 836 1905 qui
867 1857 1008 1893 reddat
1040 1856 1239 1905 unicuique
1270 1856 1380 1892 iuxta
1413 1868 1533 1904 opera
1563 1868 1648 1902 sua,
1681 1867 1794 1904 quam

477 1915 639 1965 proprie
691 1914 908 1951 timencium
974 1914 1169 1951 hominum
1222 1921 1257 1951 et
1307 1914 1510 1964 angustias
1555 1913 1795 1962 paciencium

481 1986 610 2010 vocem
645 1973 839 2022 expressit
871 1973 1018 2008 dicens:
1052 1972 1218 2008 Domine
1250 1972 1425 2008 Domine.
1460 1972 1547 2007 Non
1580 1971 1678 2007 enim
1711 1971 1796 2020 suf-

468 2032 559 2082 ficit
603 2031 660 2067 illi
700 2031 820 2067 semel
863 2031 991 2067 dicere
1023 2030 1189 2067 Domine
1232 2042 1344 2078 quam
1392 2029 1596 2066 necessitas
1648 2028 1799 2065 timoris

480 2089 678 2140 astringit.
732 2089 868 2125 Nonne
912 2089 948 2124 in
993 2089 1143 2125 nomine
1187 2095 1250 2124 tuo
1291 2087 1643 2137 prophetavimus?
1699 2087 1796 2124 Con-

480 2148 610 2184 sidera
634 2147 720 2196 quia
738 2146 774 2182 in
797 2147 947 2183 nomine
962 2147 1102 2192 dicunt,
1136 2158 1209 2182 non
1241 2146 1277 2181 in
1299 2146 1450 2195 spiritu,
1484 2145 1569 2194 quia
1593 2145 1628 2181 in
1650 2145 1800 2182 nomine

487 2205 636 2241 Christi
666 2204 779 2241 multi
808 2205 1008 2240 ambulant
1050 2204 1115 2253 qui
1157 2216 1229 2240 non
1263 2204 1400 2240 habent
1437 2203 1617 2252 spiritum
1657 2203 1803 2239 Christi

482 2264 550 2300 sed
599 2263 808 2299 seducendi
848 2275 976 2300 causa.
1020 2263 1111 2298 Ideo
1156 2275 1228 2298 non
1272 2273 1322 2298 ex
1365 2261 1516 2298 nomine
1552 2261 1701 2298 Christi
1741 2273 1801 2298 co-

481 2321 695 2373 gnoscendi
734 2328 821 2356 sunt
858 2320 1072 2357 Christiani
1111 2321 1180 2356 sed
1223 2320 1268 2356 de
1299 2319 1438 2368 spiritu
1476 2319 1634 2355 Christi.
1687 2319 1801 2371 Ergo

478 2380 716 2430 prophetant
759 2379 795 2414 in
840 2379 990 2414 nomine
1046 2378 1203 2424 Christi,
1249 2378 1284 2413 in
1328 2378 1469 2426 spiritu
1530 2384 1656 2413 autem
1721 2377 1799 2413 dia-

484 2438 573 2485 boli,
606 2437 736 2486 quales
767 2443 855 2472 sunt
887 2436 1159 2472 dominatores.
1200 2436 1278 2472 Sed
1308 2436 1361 2471 sic
1393 2435 1677 2482 discernuntur,
1708 2447 1801 2484 quo-

485 2496 586 2531 niam
622 2495 797 2531 diabolus
829 2495 1021 2530 interdum
1056 2506 1147 2530 vera
1181 2494 1282 2529 dicit.
1323 2494 1487 2529 Sanctus
1518 2500 1643 2529 autem
1677 2492 1801 2542 Spiri-

486 2561 545 2589 tus
597 2565 788 2601 nunquam
843 2552 1035 2591 mentitur.
1091 2550 1321 2589 Concessum
1374 2558 1429 2587 est
1473 2558 1598 2587 autem
1644 2558 1679 2587 et
1717 2550 1800 2586 dia-

486 2612 572 2649 holo
624 2610 817 2647 interdum
871 2610 1000 2646 dicere
1051 2610 1265 2653 veritatem,
1317 2617 1356 2645 ut
1400 2608 1639 2646 mendacium
1690 2621 1801 2645 suum

558 2773 577 2791 1.
600 2765 626 2791 A
648 2764 677 2791 in
701 2772 814 2799 marg:
836 2772 868 2799 3.
943 2763 969 2791 8.
993 2764 1014 2790 B
1036 2763 1063 2790 in
1088 2771 1200 2798 marg:
1221 2769 1278 2797 34.
1352 2761 1396 2798 37.
1419 2762 1456 2788 B:
1478 2769 1581 2788 verum
1602 2761 1687 2788 dicit.

556 2847 587 2880 9.
615 2838 682 2879 Op.
710 2837 793 2878 Imp.
822 2847 853 2878 p.
881 2835 957 2870 831.
1057 2845 1108 2867 20.
1137 2836 1236 2866 Rom.
1265 2835 1302 2875 ΙΙ,
1335 2836 1384 2866 15.
1483 2833 1534 2865 28.
1563 2834 1664 2864 Rom.
1692 2832 1730 2872 ΙΙ,
1757 2830 1787 2863 6.

1807 938 1845 959 10

1811 1217 1847 1249 15

1811 1516 1852 1538 20

1811 1795 1851 1828 25

1814 2085 1858 2118 30

1817 2373 1856 2408 35
