2003 3322
751 177 968 209 GENERAL
998 178 1146 210 INDEX.

487 282 532 312 L.

94 347 196 375 Nolite
234 352 340 382 putare
375 348 522 383 quoniam
554 348 622 375 veni
666 348 785 375 solvere
823 348 920 383 legem

146 382 305 418 quomodo
325 382 503 417 intelligitur
524 381 659 410 113-118.

96 416 247 452 Discipuli
268 417 452 445 Antichristi
486 417 630 444 scindunt
648 417 782 444 tunicam
805 417 920 444 Christi

145 451 370 486 inconsutilem,
415 451 463 479 uia
477 452 574 490 legem
591 451 704 479 Christi
725 452 858 491 lacerant
872 459 919 487 79.

92 486 238 513 —dieunt
249 486 329 521 quod
342 487 389 514 lex
414 486 512 513 'hristi
525 486 862 522 estimpossibilissima
873 493 919 521 79.

91 536 124 540 ——
144 520 272 548 dilatant
291 521 387 556 legem
409 520 523 548 Christi
543 528 591 556 79.

92 570 125 574 ——
154 563 246 590 super
275 556 371 591 legem
406 554 519 583 Christi
552 555 718 583 investium
753 555 834 591 leges
865 556 920 582 hu-

144 598 251 617 manas
272 598 287 605 -
314 611 319 616 .

92 597 318 660 Quamcunqsge
333 625 428 660 legem
441 625 609 652 humanam
623 625 692 660 quis
707 625 919 660 dogmatizan-

142 659 182 686 do
197 659 335 686 docuerit
353 659 454 694 ipsam
471 659 572 686 fideles
593 667 655 686 non
670 660 834 695 accipiunt,
856 660 915 687 nisi

137 693 174 720 de
193 698 308 727 quanto
335 702 370 721 ex
390 694 454 729 lege
474 694 599 721 Domini
621 698 664 721 est
690 694 817 722 fundata
838 701 917 728 11,12.

90 728 153 755 Lex
173 728 283 762 civilis,
314 729 433 763 papalis
466 728 529 756 sive
549 730 696 756 canonica
724 729 826 756 statim
847 737 918 756 con-

143 763 322 798 tempnitur,
360 763 420 790 nisi
458 763 494 790 de
526 768 640 799 quanto
675 764 762 799 origo
794 764 858 791 eius
887 764 916 791 in

142 797 206 832 lege
226 796 351 824 Domini
374 802 420 825 est
439 798 545 825 edocta
566 806 605 825 12.

92 831 175 859 Olim
196 836 323 867 propter
352 833 563 859 servacionem
597 833 672 868 legis
693 833 809 861 Christi
837 841 917 860 mar-

142 871 235 902 tyres,
274 866 370 894 eciam
397 868 505 894 tenelle
531 867 666 902 virgines
688 868 917 907 qualescunque

143 908 238 936 penas
258 902 400 936 corporis
420 903 599 936 tolerarunt,
621 902 717 929 modo
739 911 917 938 superiores

142 935 267 963 ecclesie
305 944 367 963 non
399 936 514 964 audent
543 945 600 972 pro
628 937 807 965 defensione
839 938 916 972 legis

142 969 258 998 Christi
280 971 407 1005 perdere
428 979 525 1005 pauca
544 972 727 1006 temporalia
748 970 785 999 13.

88 1004 259 1032 Admittere
286 1013 379 1040 super
404 1006 499 1045 legem
533 1006 660 1033 Domini
693 1006 788 1042 legem
817 1007 917 1034 homi-

142 1047 216 1066 num
237 1043 412 1067 extraneam
441 1049 472 1067 111
492 1041 556 1080 lege
577 1041 702 1068 Domini
723 1049 784 1068 non
805 1042 915 1069 funda-

141 1078 204 1101 tam
252 1074 368 1102 indicat

142 1108 259 1137 Christi
281 1116 320 1136 12.

90 1143 153 1171 Lex
173 1143 303 1183 papalis,
333 1144 379 1171 lex
399 1145 534 1171 humana
555 1149 600 1171 est
628 1144 658 1172 in
692 1153 803 1180 magna
833 1154 915 1174 reve-

143 1186 254 1212 rencia,
276 1179 324 1206 lex
343 1178 400 1206 Dei
422 1187 484 1206 11011
506 1179 669 1207 estimatur
690 1189 750 1215 147,
775 1180 836 1214 148.

87 1212 269 1241 Adversarii
300 1213 375 1248 legis
410 1213 527 1241 Christi
559 1214 665 1242 dicunt
701 1215 792 1243 fidem
825 1224 915 1243 evan-

140 1247 209 1283 gelii
229 1256 297 1275 esse
316 1248 425 1275 falsam
447 1248 503 1276 158.

88 1282 184 1310 Dacio
222 1282 315 1310 libelli
360 1283 479 1318 repudii
514 1287 652 1319 tempore
691 1285 765 1320 legis
803 1286 914 1313 veteris

140 1317 199 1345 fuit
216 1317 299 1345 licita
319 1325 380 1353 174,
400 1318 455 1353 175.

86 1351 182 1387 Leges
213 1352 347 1379 humane
375 1352 549 1380 introducte
581 1353 638 1388 legi
671 1353 725 1381 Dei
762 1354 914 1382 contrarie

141 1391 212 1414 sunt
231 1387 362 1414 heretice
382 1387 439 1422 175.

86 1420 192 1448 Novas
228 1422 310 1457 leges
341 1422 398 1457 legi
430 1422 485 1450 Dei
524 1422 636 1450 addere
668 1430 729 1450 non
765 1423 913 1452 debemus

179 1464 197 1483 0
249 1464 289 1488 71.

85 1464 181 1526 Lege}
201 1465 306 1518 ycicssiles
327 1499 387 1518 non
403 1491 516 1519 directe
537 1491 712 1527 proficiunt,
733 1501 839 1527 ymmo
859 1501 913 1520 no-

139 1530 208 1552 cent
241 1530 268 1553 81
299 1526 397 1553 11111110
430 1527 528 1562 magis
563 1527 643 1562 leges
672 1528 799 1563 papales
832 1528 912 1556 circa

139 1560 285 1588 beneficia
305 1565 481 1589 curatorum
503 1569 570 1589 200.

85 1594 206 1657 Borlium
228 1600 318 1631 esset,
347 1603 409 1623 non
430 1604 497 1623 esse
523 1597 553 1624 in
574 1597 701 1624 ecclesia
722 1597 818 1632 legem
839 1598 913 1626 civi-

149 1637 196 1657 em
216 1637 282 1657 200.

84 1664 146 1691 Lex
168 1665 296 1692 hortans
316 1665 352 1692 ad
373 1664 584 1693 iniuriandum
606 1670 651 1693 est
665 1666 798 1694 heretica
819 1666 875 1696 213.

85 1698 129 1726 De
149 1707 255 1726 amore
274 1699 350 1735 legis
370 1699 496 1727 Domini
517 1700 580 1728 228.

84 1733 147 1760 Lex
180 1734 309 1769 papalis,
341 1734 512 1769 imperialis
552 1740 579 1762 et
608 1736 719 1770 regalis
757 1737 912 1765 sentencie

137 1767 240 1796 divine
261 1769 298 1796 de
317 1769 432 1797 iudicio
452 1770 670 1798 contradicunt
689 1769 755 1806 367.

87 1818 121 1822 -—
140 1802 256 1831 Christi
285 1803 440 1831 sufficiens
467 1808 512 1831 est
540 1805 577 1832 ad
604 1809 699 1833 totam
727 1806 910 1834 militantem

141 1838 301 1865 ecclesiam
323 1839 525 1874 regulandum
546 1837 613 1875 367,
633 1838 701 1875 368,

83 1871 117 1899 In
138 1872 202 1907 lege
221 1873 323 1908 gracie
343 1873 474 1909 apostoli
498 1882 575 1909 pura
595 1874 660 1910 lege
680 1875 828 1911 evangelii
848 1875 911 1903 fue-

137 1912 207 1934 runt
223 1908 355 1943 ,regulati
375 1907 441 1936 368.

83 1941 220 1977 Populus
240 1942 380 1970 Hebreus
411 1943 441 1970 in
462 1944 488 1971 18
512 1952 527 1971 8
552 1944 646 1971 veteri
667 1945 783 1979 optime
804 1953 911 1972 secun-

136 1976 209 2004 dum
230 1977 326 2012 legem
347 1977 474 2005 Domini
509 1979 552 2005 uit
572 1979 729 2014 regulatus
748 1978 814 2014 367,
843 1978 909 2007 368.

83 2010 179 2043 Leges
205 2011 338 2039 humane
360 2017 430 2039 sunt
454 2013 644 2040 admittende
673 2022 688 2040 a
719 2014 909 2050 doctoribus,

135 2046 172 2072 de
192 2051 307 2081 quanto
327 2052 500 2075 consonant
518 2048 576 2082 legi
598 2048 652 2075 Dei
673 2047 740 2083 368,
761 2048 829 2083 369.

82 2080 145 2107 Lex
163 2080 218 2108 Dei
240 2089 294 2116 per
313 2089 345 2109 se
366 2082 477 2109 sufficit
495 2081 562 2110 380.

83 2114 127 2142 De
147 2115 271 2142 lucerna
290 2116 433 2151 corporis
454 2117 549 2144 nostri
570 2115 726 2152 326-329.

82 2148 222 2177 Lucerna
241 2155 316 2186 quot
337 2151 440 2178 modis
460 2151 610 2186 accipitur
631 2152 693 2187 108,
715 2160 778 2188 109⁷
801 2161 856 2180 110.

84 2183 154 2211 Non
174 2185 254 2211 valet
284 2186 445 2213 excusacio
466 2195 525 2222 qua
554 2187 679 2222 quidam
701 2187 806 2214 dicunt
826 2187 909 2223 quod

134 2219 196 2246 11011
217 2219 330 2247 habent
348 2221 502 2248 lucernam
525 2229 698 2257 accensam,
719 2222 790 2257 quia
811 2222 911 2250 deficit

134 2253 177 2280 eis
197 2254 300 2281 lumen
322 2255 453 2282 sciencie
473 2264 528 2283 110.

82 2287 249 2350 Vos6estis
280 2289 332 2316 lux
364 2290 483 2325 mundi,
534 2291 694 2326 quomodo
731 2291 911 2327 intelligitur

172 2338 205 2342 —
232 2331 242 2343 7

81 2330 286 2392 Pro7priegr3ates
306 2358 383 2386 lucis
426 2368 461 2386 118
482 2364 553 2387 511111
572 2360 620 2395 76,
638 2359 763 2395 80—90.

81 2391 229 2419 Doctrina
254 2392 369 2421 Christi
421 2402 435 2421 e
463 2394 529 2421 luce
556 2395 708 2422 sufficeret
742 2394 909 2423 christiano

133 2434 190 2461 pro
211 2427 359 2462 regimine
378 2428 408 2455 in
429 2429 478 2456 via
498 2433 526 2456 et
547 2429 644 2463 patria
664 2429 709 2458 82.

81 2460 172 2488 Lucis
184 2462 386 2496 proprietates
397 2462 634 2491 dicuntcuilibet
644 2464 823 2499 christiano,
835 2473 910 2500 quo-

132 2495 226 2522 modo
247 2496 448 2535 vivethuoad
469 2498 578 2531 Deum⁷
617 2499 718 2533 quoad
745 2507 776 2525 se
795 2499 909 2534 ipsum,

79 2530 267 2592 11οὲῗέῗὲἐῖ
272 2537 477 2605 Γὲἒὲωρξῖὲεῗ
492 2533 819 2602 ἒέἒῖῗεὲἶῗέῗπὺέέ
837 2541 909 2595 ἐξ.

131 2599 183 2626 lux
203 2599 323 2631 mundi,
345 2608 415 2628 cum
436 2606 497 2628 Sint
516 2602 640 2629 tenebre
660 2602 695 2637 78

83 2633 345 2697 Luxl..mesi510si³
370 2636 559 2671 prelatorum
589 2636 680 2664 debet
711 2645 777 2664 esse
808 2638 909 2673 patula

133 2676 200 2695 3115
221 2676 258 2702 24

85 2702 204 2730 Omnes
230 2703 372 2731 homines
406 2708 439 2731 ut
458 2704 511 2732 filii
543 2705 620 2733 lucis
650 2706 845 2733 ambularent
864 2714 909 2733 se-

132 2738 268 2765 eundum
290 2738 463 2766 doctrinam
483 2740 630 2774 Apostoli
652 2740 698 2773 80,
720 2740 759 2768 81.

81 2771 165 2799 Beati
188 2772 239 2808 qui
259 2773 362 2809 lugent
381 2774 539 2809 quomodo
560 2775 739 2810 intelligitur
759 2774 872 2803 28—33.

423 1075 633 1110 perdicionem
681 1076 797 1104 amoris
841 1077 916 1111 legis

1733 172 1810 217 481

1379 283 1438 314 M.

996 346 1107 374 illalum
1129 348 1254 383 dupleX‚
1275 350 1389 376 malum
1411 357 1487 385 pene
1507 354 1535 376 et
1555 350 1643 385 culpe
1662 358 1734 385 444.

993 382 1020 408 A
1042 383 1123 409 malo
1143 382 1265 410 liberari
1287 384 1359 419 quid
1381 389 1425 411 est
1444 383 1600 419 302—307.

995 416 1177 479 ngtfimala
1193 422 1263 445 sunt
1282 426 1298 445 a
1319 419 1431 454 quibus
1452 418 1575 446 liberari
1590 419 1737 446 debemus
1753 417 1821 454 304,

1065 459 1082 478 0
1103 473 1108 478 .

992 486 1137 513 Mandata
1158 487 1287 514 minima
1307 496 1366 522 que
1387 493 1457 515 sunt
1478 495 1535 524 119,
1559 495 1617 523 120,
1639 495 1700 523 124,
1721 489 1775 516 125.

992 536 1026 540 —
1046 529 1104 556 que
1125 526 1195 548 sunt
1215 522 1367 549 servanda
1389 530 1448 556 124.

992 555 1036 582 De
1075 556 1173 583 heresi
1203 556 1435 584 Manicheorum
1471 565 1530 592 qua
1563 557 1595 587 S.
1626 559 1819 593 Augustinus

1044 590 1156 617 dicitur
1176 591 1271 618 fuisse
1291 592 1425 619 irretitus
1444 592 1511 623 438.

991 624 1200 652 laudabiliter
1232 626 1421 662 quiescimus
1447 628 1483 654 ab
1518 627 1663 663 operibus
1693 636 1819 655 manua-

1044 659 1123 686 libus
1144 660 1173 687 in
1196 660 1243 687 die
1264 661 1420 688 dominica
1441 670 1494 698 117.

991 693 1034 720 De
1056 694 1255 722 matrimonio
1279 696 1424 731 165-177.

991 728 1239 756 Consuetudines
1268 731 1348 757 circa
1381 730 1614 759 matrimonium
1646 732 1676 759 in
1706 732 1819 767 Anglia

1042 767 1070 790 et
1090 763 1237 791 Hibernia
1257 772 1315 799 172,
1337 764 1394 800 173.

990 797 1112 825 Maxilla
1139 798 1243 826 dextra
1273 800 1433 835 quomodo
1461 800 1640 835 intelligitur
1667 799 1815 836 193—197.

990 832 1199 860 Mendicantes
1243 839 1366 869 captant
1400 835 1457 862 sibi
1500 835 1625 862 divitem
1666 837 1815 870 populum

1042 875 1132 902 quem
1154 868 1254 895 statim
1278 869 1412 904 spoliant
1432 874 1502 905 post
1522 878 1697 898 sermonem
1718 878 1733 898 2

989 901 1137 929 Miracula
1151 910 1212 930 non
1234 903 1307 930 dant
1327 904 1417 931 fidem
1435 904 1471 931 ad
1493 904 1731 932 discredendum
1753 913 1818 932 ver-

1043 937 1089 963 bis
1109 938 1294 972 evangelicis
1313 938 1375 972 455.

988 970 1032 998 De
1053 971 1267 1000 misericordia
1286 973 1408 1006 40—50.

988 1005 1201 1033 Misericordia
1232 1007 1305 1042 quid
1338 1012 1382 1035 est
1414 1008 1583 1035 secundum
1614 1008 1810 1036 Lincolnien-

1042 1049 1105 1067 sem
1126 1049 1169 1074 4¹·

988 1075 1090 1102 Prima
1106 1076 1319 1104 misericordia
1340 1081 1385 1104 est
1406 1085 1495 1104 amor
1515 1077 1668 1105 relevandi
1690 1078 1813 1106 stultum

1039 1118 1055 1137 a
1076 1111 1205 1138 stulticia
1226 1111 1352 1139 miserie
1372 1119 1420 1145 42.

987 1144 1144 1207 Eximiurr}
1188 1154 1267 1180 opus
1302 1147 1516 1174 misericordie
1551 1152 1596 1175 est
1641 1148 1816 1182 predicacio

1038 1186 1075 1212 42
1107 1189 1126 1212 4
1149 1202 1154 1206 .

986 1214 1069 1241 Beati
1080 1203 1307 1242 ’misericordes
1327 1215 1486 1251 quomodo
1507 1215 1686 1252 intelligitur
1705 1226 1755 1251 40.

985 1249 1019 1276 In
1034 1250 1120 1276 omni
1132 1250 1418 1277 communicacione
1432 1251 1674 1279 christianicum
1691 1252 1815 1280 homine

1038 1284 1282 1312 misericorditer
1301 1289 1345 1312 est
1364 1285 1517 1321 agendum
1537 1294 1606 1320 204.

986 1318 1030 1346 De
1050 1319 1165 1347 miticia
1184 1327 1303 1354 24—27.

985 1353 1074 1381 Mites
1095 1354 1300 1392 possidebunt
1318 1359 1430 1382 terram
1452 1355 1627 1384 vivencium
1654 1356 1813 1392 quomodo

1037 1389 1217 1425 intelligitur
1236 1396 1284 1417 20.

986 1423 1120 1459 Modius,
1143 1424 1302 1459 quomodo
1322 1423 1501 1459 intelligitur
1521 1433 1583 1459 109,
1604 1433 1659 1453 110.

987 1458 1115 1485 Moralia
1134 1459 1210 1493 legis
1228 1459 1338 1486 veteris
1358 1464 1430 1486 sunt
1448 1460 1579 1488 tenenda
1601 1469 1654 1495 117,
1675 1468 1735 1494 124.

985 1492 1067 1520 Beati
1089 1493 1206 1521 mundo
1239 1494 1342 1524 corde,
1375 1495 1524 1529 quoniam
1546 1495 1693 1523 videbunt
1712 1496 1810 1523 Deum

1038 1528 1198 1563 quomodo
1220 1528 1398 1564 intelligitur
1419 1528 1537 1565 50—54.

1371 1614 1420 1645 N.

985 1678 1100 1706 Omnia
1138 1686 1195 1713 que
1221 1679 1360 1706 evenient
1391 1679 1428 1707 de
1460 1682 1638 1709 necessitate
1672 1683 1810 1710 evenient

1037 1721 1093 1748 101,
1117 1721 1176 1745 102,
1197 1713 1262 1748 267,
1282 1714 1340 1747 451.

983 1748 1054 1776 Νο11
1076 1748 1229 1784 sequitur:
1251 1748 1283 1777 Si
1304 1749 1410 1776 omnia
1425 1758 1483 1785 que
1503 1751 1642 1779 evenient
1654 1752 1690 1779 de
1711 1760 1816 1780 neces-

1036 1783 1121 1810 sitate
1150 1783 1299 1819 evenient,
1320 1788 1391 1811 tunc
1411 1792 1474 1812 non
1494 1786 1617 1821 expedit
1637 1795 1724 1814 orare
1745 1788 1809 1823 267.

1377 1881 1418 1912 O.

983 1945 1038 1972 Per
1052 1945 1264 1973 obedienciam
1275 1947 1468 1981 Augustinus
1484 1955 1545 1974 non
1560 1947 1700 1983 intelligit
1713 1948 1811 1975 fictam

1035 1980 1247 2008 obedienciam
1274 1981 1305 2008 in
1338 1982 1428 2009 novis
1449 1982 1613 2010 ordinibus
1634 1983 1686 2010 sed
1708 1983 1808 2010 solum

1034 2014 1246 2042 obedienciam
1267 2015 1331 2042 Deo
1353 2024 1395 2047 11-

983 2048 1026 2076 De
1047 2053 1117 2077 octo
1138 2050 1355 2078 beatudinibus
1376 2059 1484 2087 14-17.

983 2083 1015 2112 Si
1044 2084 1151 2111 oculus
1181 2085 1285 2112 dexter
1305 2086 1491 2113 scandalizat
1523 2090 1550 2113 te
1577 2087 1738 2122 quomodo
1765 2087 1812 2114 in-

1033 2118 1177 2154 telligitur
1198 2119 1342 2147 156—165.

983 2153 1116 2180 0811111111
1137 2154 1310 2189 simplicem
1332 2155 1401 2190 quis
1422 2155 1514 2182 habet
1532 2153 1684 2183 330-332.

981 2203 1014 2207 —-
1033 2188 1195 2215 sordidum
1216 2189 1285 2224 quis
1307 2189 1396 2216 habet
1415 2188 1567 2217 330-332.

983 2222 1084 2249 Offere
1105 2231 1233 2250 munera
1253 2224 1413 2259 quomodo
1435 2225 1583 2252 debemus
1604 2223 1749 2259 134—141.

983 2257 1125 2284 Christus
1146 2257 1272 2285 damnat
1297 2259 1410 2286 iniusta
1431 2267 1525 2294 opera
1545 2264 1574 2287 et
1594 2259 1726 2287 iniustos
1748 2268 1810 2287 ser-

1034 2300 1143 2319 mones
1165 2300 1223 2327 120,
1245 2292 1304 2320 130.

983 2325 1097 2353 01111113
1128 2335 1222 2362 opera
1242 2327 1357 2355 Christi
1380 2328 1559 2356 humanitus
1580 2337 1596 2356 a
1618 2328 1726 2356 deitate
1746 2330 1810 2357 fue-

1035 2365 1106 2388 runt
1125 2370 1211 2389 exem
1238 2362 1297 2389 lata
1317 2369 1342 2389 2.

983 2395 1080 2423 Orare
1101 2404 1159 2431 que
1180 2396 1216 2423 de
1242 2405 1328 2424 emus
1349 2405 1420 2431 400.

982 2430 1025 2457 De
1045 2431 1191 2458 oracione
1210 2431 1368 2458 dominica
1388 2430 1545 2466 267-307.

981 2465 1079 2500 Digne
1100 2465 1234 2493 dicentes
1264 2466 1441 2493 oracionem
1472 2467 1662 2494 dominicam
1695 2468 1810 2495 habent

1034 2507 1050 2526 a
1069 2499 1134 2527 Deo
1155 2504 1336 2535 potestatem
1357 2509 1423 2528 esse
1444 2501 1495 2528 filii
1516 2501 1571 2529 Dei
1590 2509 1649 2536 271.

982 2533 1094 2561 Oracio
1132 2534 1290 2563 dominica
1325 2536 1541 2571 predestinatis
1573 2536 1694 2564 videtur
1724 2545 1808 2564 com-

1055 2573 1134 2596 etere
1154 2577 1169 2596 2
1193 2578 1213 2597 1.

980 2619 1013 2623 -
1031 2577 1232 2665 {redestiriati
1257 2604 1411 2632 infinitum
1438 2605 1548 2633 melior
1568 2614 1660 2641 quam
1682 2606 1807 2642 presciti

979 2673 1269 2735 Ange6ogacionem
1300 2669 1436 2701 animai„
1461 2682 1627 2710 preparare

1053 2716 1061 2735 1
1088 2729 1094 2741 ,
1135 2716 1173 2742 17.

982 2741 1145 2769 0138101115
1165 2742 1351 2770 adiutorium
1373 2747 1417 2770 est
1435 2742 1583 2772 ieiunium
1604 2742 1665 2773 313.

982 2777 1025 2803 De
1037 2777 1226 2811 cogitacione
1238 2778 1356 2804 orantis
1369 2778 1467 2813 qualis
1479 2779 1569 2806 debet
1577 2788 1642 2806 esse
1652 2780 1702 2807 256
1717 2780 1809 2815 —267.

1681 2675 1808 2703 ebemus

1626 2840 1662 2872 31
