2062 3327
182 261 227 293 14
874 251 993 282 opus
1019 248 1355 281 EVANGELICUM
1613 236 1720 290 [cxxv.
1742 247 1779 274 v.

463 371 624 407 namque
665 359 865 407 disciplina
905 359 940 393 in
969 359 1143 406 presenti
1173 371 1244 394 nou
1281 358 1434 394 videnu-
1473 358 1670 394 iuvenibus
1701 370 1782 393 esse

461 417 600 467 gaudii
629 417 698 453 sed
729 416 908 461 meroris,
937 423 1071 464 postea
1104 423 1229 452 autem
1254 416 1435 464 fructum
1470 416 1712 452 centesimum
1748 422 1782 451 et

457 475 747 524 pacatissimum
781 474 1005 510 exercitatis
1034 486 1107 522 per
1136 486 1218 509 eanz
1249 475 1385 509 reddet
1416 475 1468 509 ad
1497 473 1628 523 glorie
1660 480 1694 508 et
1727 474 1781 508 iu-

462 533 568 568 sticie
599 544 796 568 coronam.
832 532 937 567 Sicut
961 532 1056 567 enim
1072 532 1235 579 fructus
1251 544 1323 567 non
1351 532 1543 567 invenitur
1574 532 1609 567 in
1642 531 1783 566 arbore

463 591 498 626 in
532 603 605 639 qua
633 590 841 639 pampinus
873 597 938 625 aut
961 589 1042 639 flos
1068 590 1183 638 prius
1215 602 1287 625 non
1320 590 1562 639 apparuerit,
1593 589 1647 624 sic
1679 596 1714 623 et
1746 589 1816 623 inf·

462 655 653 684 senectute
685 648 868 684 honorem
903 647 1118 697 legitimum
1151 647 1331 696 consequi
1360 659 1432 683 non
1460 647 1618 696 poterit,
1652 647 1716 695 qui
1746 646 1781 681 in

463 706 726 742 adolescencia
766 705 967 755 discipline
998 705 1160 741 alicuius
1192 705 1538 741 exercitae-ionibus
1571 717 1642 740 non
1677 704 1780 739 labo-

464 764 624 803 raverit,
658 763 874 813 Disciplina
908 763 1032 813 igitur
1076 763 1217 812 absque
1249 763 1466 799 obediencia
1501 762 1667 812 qualiter
1686 762 1785 811 fieri

459 822 623 870 potest?
679 822 914 857 Adolescens
950 821 1032 857 sine
1072 821 1287 870 disciplina,
1331 821 1553 857 adolescens
1582 821 1663 856 sine
1696 820 1781 856 obe-

465 880 610 915 diencia
634 887 701 926 est,
726 880 903 928 quoniam
927 886 962 915 et
984 879 1065 928 ipsa
1083 879 1300 915 obediencia
1323 891 1392 927 que
1420 879 1586 915 omnium
1612 877 1780 927 discipli-
1802 889 1840 910 10

464 950 601 973 narum
647 945 773 973 mater
812 944 880 985 est,
918 949 1062 987 magna
1096 937 1379 973 exercitacione
1422 937 1570 987 indiget
1616 948 1686 985 que
1723 935 1784 971 sui

464 1007 640 1032 normam
673 996 792 1032 studii
832 1008 854 1031 a
904 995 1060 1031 Christo
1108 996 1260 1031 domino
1304 995 1481 1044 sumpsit,
1513 994 1577 1043 qui
1607 993 1782 1030 obediens

459 1054 570 1102 patri
599 1065 717 1102 usque
747 1054 799 1089 ad
829 1060 993 1089 mortem
1026 1053 1153 1089 crucis
1181 1053 1431 1103 ignominiam
1471 1053 1631 1088 libenter
1667 1051 1779 1087 susti-

464 1111 555 1147 nuit.
604 1114 686 1148 Nec
731 1110 898 1148 dubium
933 1111 1028 1159 quin
1062 1110 1309 1159 Augustinus
1342 1110 1527 1158 intelligit
1560 1123 1631 1158 per
1664 1109 1779 1145 istam

463 1169 742 1206 obedienciam
776 1169 880 1206 sicut
913 1171 1030 1206 debet
1062 1182 1143 1206 non
1185 1170 1288 1205 hanc
1329 1168 1465 1205 fictam
1500 1167 1780 1204 obedienciam
1801 1168 1837 1200 15

464 1226 504 1262 in
536 1228 649 1264 novis
681 1227 891 1264 ordinibus
924 1227 1196 1264 introductam
1231 1228 1299 1263 sed
1333 1227 1462 1263 solum
1503 1225 1781 1263 obedienciam

465 1287 550 1322 Deo
595 1299 672 1335 que
718 1295 775 1322 est
819 1287 870 1322 ad
914 1286 1077 1334 plenum
1124 1295 1160 1322 et
1206 1285 1429 1333 perfectum
1464 1296 1642 1321 amorem
1686 1283 1782 1331 legis

466 1344 630 1381 Domini
664 1345 949 1393 retorquenda.

1011 1480 1149 1521 CAP.
1183 1480 1239 1521 V.

190 1595 255 1634 The
278 1595 439 1622 substance
526 1590 598 1624 Per
622 1589 728 1624 hunc
751 1588 878 1624 levem
904 1599 1064 1623 cursum
1092 1586 1210 1622 huius
1234 1586 1432 1634 prohemii
1467 1586 1646 1634 sequitur
1678 1585 1783 1622 circa
1801 1597 1842 1618 20

187 1632 442 1700 ‘)t{*'1¹1⁶0⁵0⁸j{,¹}1³1⁰¹¹'
468 1656 623 1694 partem
670 1645 915 1682 executivam
962 1645 1118 1681 diucius
1163 1644 1440 1681 insistendum.
1499 1646 1600 1680 Sunt
1644 1653 1779 1679 autern

224 1700 404 1727 beatitudes.
468 1713 560 1741 octo
593 1713 727 1752 partes
751 1705 1115 1752 correspondentes
1138 1704 1187 1739 ad
1212 1712 1305 1739 octo
1339 1702 1606 1739 beatitudines
1639 1702 1784 1749 quibus

471 1762 656 1799 Christus
697 1763 913 1810 prophetat
958 1761 1293 1798 condicionaliter
1338 1760 1645 1809 beatitudinem,
1689 1761 1785 1795 dum

468 1821 568 1857 tales
601 1820 734 1857 taliter
766 1829 1001 1868 operantur.
1047 1822 1096 1855 Et
1140 1819 1195 1855 sic
1229 1819 1267 1854 in
1302 1819 1480 1866 qualibet
1514 1820 1655 1855 harum
1691 1827 1784 1854 octo

467 1878 650 1927 parcium
697 1878 825 1914 innuit
858 1878 1041 1914 Christus
1073 1877 1239 1914 virtutes
1285 1885 1321 1913 et
1365 1890 1487 1925 opera
1532 1889 1577 1913 ac
1622 1885 1787 1924 peccata
1805 1877 1843 1909 25

468 1937 681 1973 virtutibus
714 1936 799 1972 istis
832 1936 1037 1972 contraria
1070 1945 1107 1972 et
1140 1947 1210 1983 per
1234 1948 1483 1984 consequens
1517 1934 1787 1971 beatitudines

469 1997 519 2031 ad
552 1995 647 2031 istas
680 1995 846 2031 virtutes
879 2003 917 2031 et
949 2007 1073 2042 opera
1107 2003 1412 2042 consequentes.

188 2069 207 2086 1.
230 2059 396 2098 Thephoor
416 2059 446 2086 in
528 2053 633 2089 Dicit
665 2065 760 2100 ergo
784 2052 935 2100 primo:
969 2053 1082 2088 Beati
1108 2064 1303 2102 pauperes
1334 2052 1486 2101 spiritu,
1520 2051 1696 2100 quoniam
1731 2051 1786 2099 ip-

268 2100 366 2129 spmt*
469 2124 600 2147 sorum
634 2118 689 2146 est
722 2123 886 2160 regnum
921 2111 1106 2148 celorum.
1141 2112 1227 2146 Mos
1252 2119 1308 2146 est
1331 2110 1524 2158 sapientis
1557 2107 1786 2157 philosophi

470 2169 509 2204 in
543 2168 684 2216 primis
718 2169 880 2205 allicere
910 2182 1026 2204 suum
1052 2168 1296 2205 auditorium
1322 2170 1371 2204 ad
1396 2169 1550 2215 largum
1586 2167 1785 2215 premium
1806 2179 1846 2202 30

470 2228 578 2275 quod
613 2237 883 2275 consequetur
904 2227 1165 2263 infallibiliter
1188 2239 1258 2274 per
1281 2227 1474 2262 laborem.
1509 2225 1574 2262 Sic
1608 2225 1789 2261 Christus

472 2285 626 2333 primus
673 2285 831 2332 sapiens
878 2284 1075 2333 imprimit
1125 2285 1369 2332 octuplicem
1416 2283 1705 2320 beatitudinem
1753 2291 1789 2318 et

473 2343 605 2378 media
639 2344 687 2379 ad
721 2345 904 2380 eandem.
951 2343 1166 2379 Beatitudo
1206 2343 1366 2391 quidem
1403 2351 1459 2378 est
1492 2341 1580 2377 finis
1613 2341 1789 2389 optimus

473 2414 591 2449 quem
641 2401 824 2437 homines
876 2410 1043 2449 possunt
1088 2401 1311 2450 acquirere,
1356 2412 1430 2436 nec
1475 2408 1642 2448 possunt
1676 2399 1787 2434 illum

472 2472 552 2495 non
586 2468 788 2507 appetere,
814 2472 902 2495 cum
929 2472 1067 2495 omnes
1091 2459 1274 2495 homines
1297 2458 1536 2494 naturaliter
1559 2457 1788 2493 desiderant
1806 2458 1845 2491 35

473 2526 515 2553 ut
550 2517 722 2553 finaliter
746 2517 823 2553 sint
848 2517 966 2553 beati.
1002 2518 1117 2553 Unde
1141 2517 1279 2553 dicunt
1304 2513 1534 2565 philosophi
1559 2516 1666 2563 quod
1700 2514 1788 2550 finis

544 2722 571 2747 Γ).
594 2721 636 2746 A:
659 2720 804 2746 honorem
826 2721 994 2747 limilivum.
1094 2729 1128 2753 η,
1151 2728 1188 2747 12.
1211 2721 1252 2746 A:
1276 2719 1325 2746 xm·
1342 2727 1471 2746 moram.
1576 2725 1612 2745 21.
1635 2719 1678 2745 A:
1702 2718 1788 2747 Sint,-

476 2755 511 2781 li:
535 2759 635 2781 aulem
657 2755 751 2780 deest.
845 2763 888 2787 24.
912 2757 954 2781 A:
977 2756 1053 2781 tales
1073 2755 1172 2788 dccst;
1196 2755 1216 2780 Ιζ
1238 2754 1265 2780 in
1290 2762 1385 2788 marg.
1407 2754 1501 2780 addit.
1599 2752 1636 2779 31.
1660 2753 1697 2779 15:
1719 2761 1789 2779 con-

473 2794 645 2823 sequentur.
720 2788 763 2816 32.
785 2789 902 2816 (10de
925 2790 1103 2824 ocltplt'cem.
1179 2788 1221 2816 33.
1238 2792 1261 2814 Λ
1281 2789 1308 2815 iu
1327 2797 1440 2822 marga
1464 2788 1546 2823 Quid
1558 2791 1603 2813 ext
1619 2788 1787 2814 beatitudo.

551 2883 598 2907 14.
628 2873 712 2902 l’hil.
742 2873 778 2911 11,
805 2872 838 2903 8„
937 2874 988 2903 28.
1018 2872 1136 2903 Matth.
1166 2873 1204 2909 V,
1234 2874 1263 2904 ¹3.
