2003 3322
199 228 287 257 CAP.
312 228 417 256 XLIII.
720 230 861 262 PRlMA
888 230 1013 262 PARS.
1727 221 1799 257 153

200 351 246 374 eo
278 337 357 374 fine
390 336 524 373 taliter
556 337 838 373 delectandum
863 344 1075 385 peccatum
1103 348 1320 373 consensus
1353 335 1512 384 gravius
1526 342 1586 370 We
1606 348 1688 371 must
1709 344 1744 371 be
1764 352 1803 371 on

200 404 258 432 est
290 408 410 443 quam
445 396 539 430 dum
573 393 612 430 in
646 393 767 430 cubili
799 395 850 431 ad
881 403 1040 442 tempus
1073 405 1116 430 ex
1149 406 1267 431 carne
1290 402 1328 430 et
1351 393 1511 430 diabolo
1578 378 1756 448 ζὲζῑὲξέζῗ,

200 452 240 489 in
272 452 341 489 tali
375 452 551 500 cogitatu
583 451 702 488 fuerit
734 452 968 488 delectatus.
1003 452 1226 488 Cavearnus
1255 464 1350 500 ergo
1372 464 1513 488 secun·
1540 447 1741 483 provocation
1761 452 1792 475 to

201 512 296 546 dum
330 511 432 547 hanc
466 509 691 547 doctrinam
735 509 883 546 Christi
923 511 971 546 ab
1012 509 1295 546 inducentibus
1333 510 1383 546 ad
1422 521 1512 557 pec·
1631 482 1702 509 lust.

169 569 388 614 5candum,
435 567 529 616 quia
568 567 608 603 in
646 576 753 604 statu
785 566 1021 604 innocencie
1053 567 1191 604 fuisset
1224 579 1441 604 consensus
1474 566 1514 603 in

200 633 344 662 natura
376 638 446 662 sua
469 625 624 662 facilior
646 626 694 661 de
717 624 878 662 racione
902 624 1193 673 dampnabili53
1228 624 1354 673 magis
1377 634 1511 662 autem

202 683 412 732 culpabilis
452 692 510 719 est
541 684 760 731 precedens
791 682 890 719 visio
930 682 1107 719 mulieris
1147 684 1197 719 ad
1236 684 1341 719 hunc
1380 682 1514 728 finem,

201 750 245 778 ut
270 740 447 778 indebite
470 740 779 789 concupiscatur
802 753 924 789 quam
949 750 1006 777 est
1027 740 1248 778 delectacio
1272 753 1517 789 consurgens

202 811 246 836 ex
279 811 398 835 carne
430 799 470 834 in
502 799 605 835 lecto
639 811 729 835 curn
763 798 842 835 alio
876 798 1068 835 instinctu
1101 798 1251 835 diaboli
1284 798 1515 835 inclinante.

150 871 188 891 10
202 859 283 893 Nec
317 858 446 893 audeo
478 869 625 904 negare
657 856 755 905 quin
787 856 865 892 tale
899 857 1137 893 antecedens
1161 857 1211 893 ad
1236 869 1337 905 opus
1361 855 1516 892 luxurie

202 914 251 951 sit
274 914 442 961 mechia,
468 927 558 950 curn
582 914 764 951 Christus
787 913 924 950 omnia
947 913 1075 950 sciens
1105 913 1213 951 dicat
1244 914 1285 951 in
1307 915 1384 951 hoc
1406 914 1514 950 loco:

201 972 288 1009 Jam
321 973 519 1009 mechatus
556 980 611 1008 est
649 985 731 1008 eam
770 972 806 1007 in
839 972 958 1008 corde
988 984 1069 1008 suo.
1124 972 1204 1009 Sed
1243 973 1319 1008 hoc
1358 971 1517 1009 videtur

203 1029 324 1067 michi
357 1030 646 1067 consulendum
680 1031 789 1078 quod
821 1029 1106 1066 antecedencia
1136 1022 1186 1066 ad
1209 1029 1319 1066 illurn
1345 1031 1515 1078 gradum

204 1100 294 1124 cum
327 1087 548 1136 prudencia
581 1096 809 1124 caveantur.

684 1211 823 1252 CAP.
856 1211 1033 1252 XLIII.

263 1318 531 1355 Crisostomus
554 1327 687 1355 autern
712 1331 830 1367 super
852 1318 927 1355 isto
950 1327 1058 1355 textu
1085 1318 1141 1355 sic
1170 1318 1368 1367 loquitur:
1401 1319 1515 1362 Ecce,
1547 1324 1781 1361 Chrysostom's

205 1376 348 1425 inquit,
381 1377 548 1413 alterum
581 1378 819 1423 mandatum,
852 1377 893 1412 id
915 1384 982 1424 est,
1016 1377 1214 1412 minimum
1236 1377 1387 1425 quidem
1410 1377 1516 1426 apud
1582 1364 1747 1388 comment.

203 1435 357 1480 Judeos‚
390 1442 478 1471 tunc
510 1442 545 1471 et
575 1447 674 1471 nunc
702 1435 808 1484 apud
838 1447 981 1482 omnes,
1013 1435 1078 1483 qui
1097 1447 1169 1470 non
1193 1435 1354 1470 multum
1379 1441 1516 1470 curant

206 1493 253 1529 de
283 1492 410 1528 anima
441 1505 510 1529 sua
543 1505 609 1529 nec
640 1493 810 1528 iudicant
842 1505 911 1529 cor
940 1505 1065 1539 suum,
1098 1493 1163 1541 qui
1193 1505 1260 1528 nec
1292 1492 1412 1528 irasci
1431 1492 1514 1528 sine
1531 1512 1585 1540 Sin
1600 1511 1693 1546 really
1708 1510 1762 1538 lies
1775 1510 1805 1538 in

150 1563 191 1584 20
206 1562 321 1586 causa
361 1551 559 1599 proximis
601 1551 680 1586 suis
722 1550 879 1599 aliquod
916 1558 1056 1600 putant
1099 1562 1181 1587 esse
1227 1557 1427 1599 peccatum
1482 1557 1516 1586 et
1549 1546 1599 1573 ¹¹¹⁶
1619 1546 1715 1579 beart,
1736 1549 1790 1573 not

205 1608 474 1657 concupiscere
511 1615 658 1644 tantum
697 1609 897 1645 mulierem
939 1609 1104 1644 alienam
1145 1620 1217 1644 non
1258 1615 1397 1657 putant
1436 1620 1518 1644 esse
1612 1584 1721 1607 mact.

203 1673 401 1715 peccatum
446 1678 562 1715 opere
605 1666 910 1715 concupiscencie
948 1678 1020 1702 non
1059 1667 1271 1702 subsecuto.
1325 1666 1516 1716 Magnum

206 1731 332 1760 autem
377 1725 482 1773 apud
525 1724 700 1760 timentes
732 1724 858 1760 Deum
902 1731 937 1760 et
981 1736 1050 1760 cor
1094 1736 1205 1760 suum
1251 1723 1517 1768 diiudicantes‚

206 1794 389 1831 magnum
423 1782 540 1818 eciam
564 1782 670 1831 apud
692 1782 832 1828 Deum,
865 1782 930 1831 qui
959 1794 1031 1818 non
1065 1789 1212 1818 tantum
1237 1794 1333 1831 opus
1354 1781 1518 1818 hominis

149 1839 340 1889 25aspicit
371 1847 553 1888 quantum
586 1851 665 1875 cor.
720 1839 806 1882 Quo
837 1840 1020 1875 mandato
1053 1839 1120 1876 lex
1150 1852 1223 1876 non
1255 1839 1422 1876 solvitur
1452 1840 1520 1876 sed

90 2131 153 2172 370

208 1896 403 1947 impletur,
447 1898 534 1946 quia
572 1897 652 1934 sine
691 1897 762 1933 hoc
799 1898 981 1934 mandato
1022 1910 1094 1934 non
1122 1904 1252 1947 potest
1282 1905 1389 1933 stare
1420 1897 1520 1947 legis

205 1955 447 1991 mandatum.
507 1955 627 1991 Omne
670 1955 768 1991 enim
819 1955 1053 1991 adulterium
1107 1967 1158 1991 ex·
1208 1955 1518 2004 concupiscencia

207 2013 392 2049 nascitur.
450 2013 652 2055 Quomodo
697 2025 793 2063 ergo
837 2013 988 2049 tollitur
1030 2013 1266 2049 adulterium
1310 2014 1517 2049 secundum

208 2071 306 2121 legis
337 2071 562 2106 mandatum
596 2070 668 2106 nisi
683 2070 860 2119 prescisa
885 2071 1015 2119 fuerit
1046 2071 1356 2120 concupiscencia
1388 2083 1519 2107 secun-

209 2129 298 2164 dum
328 2128 476 2164 Christi
496 2128 752 2164 mandatum?
790 2129 991 2172 Quomodo
1023 2141 1120 2179 ergo
1152 2129 1249 2164 sicut
1281 2129 1340 2164 ira
1364 2136 1489 2164 mater

207 2193 262 2222 est
304 2186 510 2232 homicidii,
554 2186 608 2222 sic
645 2193 681 2221 et
719 2186 1026 2235 concupiscencia
1070 2194 1126 2222 est
1158 2194 1283 2223 mater
1324 2186 1518 2222 adulterii.

213 2244 495 2293 Consequenter
536 2244 633 2280 sicut
676 2244 740 2292 qui
781 2244 967 2280 irascitur
994 2244 1130 2292 fratri
1164 2257 1233 2280 suo
1271 2244 1351 2280 sine
1389 2256 1518 2290 causa,

208 2302 345 2338 occidit
388 2314 472 2338 eum
517 2301 553 2337 in
598 2302 716 2337 corde
764 2314 845 2347 suo,
897 2302 1054 2338 eciamsi
1096 2314 1168 2338 non
1213 2302 1397 2338 occiderit
1435 2314 1518 2337 eum

202 2366 369 2409 propter
399 2366 539 2395 metum
572 2359 801 2395 iudiciorum
834 2367 900 2395 aut
931 2360 1197 2408 impotenciam
1235 2372 1358 2407 suam,
1399 2360 1517 2395 eciam

152 2417 190 2451 35
208 2417 400 2453 homicida
433 2424 488 2453 est
525 2417 629 2466 apud
656 2417 782 2453 Deum
816 2416 881 2465 qui
910 2429 982 2453 non
1016 2418 1144 2467 magis
1175 2430 1270 2467 opus
1302 2418 1521 2454 considerat

209 2487 320 2523 quam
353 2475 551 2524 affectum,-
580 2474 635 2511 sic
667 2474 731 2523 qui
761 2475 993 2524 concupiscit
1014 2475 1214 2511 mulierem
1247 2475 1411 2512 alienam
1444 2475 1519 2511 iam

216 2699 221 2704 ·
278 2665 319 2704 πᾷ.
340 2665 368 2692 Α
381 2664 411 2692 in
432 2673 546 2700 marg:
564 2664 779 2693 Crisostomus.
854 2665 895 2700 16,
911 2673 950 2700 17.
963 2666 1008 2693 A:
1028 2665 1108 2693 Ecce
1126 2665 1243 2701 incipit.
1317 2673 1358 2699 19.
1374 2667 1417 2693 A:
1440 2666 1523 2702 quod

209 2707 312 2727 irasci.
394 2707 439 2726 20.
461 2700 504 2727 A:
527 2707 588 2727 non
603 2703 727 2735 putant.
805 2708 844 2728 21.
865 2701 907 2727 A:
928 2708 987 2727 non
1009 2700 1103 2727 deest.
1182 2708 1230 2733 24.
1251 2701 1296 2728 A:
1317 2708 1463 2737 magnum
1482 2704 1519 2728 et.

209 2735 263 2795 'die
276 2736 320 2795 ltxt
342 2734 488 2761 mandato
510 2734 604 2762 deest.
682 2742 727 2769 29.
748 2735 794 2762 A:
810 2735 957 2770 prescita.
1036 2733 1080 2762 33.
1100 2735 1145 2762 A:
1165 2739 1197 2762 et
1211 2735 1248 2762 si.
1325 2735 1373 2763 36.
1393 2736 1437 2762 A:
1460 2735 1522 2762 iam

268 2777 280 2795 s
298 2789 304 2795 .

284 2849 332 2871 12.
359 2839 478 2872 Matth.
503 2841 545 2880 V,
574 2839 625 2872 28.
730 2839 779 2872 16.
805 2841 874 2883 Op.
899 2840 997 2882 Imp.‚
1026 2841 1046 2872 l.
1073 2851 1101 2872 c.
1128 2851 1161 2882 p.
1188 2839 1266 2884 798.
