2003 3322
237 183 326 212 CAP.
347 172 517 228 xxxvn]
726 184 939 217 SECUNDA
965 183 1091 216 PARS.

236 304 362 329 novos
400 291 560 328 ordines
600 299 741 327 contra
775 289 995 327 Christum.
1036 290 1208 325 Deberet
1240 301 1333 336 ergo
1365 287 1498 336 primo
1532 300 1554 324 a

237 362 278 386 se
310 349 395 398 ipso
435 348 612 397 incipere
651 357 689 385 et
729 361 751 385 a
783 360 856 384 suo
889 348 1007 384 oculo
1040 347 1208 384 evellere
1241 347 1362 382 talem
1397 347 1552 382 trabem

237 408 306 444 sed
329 407 562 444 extollencia
587 407 791 442 mundana
823 414 944 454 atque
977 404 1177 453 cupiditas
1199 403 1352 440 faciunt
1374 404 1553 449 trabem;

237 465 279 501 in
323 465 441 502 oculo
489 464 653 513 proprio
691 463 1039 512 inexpugnabilem
1079 471 1117 499 et
1150 461 1207 499 sic
1239 461 1371 510 ipsum
1405 461 1554 497 insolu-

204 522 370 559 5biliter
401 522 708 558 Antichristum.
758 523 806 557 Et
844 521 953 557 iuxta
994 519 1240 557 sentenciam
1277 519 1393 555 huius
1426 518 1553 555 sancti

238 580 385 616 mirum
418 580 520 617 foret
543 581 652 629 quod
676 581 781 615 Deus
812 587 1099 627 cooperaretur
1123 591 1212 614 cum
1237 577 1307 614 tali
1330 577 1371 613 in
1394 577 1553 625 dispen-

237 638 466 675 sacionibus
514 637 666 675 frivolis
712 649 810 685 quas
850 636 1044 683 intendit,
1089 649 1182 672 nam
1227 635 1259 672 si
1301 635 1552 683 dispensacio

237 695 287 732 sit
331 695 602 741 racionabilis,
654 707 736 731 non
781 703 942 742 oportet
993 693 1188 730 iudicium
1232 694 1293 730 vel
1339 692 1552 730 consilium

236 766 352 790 suum
399 762 593 802 expetere,
648 765 739 789 cum
785 755 891 789 Deus
944 764 991 788 eo
1043 751 1130 800 ipso
1176 751 1381 799 dispensat
1432 760 1552 799 atque

184 810 423 850 1olicenciat
466 820 509 847 ut
556 812 678 848 homo
723 810 1047 847 irracionabilem
1090 817 1246 858 partem
1293 808 1472 846 dimittat
1516 817 1553 845 et

237 870 403 906 alteram
437 878 593 917 partem
628 868 813 916 accipiat.
848 870 958 916 Papa
991 880 1084 916 ergo
1116 880 1198 904 non
1222 866 1428 915 dispensat
1461 879 1552 903 cum

237 927 408 964 simonia
458 927 520 964 vel
571 935 663 963 voto
708 926 937 972 temerario,
993 938 1083 962 cum
1136 925 1221 974 ipse
1265 924 1314 961 sit
1367 923 1552 972 capitalis

236 984 481 1022 simoniacus
522 993 558 1021 et
589 996 735 1021 vovens
774 983 988 1020 temerarie
1020 996 1180 1020 servare
1213 991 1362 1019 statum
1396 994 1553 1019 summe

236 1043 534 1091 dampnabilem
581 1042 644 1079 hic
688 1042 729 1078 in
761 1042 854 1088 vita,
899 1041 989 1077 ideo
1034 1043 1093 1087 (ut
1137 1041 1232 1077 dicit
1264 1040 1550 1086 Crisostomus)

183 1107 219 1140 15
236 1114 315 1137 non
353 1101 409 1137 sic
448 1101 651 1149 dispensat
689 1109 855 1148 propter
894 1099 1103 1136 caritatem
1142 1100 1210 1135 sed
1249 1107 1414 1147 propter
1456 1110 1552 1146 ypo-

236 1158 370 1196 crisim
410 1170 479 1195 sue
519 1158 753 1195 extollencie
793 1158 852 1194 vel
891 1158 1047 1194 lucrum
1081 1156 1370 1205 temporalium
1410 1155 1552 1205 adqui—

236 1217 418 1254 rendum.
466 1218 568 1253 Nam
615 1215 760 1252 caritas
805 1215 991 1252 ordinata
1035 1215 1168 1263 primo
1207 1214 1404 1262 inciperet
1449 1227 1470 1250 a
1511 1226 1552 1250 se

235 1274 334 1323 ipsa.
383 1276 431 1310 Et
476 1274 533 1310 sic
577 1273 710 1322 primo
752 1273 974 1310 dimitteret
1018 1281 1164 1309 statum
1207 1272 1328 1308 istum
1368 1280 1451 1308 tam
1491 1284 1553 1308 ex-

237 1332 388 1369 celsum
443 1340 479 1368 et
524 1331 792 1379 ypocriticum
839 1340 876 1367 et
921 1344 962 1368 se
1006 1330 1139 1379 ipsum
1185 1329 1311 1367 instar
1356 1329 1461 1366 Petri
1507 1342 1553 1366 ac

181 1407 221 1428 20
237 1399 463 1427 ceterorum
498 1389 677 1426 fidelium
718 1389 952 1426 humiliaret
992 1398 1029 1425 et
1063 1388 1223 1425 Christo
1256 1388 1296 1424 in
1329 1387 1553 1435 exemplato

238 1447 462 1484 ministerio
506 1447 713 1484 humiliter
752 1447 969 1484 deserviret
1007 1448 1074 1483 sed
1118 1447 1153 1483 si
1192 1446 1373 1495 superbia
1418 1458 1552 1482 eorum

237 1506 302 1555 qui
337 1513 372 1542 te
409 1506 575 1542 oderunt
613 1505 785 1542 ascendit
823 1517 976 1555 semper
1014 1512 1049 1540 et
1094 1504 1238 1540 inimici
1276 1503 1423 1540 domini
1460 1514 1555 1540 mox

237 1572 278 1600 ut
324 1563 569 1613 honorzficati
600 1563 757 1612 fuerint
801 1571 835 1599 et
879 1563 1055 1609 exaltati,
1109 1562 1325 1612 deficientes
1368 1561 1553 1611 quemad-

237 1623 393 1658 modum
429 1622 571 1670 sumus
614 1621 802 1671 deficient,
853 1620 1043 1657 credibile
1082 1629 1141 1657 est
1173 1621 1282 1668 quod
1321 1619 1387 1655 ille
1426 1627 1552 1655 status

181 1679 278 1718 25in
310 1679 539 1728 propinquo
572 1678 774 1715 fumaliter
807 1687 1028 1716 evanescet.
1069 1677 1213 1715 Deficit
1253 1686 1389 1714 autem
1422 1678 1552 1714 audax

238 1738 380 1774 doctor
412 1736 617 1774 sentencia
651 1736 862 1785 publicans
885 1736 1102 1785 ypocrisim
1136 1736 1254 1772 istam
1290 1734 1469 1781 ecclesie,
1503 1747 1552 1771 ne

237 1797 423 1832 seductus
460 1796 632 1844 populus
670 1795 838 1843 pedibus
877 1795 967 1831 talis
1010 1793 1191 1843 ypocrite
1236 1792 1550 1842 appropinquet.

238 1853 279 1890 Si
313 1853 418 1890 enim
452 1853 598 1902 peticio
631 1865 702 1889 sua
735 1853 785 1889 sit
817 1852 1087 1898 racionabilis,
1128 1854 1235 1888 Deus
1268 1850 1392 1897 domi,
1426 1850 1553 1887 immo

237 1911 340 1948 infra
373 1910 681 1956 conscienciam,
716 1912 818 1947 hanc
851 1910 1046 1947 concedit.
1082 1910 1122 1946 Si
1155 1918 1290 1946 autem
1323 1908 1471 1957 peticio
1504 1908 1555 1945 sit

181 1968 545 2016 3oirracionabilis,
578 1969 679 2005 foret
712 1981 872 2005 summa
905 1967 1115 2005 demencia
1148 1968 1309 2004 credere
1333 1968 1441 2016 quod
1464 1966 1554 2003 talis

238 2027 376 2075 refuga
408 2028 510 2064 hanc
543 2026 741 2063 coneedit.

295 2084 485 2121 Obiectus
523 2094 658 2121 tamen
687 2093 745 2121 est
773 2083 1044 2120 communiter
1065 2082 1281 2120 ventilatus
1315 2082 1424 2131 quod
1449 2084 1555 2118 Deus

237 2151 369 2191 potest
413 2142 541 2179 eciam
586 2155 656 2191 per
706 2142 912 2179 diabolum
961 2142 1021 2178 vel
1066 2152 1349 2190 quemcunque
1402 2140 1553 2176 malum

239 2200 465 2237 ministrum
518 2200 742 2237 virtualiter
786 2199 960 2248 operari.
1012 2199 1117 2245 Quid
1163 2211 1256 2247 ergo
1300 2199 1413 2235 obest
1457 2197 1555 2246 quin

182 2265 221 2297 35
238 2258 327 2295 talis
360 2258 541 2307 ypocrita
580 2258 706 2306 possit
746 2258 953 2294 absolvere
993 2266 1031 2293 et
1064 2257 1188 2293 multa
1220 2255 1429 2305 privilegia
1461 2268 1555 2292 con-

238 2318 392 2363 cedere,
416 2317 509 2352 dum
534 2325 670 2353 tamen
687 2315 935 2352 concessioni
959 2314 1090 2351 divine
1111 2314 1231 2351 fuerit
1254 2313 1554 2351 conformatus?

238 2383 275 2411 et
313 2374 345 2410 si
384 2374 473 2423 quis
512 2375 693 2411 crederet
726 2373 845 2410 alicui
878 2373 1097 2421 superstiti,
1131 2371 1340 2421 potissime
1373 2372 1555 2408 crederet

237 2431 311 2468 sibi
357 2441 394 2468 et
437 2431 518 2468 suis
562 2431 833 2469 cardinalibus
878 2430 918 2467 in
966 2430 1042 2467 hiis
1087 2443 1163 2479 que
1204 2429 1300 2467 dicit
1341 2442 1380 2466 se
1421 2429 1550 2477 ipsum

237 2489 419 2538 accipere
452 2502 474 2527 a
506 2489 654 2526 summi
687 2488 891 2538 pontificis
922 2489 1140 2527 voluntate.

305 2655 331 2682 7.
343 2648 371 2675 A
384 2647 414 2675 in
427 2655 523 2683 marg.
535 2657 541 2675 :
554 2648 601 2675 De
610 2647 857 2683 dispensacione.
931 2645 969 2674 13.
984 2647 1027 2674 A:
1043 2649 1072 2673 et
1083 2654 1208 2673 vonens.
1284 2645 1326 2673 25.
1342 2645 1363 2672 B
1374 2644 1553 2680 :finaliter;

236 2682 277 2709 ib.
290 2682 312 2709 B
325 2693 330 2709 :
344 2687 508 2710 evanesset.
565 2690 611 2717 27.
623 2684 650 2710 A
662 2692 667 2709 :
679 2683 940 2717 appropinquent.
997 2681 1040 2709 28.
1050 2681 1152 2713 domi;
1163 2680 1185 2707 B
1196 2690 1202 2707 z
1215 2680 1306 2707 denu.
1361 2678 1407 2708 30.
1417 2681 1443 2707 A
1455 2689 1460 2706 :
1474 2680 1555 2706 irra-

236 2717 416 2745 cionabilia.
487 2716 530 2745 32.
552 2719 580 2744 A
600 2717 631 2744 in
653 2725 766 2752 marg:
791 2716 944 2744 Obzeccio.
1019 2715 1061 2743 33.
1080 2717 1124 2743 A:
1146 2719 1413 2750 quantumcunque
1431 2714 1554 2741 malum.

308 2799 360 2820 21.
388 2789 443 2820 Ps.
472 2789 618 2828 LXXIII,
646 2789 698 2821 23.
796 2798 848 2819 22.
876 2788 930 2819 Ps.
957 2787 1108 2827 XXXVI,
1136 2796 1189 2818 20.

1763 171 1835 209 381

1586 525 1699 561 Vanity
1719 526 1754 553 of
1770 525 1818 553 his

1585 560 1826 595 dispensations,

1567 1046 1667 1073 which
1687 1055 1737 1074 are
1754 1046 1842 1081 given

1598 1081 1647 1108 for
1666 1082 1753 1121 pride
1773 1089 1809 1108 or

1665 1125 1746 1151 gam.

1572 1623 1601 1650 If
1618 1623 1764 1658 petitions
1784 1632 1835 1651 are

1568 1659 1757 1692 reasonable,
1775 1658 1844 1686 God

1619 1693 1680 1720 will
1703 1698 1792 1728 grant

1593 1728 1694 1761 tliem;
1715 1729 1741 1756 if
1757 1733 1821 1763 not,

1568 1763 1617 1789 the
1637 1771 1716 1798 pope
1731 1768 1845 1791 cannot

1603 1802 1693 1833 grant
1713 1798 1808 1825 thern.

1619 2098 1802 2133 Obiection:

1621 2134 1650 2160 A
1670 2134 1788 2161 wicked

1598 2168 1741 2195 minister
1760 2176 1832 2204 may

1619 2203 1799 2265 οέἓῗέθξηῖιι

1646 2272 1768 2308 rightly.
