2003 3322
194 239 283 268 CAP.
304 231 387 285 xx]
693 239 833 273 PRIMA
859 241 986 273 PARS.

190 360 262 384 non
295 348 407 383 habet
438 348 652 383 mercedem
691 359 757 383 nec
783 348 974 396 prophete
1012 346 1248 391 habuerunt;
1289 345 1325 381 si
1368 352 1494 381 autem

192 418 324 442 verum
363 413 418 442 est
455 406 556 454 quod
587 405 778 454 prophete
815 412 1016 457 marty-res
1054 411 1153 451 sunt,
1191 403 1270 440 sine
1315 403 1426 439 dubio
1465 410 1500 438 et

190 463 255 511 qui
307 471 473 513 propter
531 476 685 499 causam
731 463 806 499 Dei
854 462 1000 511 aliquid
1045 462 1210 511 patitur,
1255 461 1326 497 etsi
1362 474 1382 496 a
1421 461 1500 496 suis

184 521 347 570 patitur,
364 522 578 558 mercedem
596 521 729 565 habet,-
751 521 834 557 ideo
858 533 930 556 non
946 521 1073 569 posuit
1094 520 1290 569 scriptura
1309 531 1500 568 personas

158 580 500 629 §persequencium
547 580 615 615 sed
657 579 780 614 solum
829 591 983 615 causam
1013 577 1310 628 persecucionis‚
1349 584 1388 612 ut
1427 589 1499 612 non

188 637 352 686 aspicias
384 637 465 686 quis
505 645 539 673 te
572 637 820 686 persequitur
857 638 924 672 sed
962 644 1002 672 ut
1040 636 1130 685 quid
1168 643 1203 672 te
1236 635 1498 685 persequitur.

66 700 146 735 360st
196 695 299 739 Quid
341 696 469 746 ergo?
521 695 564 730 Si
603 695 684 743 quis
722 702 757 730 te
784 690 788 747 Ι
812 702 1040 744 persecutus
1070 694 1200 743 fuerit
1233 706 1304 729 non
1333 700 1500 742 propter

189 764 344 789 causam
379 753 454 789 Dei
483 754 551 789 sed
567 760 734 802 propter
751 753 950 802 privatam
974 765 1069 799 rem,
1104 759 1142 787 ut
1160 759 1255 801 puta
1280 759 1319 786 ut
1341 751 1500 799 auferat

188 811 356 859 aliquam
391 823 471 847 rem
505 818 622 858 tuam,
668 811 731 846 ille
764 810 912 858 quidem
948 810 1011 859 qui
1040 810 1120 846 sine
1152 822 1267 845 causa
1301 816 1336 845 te
1363 821 1498 857 perse-

137 887 174 907 10
188 876 297 905 cutus
317 869 448 917 fuerit
481 881 570 905 reus
602 876 667 904 est.
710 869 763 903 Tu
798 876 923 904 autem
958 869 1090 904 beatus
1122 880 1195 903 non
1229 880 1281 913 es,
1315 867 1498 915 quianon

183 934 350 976 propter
387 927 573 963 iusticiam
608 926 921 975 persecucionem
957 938 1099 975 passus
1143 938 1181 962 es
1224 925 1293 961 sed
1332 932 1499 974 propter

187 996 341 1020 causam
370 985 581 1033 privatam.
617 985 737 1020 Plane
768 984 802 1020 si
833 984 1001 1020 volueris
1033 984 1131 1019 illud
1161 983 1376 1032 adimplere
1399 983 1500 1031 quod

188 1042 331 1078 dictum
365 1050 438 1079 est:
487 1042 564 1085 Qui
594 1050 628 1078 te
655 1043 896 1092 percusserit
928 1043 963 1078 in
998 1055 1110 1077 unam
1145 1041 1350 1077 maxillam
1378 1041 1499 1089 prebe

187 1100 245 1135 illi
281 1108 315 1136 et
353 1101 539 1146 alteram;
582 1108 617 1136 et
660 1101 724 1149 qui
760 1100 840 1135 vult
878 1100 1040 1148 auferre
1072 1112 1142 1149 que
1180 1106 1243 1135 tua
1282 1106 1382 1146 sunt,
1423 1098 1502 1134 noli

135 1164 329 1205 15vetare,
373 1166 461 1194 tunc
494 1171 582 1195 vere
613 1159 744 1194 beatus
777 1171 828 1204 es,
875 1158 1052 1206 quoniam
1086 1165 1120 1193 et
1151 1158 1185 1193 si
1214 1157 1259 1192 ab
1292 1156 1402 1192 inicio
1426 1168 1498 1192 non

182 1224 348 1265 propter
369 1229 524 1253 causam
548 1217 625 1252 Dei
631 1216 943 1265 persecucionem
962 1216 1195 1265 paciebaris,
1214 1222 1349 1264 postea
1373 1222 1498 1250 tamen

185 1281 251 1309 aut
282 1275 463 1310 damnum
496 1282 561 1310 aut
599 1274 779 1310 iniuriam
809 1286 951 1323 passus
989 1286 1027 1310 es
1060 1281 1227 1323 propter
1264 1274 1404 1310 Deum.
1459 1273 1502 1308 Si

185 1339 310 1368 autem
345 1333 533 1369 restiteris
564 1333 682 1368 eciam
716 1344 800 1368 cum
828 1340 987 1381 peccato
1020 1340 1055 1368 et
1095 1344 1166 1368 non
1195 1331 1372 1381 potueris
1400 1330 1497 1379 pati,

186 1390 428 1426 beatitudinis
454 1390 666 1439 perdidisti
696 1391 924 1427 mercedem.

131 1533 172 1554 20
701 1526 838 1567 CAP.
870 1525 986 1567 XX.

243 1633 430 1683 Sequitur
462 1634 627 1670 verbum
670 1633 866 1669 directum
901 1632 1049 1670 Christi
1089 1632 1281 1681 apostolis
1320 1632 1497 1670 sermoni

184 1691 240 1727 illi
272 1691 543 1740 presentibus:
590 1692 714 1739 Beati,
754 1691 896 1739 inquit,
943 1691 1062 1738 eritis,
1102 1703 1185 1727 cum
1221 1691 1497 1728 maledixerint

185 1749 289 1786 vobis
321 1750 491 1786 homines
522 1757 558 1786 et
584 1750 782 1798 persecuti
813 1762 879 1786 vos
901 1749 1058 1797 fuerint
1101 1756 1136 1785 et
1174 1749 1347 1785 dixerint
1385 1762 1494 1786 omne

183 1808 327 1844 malum
360 1808 567 1844 adversum
600 1820 666 1843 vos
697 1808 924 1844 mencientes
945 1814 1113 1856 propter
1145 1819 1214 1843 me.
1254 1808 1429 1844 Gaudete
1460 1815 1496 1844 et

130 1872 168 1904 25
185 1866 367 1913 exultate,
390 1866 566 1914 quoniam
591 1878 737 1901 merces
761 1873 888 1901 vestra
912 1865 1064 1914 copiosa
1095 1872 1151 1901 est
1173 1865 1208 1900 in
1232 1865 1334 1903 celis.
1369 1867 1497 1913 Super

185 1936 264 1971 quo
311 1923 576 1971 Augustinus:
621 1924 918 1959 Animadvertat
971 1923 1138 1971 quisquis
1183 1923 1341 1959 delicias
1385 1924 1497 1960 huius

184 1982 303 2017 seculi
333 1988 367 2017 et
390 1982 606 2029 facultates
639 1994 771 2017 rerum
804 1981 1092 2031 temporalium,
1127 1988 1263 2029 querat
1286 1981 1322 2016 in
1346 1982 1498 2017 nomine

184 2039 394 2075 christiano
426 2039 654 2076 intrinsecus
685 2052 765 2076 esse
797 2039 1066 2075 beatitudinem
1101 2046 1286 2085 nostram,
1320 2039 1418 2075 sicut
1451 2040 1498 2075 de

184 2097 310 2133 anima
344 2097 598 2135 ecclesiastica
631 2110 698 2134 ore
724 2097 952 2147 prophetico
986 2097 1150 2133 dicitur:
1200 2097 1333 2133 Omnis
1362 2097 1495 2147 gloria

129 2160 170 2192 30
186 2156 245 2191 vel
282 2155 507 2204 pulcritudo
539 2155 627 2204 filie
671 2156 777 2206 regis
821 2155 1071 2191 intrinsecus:
1123 2167 1209 2190 nam
1255 2155 1496 2191 extrinsecus

185 2213 389 2249 maledicta
430 2221 465 2249 et
497 2214 789 2262 persecuciones
829 2221 864 2249 et
900 2213 1163 2249 detracciones
1197 2213 1494 2261 promittuntur.

185 2271 245 2307 De
267 2272 399 2319 quibus
431 2279 555 2307 tamen
590 2284 733 2321 magna
767 2283 913 2308 merces
945 2271 980 2306 in
1014 2271 1104 2307 celis
1136 2278 1204 2318 est,
1237 2283 1306 2319 que
1332 2271 1496 2308 sentitur

185 2329 220 2364 in
253 2330 371 2365 corde
396 2342 471 2378 per
498 2329 735 2378 pacienciam
770 2341 902 2365 eorum
942 2329 1005 2377 qui
1042 2329 1116 2364 iam
1154 2336 1315 2377 possunt
1347 2329 1497 2365 dicere:

190 2387 420 2423 Gloriamur
471 2387 506 2422 in
560 2387 887 2430 tribulacionibus,
939 2387 1099 2424 scientes
1151 2387 1237 2434 quia
1292 2387 1496 2423 tribulacio

129 2445 416 2493 35pacienciam
441 2452 639 2494 operatur,
660 2445 857 2494 paciencia
875 2445 1163 2494 probacionem,
1193 2445 1379 2493 probacio
1404 2457 1496 2481 vero

254 2648 281 2676 6.
313 2648 358 2676 A:
395 2649 449 2676 sed
478 2663 511 2669 —-—
537 2649 737 2685 persequitur
763 2647 872 2686 deest.
971 2647 1007 2676 13.
1027 2649 1072 2676 A:
1094 2648 1250 2684 percussit
1297 2648 1340 2675 ad
1392 2656 1494 2675 unam.

185 2690 226 2716 19.
247 2683 284 2710 B:
304 2683 473 2723 mercedem
492 2684 584 2711 deest.
658 2684 703 2711 26.
718 2684 791 2711 Am
807 2691 921 2718 marg:
942 2683 1143 2720 Augustinus.
1216 2682 1262 2710 28.
1277 2684 1323 2710 A:
1346 2683 1382 2710 de
1402 2683 1493 2710 deest.

185 2716 227 2745 33.
248 2719 291 2745 A:
313 2726 365 2754 quz
384 2721 447 2745 tam
461 2722 602 2754 possunt.

255 2823 308 2845 22.
334 2812 453 2845 Matth.
479 2813 520 2854 V,
552 2824 601 2853 11,
632 2823 682 2844 12.
791 2811 844 2845 26.
869 2813 921 2844 De
946 2822 1109 2844 sermone
1134 2813 1275 2844 Domini
1302 2813 1336 2844 in
1362 2819 1492 2852 monte,

186 2859 207 2891 1.
234 2869 262 2891 e.
288 2870 320 2901 p.
352 2867 425 2901 170.
522 2870 575 2902 29.
601 2860 729 2891 Psalm.
754 2859 875 2900 XLIV,
905 2869 956 2900 14.
1053 2860 1106 2900 34.
1132 2859 1234 2891 Rom.
1261 2860 1303 2900 V,
1332 2860 1361 2892 3.

1336 2916 1355 2951 5

1734 233 1783 269 65

1521 1639 1653 1667 Christ’s
1674 1640 1779 1668 words

1541 1674 1707 1702 addressed
1729 1680 1761 1702 to

1541 1710 1591 1736 the
1611 1710 1756 1744 apostles.

1545 1940 1746 1975 Augustine's

1538 1980 1760 2012 commentary.
