2003 3322
163 218 241 258 368
869 223 987 257 opus
1012 222 1347 256 EVANGELICUM
1492 205 1598 262 [cAp.
1619 215 1757 245 xxxm.

449 334 546 382 legis
591 334 736 370 Paulus
791 333 1016 381 exprimens
1071 334 1185 368 Rom.
1225 333 1270 378 ΙΙ,
1318 344 1365 377 14
1411 329 1506 367 dicit
1551 330 1659 378 quod
1703 328 1762 365 illi

445 400 582 441 patres
631 392 704 428 sibi
753 392 827 440 ipsi
874 399 962 427 sunt
1008 391 1085 436 lex,
1139 389 1234 438 quia
1286 389 1506 426 secundum
1550 387 1760 425 veritatem

449 450 632 497 Apostoli
656 449 828 498 qualitas
851 461 924 485 nec
947 448 1056 485 aliud
1085 447 1270 485 accidens
1301 446 1396 483 dicit
1429 446 1606 494 aliquam
1640 446 1760 483 aliam

452 507 671 544 essenciam
725 520 846 555 quam
900 505 1089 551 subiecti;
1143 515 1180 542 et
1233 518 1323 541 cum
1367 512 1452 540 tota
1496 504 1762 552 personalitas

451 565 626 602 hominis
666 564 849 602 consistit
892 565 932 600 in
970 563 1127 612 spiritu,
1172 563 1372 599 subtiliter
1413 561 1508 598 dicit
1546 559 1796 609 Apostolus5

451 625 561 672 quod
582 623 654 659 sibi
681 623 755 673 ipsi
773 630 861 659 sunt
884 623 960 658 lex.
994 623 1256 658 Postmodum
1281 629 1415 657 autern
1438 629 1528 668 post
1552 619 1761 656 dacionem

450 681 548 729 legis
588 681 629 717 in
671 689 808 718 monte
841 682 974 728 Synay
1006 679 1078 715 fuit
1111 679 1284 727 populus
1319 680 1498 715 Hebreus
1527 674 1532 729 Ι
1561 678 1765 726 regulatus
1810 676 1892 718 394²

450 751 522 787 per
566 739 716 775 iudices
760 752 782 775 a
827 740 963 786 Moyse
1006 750 1133 786 usque
1181 738 1231 773 ad
1276 736 1449 781 Samuel,
1494 744 1532 772 et
1578 748 1652 784 pro
1696 735 1764 771 illo

451 807 638 845 tempore
671 796 743 833 fuit
775 797 948 845 populus
981 807 1052 844 per
1083 808 1226 843 puram
1261 795 1389 842 legem
1413 793 1576 830 Domini
1609 793 1765 842 egregie

452 856 669 903 regulatus.
715 856 747 890 A
780 864 964 902 tempore
1003 862 1137 890 autem
1171 852 1300 889 Saulis
1338 864 1464 900 usque
1497 853 1547 888 ad
1579 851 1824 888 transmi-10

453 913 682 961 gracionem
726 911 938 960 Babylonis
982 911 1055 947 fuit
1103 911 1275 959 populus
1314 911 1414 946 bene
1453 909 1656 957 regulatus
1696 922 1767 957 per

453 983 578 1019 reges,
623 972 693 1007 sed
726 971 846 1018 paulo
888 969 1018 1006 minus
1050 968 1193 1005 idonee
1227 981 1347 1016 quam
1382 980 1453 1016 per
1486 976 1577 1004 ante
1613 966 1765 1004 mixtim

454 1041 525 1077 per
568 1028 811 1065 tradiciones
856 1027 1067 1064 hominurn
1109 1027 1323 1074 regulatus.
1369 1027 1447 1062 Sed
1487 1025 1661 1073 pessime
1693 1025 1768 1061 fuit

454 1088 626 1135 populus
657 1099 679 1123 a
701 1085 1062 1134 transmigracione
1094 1097 1222 1133 usque
1255 1085 1305 1121 ad
1334 1083 1578 1120 occisionem
1604 1082 1767 1120 Domini

454 1147 526 1181 sub
574 1145 850 1181 sacerdotibus
894 1144 1110 1191 regulatus,
1164 1151 1202 1179 et
1245 1142 1301 1178 sic
1353 1141 1394 1177 in
1437 1150 1621 1190 ternpore
1672 1136 1825 1189 legis15

455 1203 589 1251 gracie
633 1202 806 1250 apostoli
852 1210 888 1237 et
926 1201 1016 1249 puri
1055 1212 1245 1249 sequaces
1285 1212 1424 1236 eorum
1467 1199 1628 1236 fuerunt
1669 1211 1771 1247 pura

454 1263 540 1309 lege
574 1260 769 1309 evangelii
802 1259 985 1307 regulati.

184 1335 244 1364 We
266 1335 364 1370 might
386 1335 421 1361 be
514 1322 596 1355 Nec
629 1318 794 1354 dubium
829 1317 925 1366 quin
965 1316 1040 1364 ipsi
1080 1316 1364 1364 regulabantur
1401 1314 1542 1351 melius
1582 1322 1619 1350 et
1651 1313 1772 1350 statui

168 1370 694 1442 pertge‘gssfn&the'innocencie
734 1375 904 1412 similius
943 1388 1065 1423 quam
1104 1375 1209 1422 leges
1248 1373 1411 1421 papales
1448 1373 1510 1409 vel
1542 1371 1773 1420 imperiales

174 1442 307 1468 &ermon
328 1448 367 1467 on
388 1439 438 1466 the
458 1436 652 1483 populum
676 1435 929 1482 regulabant3
951 1442 988 1469 et
1003 1432 1059 1469 sic
1073 1433 1270 1468 subducta
1294 1444 1389 1467 cura
1405 1431 1610 1467 mundana
1624 1438 1772 1466 statum
1790 1435 1831 1456 20

247 1476 365 1503 Mount.
459 1492 693 1529 innocencie
733 1491 987 1539 culpabiliter
1026 1491 1258 1527 excludente
1298 1489 1400 1526 foret
1442 1488 1615 1537 populus
1653 1486 1773 1524 statui

459 1550 694 1588 innocencie
726 1549 895 1586 similius
927 1561 1029 1597 pura
1060 1549 1146 1596 lege
1179 1547 1373 1595 evangelii
1406 1547 1632 1595 regulatus3
1665 1552 1700 1582 et
1720 1545 1775 1582 sic

457 1609 660 1659 sufficeret
691 1608 809 1644 eciam
843 1619 971 1643 sermo
993 1606 1153 1642 Domini
1180 1606 1215 1641 in
1246 1612 1372 1641 monte
1393 1605 1581 1655 regulare
1597 1604 1776 1654 perfecte

458 1668 540 1704 sine
571 1666 784 1702 tradicione
815 1666 983 1701 humana
1015 1664 1195 1713 quotlibet
1227 1663 1405 1700 viatores.

519 1724 770 1772 Supponitur
801 1732 938 1759 tamen
970 1721 1198 1770 specialiter
1230 1730 1394 1769 propter
1418 1719 1612 1757 desidiam
1646 1730 1776 1755 sacer·
1792 1725 1832 1758 25

463 1783 603 1819 dotum
650 1783 778 1830 legem
824 1780 1018 1828 evangelii
1062 1779 1313 1816 servancium
1366 1787 1448 1815 tam
1502 1777 1543 1814 in
1593 1776 1776 1825 personis

463 1840 636 1889 propriis
684 1852 805 1888 quarn
851 1837 1034 1875 doctrina
1078 1838 1186 1886 quod
1229 1848 1390 1873 necesse
1437 1844 1495 1872 est
1533 1834 1777 1872 tradiciones

464 1898 674 1935 hominurn
714 1899 765 1933 ad
803 1897 1052 1945 puniendum
1092 1895 1373 1932 malefactores
1412 1893 1612 1930 crudelius
1650 1892 1776 1929 intro-

465 1956 569 2003 duci,
603 1956 710 1992 iuxta
743 1955 842 1991 illud
871 1956 980 2003 quod
1009 1955 1295 2002 prophetatum
1329 1961 1388 1989 est
1416 1952 1575 1988 Psalmo
1599 1952 1684 1997 IX0,
1710 1960 1777 1986 21:

469 2015 665 2051 Constitue
696 2012 865 2050 Domine
901 2013 1167 2063 legislatorem
1206 2023 1324 2060 super
1361 2022 1436 2055 eos,
1484 2010 1606 2046 sciant
1642 2015 1777 2059 gentes
1795 2016 1837 2048 30

464 2073 640 2121 quoniam
686 2071 857 2107 homines
909 2078 1008 2109 sunt.
1063 2071 1180 2115 Quod
1226 2068 1477 2116 Augustinus
1525 2066 1686 2115 exponit
1731 2067 1779 2101 de

465 2129 712 2167 Antichristo
745 2129 813 2177 qui
846 2137 937 2177 post
960 2128 1171 2165 dacionem
1204 2125 1398 2174 evangelii
1422 2134 1478 2162 est
1510 2123 1779 2173 dampnabilis

464 2188 681 2236 legislator.
727 2190 776 2223 Et
809 2187 864 2223 sic
898 2187 1119 2223 secundum
1159 2185 1275 2221 istam
1310 2182 1556 2220 sentenciam
1590 2181 1780 2218 honorifi-

466 2246 625 2283 cencius
664 2245 940 2294 publicaretur
980 2253 1016 2280 et
1049 2252 1274 2280 servaretur
1314 2241 1564 2289 evangelium
1600 2249 1637 2276 et
1670 2251 1780 2287 reges

467 2305 597 2341 forent
630 2303 752 2340 statui
784 2302 1020 2339 innocencie
1054 2311 1089 2338 et
1121 2301 1199 2349 legi
1222 2299 1386 2336 Domini
1418 2300 1506 2347 plus
1539 2298 1836 2337 conformes.35

466 2364 586 2399 Modo
624 2370 757 2398 autern
799 2361 925 2408 magis
965 2359 1167 2396 declinant
1205 2360 1255 2394 ad
1295 2358 1473 2393 seculum
1514 2365 1550 2392 et
1583 2357 1780 2391 humanas

466 2420 709 2456 tradiciones
755 2428 792 2455 et
836 2419 891 2454 sic
936 2430 978 2453 ex
1024 2418 1180 2453 cautela
1225 2415 1374 2452 diaboli
1420 2423 1476 2451 est
1529 2413 1778 2461 evangelium

468 2478 674 2514 remissius
707 2479 978 2513 observatum.

230 2540 321 2567 Laws
342 2548 392 2566 are
526 2536 685 2572 Dictum
711 2544 768 2571 est
792 2544 927 2570 autem
952 2534 1059 2582 quod
1090 2533 1193 2580 leges
1219 2533 1392 2567 humane
1415 2538 1506 2566 sunt
1532 2528 1782 2565 admittende

197 2575 355 2602 allowable
376 2574 441 2600 that
671 2593 677 2599 .
1378 2588 1385 2594 .
1475 2587 1481 2593 .
1588 2586 1594 2592 .

226 2618 313 2645 agree
333 2609 405 2635 with
469 2607 490 2630 a
523 2595 756 2630 doctoribus
790 2594 838 2628 de
870 2600 1022 2640 quanto
1056 2599 1278 2626 consonant
1312 2590 1387 2636 legi
1411 2590 1483 2623 Dei
1518 2596 1553 2623 et
1587 2600 1627 2622 111
1650 2586 1781 2622 fructu
1795 2603 1840 2633 40

223 2644 321 2672 (jod's
343 2644 411 2670 law.

540 2747 564 2772 A.
587 2747 610 2772 Α
634 2745 662 2772 in
686 2752 781 2778 marg.
804 2744 857 2771 ins.
881 2744 931 2770 sol.
955 2742 1042 2776 303⁶:
1074 2742 1164 2777 Quod
1183 2744 1246 2768 rota
1264 2740 1474 2775 personalitas
1493 2738 1625 2765 hominis
1644 2737 1783 2764 consistit

471 2781 499 2807 in
511 2781 623 2815 spiritu
647 2786 673 2806 2.
749 2780 785 2806 13.
803 2781 845 2806 A:
861 2776 1073 2805 tradicionem,
1148 2784 1193 2802 20.
1211 2777 1252 2802 A:
1268 2775 1402 2801 subiecta
1417 2781 1502 2800 curci.
1577 2780 1619 2799 22.
1637 2772 1674 2798 B:
1691 2779 1782 2798 evan-

472 2815 552 2848 ,aelii
570 2817 681 2841 rectus.
755 2813 798 2840 23.
820 2816 862 2840 A:
885 2812 1009 2848 ειςῌϊσίί.
1084 2811 1128 2838 30.
1152 2812 1194 2837 A:
1216 2813 1325 2846 gentes
1341 2809 1435 2835 deest.
1510 2806 1554 2841 39.
1577 2807 1647 2833 Ain
1666 2813 1780 2840 marg:

473 2850 649 2877 Conclusio.
