2003 3322
170 227 254 260 444

217 383 401 411 Distinction

170 419 306 446 between
328 419 445 445 natural

168 454 226 481 and
243 454 339 481 moral
353 453 445 488 good.

188 1090 267 1117 Two
289 1090 379 1116 kinds
400 1088 434 1115 of

189 1125 267 1155 evil:
296 1125 330 1151 of
349 1124 430 1157 pain,

243 1160 277 1187 Of
293 1159 378 1193 guilt.

216 1714 275 1742 &Vc
296 1715 407 1742 should

178 1750 288 1790 rejoice
308 1751 338 1790 in
370 1750 452 1789 pain,

214 1790 424 1856 osssssgffnssbffiby

275 1855 356 1882 (jod.

203 2227 354 2266 whether
384 2226 430 2253 sin

263 2266 367 2290 eX1sts.

877 220 995 252 OPUS
1020 220 1355 251 EVANGEIACUM
1560 208 1671 262 [CAP.
1694 218 1773 247 mv.

463 338 658 373 creatura,
694 337 731 363 et
755 327 863 363 aliud
897 328 1046 362 bonum
1078 325 1200 362 moris
1224 325 1450 362 cuiusmodi
1474 334 1565 362 sunt
1596 327 1775 367 virtutes.

462 385 595 422 Media
628 394 762 422 autem
797 385 901 421 inter
933 384 1009 420 ista
1031 392 1227 420 vocantur
1260 396 1282 420 a
1315 383 1555 432 quibusdam
1590 386 1695 422 bona
1728 387 1776 422 de

462 456 619 492 genere,
685 443 780 491 quia
826 442 1004 490 aliquam
1045 441 1351 478 similitudinem
1392 442 1538 477 habent
1578 454 1666 479 cum
1700 443 1777 479 vir-

461 501 611 538 tutibus
646 510 682 538 et
714 514 737 537 a
770 499 1079 537 circumstancia
1111 500 1287 548 quadam
1318 498 1544 536 necessaria
1577 501 1627 536 ad
1661 500 1778 536 meri-

461 569 545 596 tum
600 559 727 595 fidelis
780 557 984 608 deficiunt,
1049 557 1151 593 sicut
1203 557 1268 593 ille
1319 557 1516 605 prescitus
1563 557 1630 606 qui
1684 558 1809 594 facit5

461 619 612 654 bonum
667 616 833 654 ecclesie
884 617 953 652 sed
1006 615 1142 652 deficit
1193 614 1234 652 in
1266 614 1412 651 virtute
1465 614 1595 652 finalis
1647 628 1778 664 perse-

459 688 658 712 verancie.

518 734 636 770 Tales
669 732 803 781 igitur,
836 732 929 768 licet
961 731 1039 768 sint
1062 730 1102 766 in
1138 730 1272 778 gracia
1296 731 1517 766 secundum
1551 739 1777 778 presentem

462 791 675 837 iusticiam,
736 800 873 827 tamen
926 802 1017 826 cum
1069 789 1218 825 habent
1271 797 1480 836 peccatum
1533 788 1662 825 finalis
1706 788 1780 824 im-

462 849 700 897 penitencie‚
734 848 828 897 quia
852 856 1021 896 peccant
1052 846 1241 884 continue
1274 846 1315 882 in
1344 846 1537 894 Spiritum
1572 848 1778 893 Sanctum,
1799 859 1838 880 10

462 907 653 944 deficiunt
705 919 728 943 a
789 906 924 954 gracia
986 903 1369 954 predestinacionis;
1431 904 1522 940 ideo
1585 903 1779 953 quicquid

461 965 628 1002 fecerint
674 977 756 1001 non
790 973 847 1001 est
894 963 1145 1000 meritorium
1180 962 1257 999 vite
1302 970 1439 998 eterne
1483 963 1551 998 sed
1591 962 1779 998 continue

463 1023 652 1060 edificant
685 1024 736 1059 ad
768 1022 995 1059 iehennam.

522 1083 569 1117 Et
614 1081 670 1118 sic
717 1081 861 1129 duplex
906 1089 962 1116 est
1008 1080 1174 1125 malum,
1221 1078 1372 1115 scilicet
1417 1078 1567 1113 malurn
1608 1089 1710 1125 pene
1743 1086 1780 1114 et

465 1140 616 1176 malum
662 1139 789 1187 culpe.
841 1138 992 1174 Malum
1040 1149 1142 1185 pene
1188 1145 1245 1173 est
1283 1148 1386 1184 pena
1427 1135 1569 1172 nociva
1603 1144 1640 1171 et
1674 1134 1838 1183 capit15

464 1197 778 1234 subdivisionem
826 1195 1088 1244 multiplicem
1134 1194 1237 1231 sicut
1284 1206 1404 1242 pena3
1455 1194 1605 1230 malum
1646 1201 1779 1229 autem

465 1256 582 1303 culpe
634 1264 691 1291 est
743 1255 830 1302 ipsa
878 1255 996 1302 culpa
1042 1262 1078 1289 et
1124 1251 1401 1300 multipliciter
1445 1251 1636 1287 dividitur
1679 1250 1782 1287 sicut

465 1314 594 1362 culpa.
629 1315 670 1349 In
693 1313 777 1349 istis
800 1321 934 1349 autem
960 1310 1291 1348 distinccionibus
1314 1310 1441 1346 latent
1465 1311 1638 1358 quedam
1673 1308 1782 1357 equi-

462 1371 720 1417 vocaciones;
772 1370 861 1407 ideo
906 1383 996 1406 cum
1032 1368 1305 1406 contradiccio
1348 1381 1430 1404 non
1458 1363 1463 1419 Ι
1492 1366 1669 1404 nominis
1695 1377 1782 1403 tan-
1825 1371 1910 1414 401cl

464 1439 549 1466 tum
584 1430 651 1465 sed
692 1428 747 1465 rei
782 1437 819 1465 et
851 1427 1025 1464 nominis
1050 1440 1130 1464 non
1163 1434 1361 1474 repugnat
1385 1427 1492 1474 quod
1525 1425 1597 1461 iste
1621 1433 1782 1461 sanctus
1798 1441 1841 1463 20

465 1501 555 1524 cum
605 1487 692 1523 aliis
738 1487 845 1523 dicat
897 1487 1005 1534 quod
1058 1487 1209 1522 bonum
1242 1483 1399 1520 virtutis
1451 1483 1500 1519 sit
1546 1482 1699 1531 aliquid
1743 1491 1781 1519 et

465 1545 599 1590 nichil,
648 1545 703 1581 sic
748 1546 897 1581 bonum
932 1544 993 1580 vel
1039 1544 1189 1580 malum
1225 1542 1353 1587 aliud3
1398 1550 1435 1578 et
1475 1541 1530 1577 sic
1570 1542 1616 1577 de
1650 1540 1782 1589 predi-

466 1603 699 1641 cacionibus
752 1602 840 1639 aliis
900 1602 941 1638 in
994 1601 1138 1650 quibus
1200 1602 1385 1637 doctores
1448 1599 1618 1635 multum
1674 1597 1782 1647 equi-

465 1670 624 1701 vocant.

525 1719 751 1756 Difficultas
803 1727 938 1755 autem
993 1717 1160 1765 antiqua
1208 1725 1264 1752 est
1309 1717 1357 1752 de
1403 1714 1553 1763 duplici
1600 1715 1782 1750 membro
1799 1721 1839 1754 25

470 1778 578 1824 mali,
613 1790 703 1814 cum
737 1776 865 1812 sancti
897 1785 941 1812 ut
974 1775 1093 1812 fidem
1119 1774 1324 1822 accipiunt
1357 1775 1466 1822 quod
1488 1785 1607 1809 omne
1631 1772 1782 1808 malurn

469 1848 571 1884 pene
616 1835 665 1871 sit
710 1835 857 1871 iustum
899 1847 920 1870 a
954 1836 1037 1869 Deo
1067 1833 1233 1869 volitum
1280 1840 1317 1867 et
1363 1839 1591 1877 causatum;
1638 1838 1675 1866 et
1726 1829 1783 1866 sic

470 1893 597 1930 sancti
621 1894 766 1929 debent
791 1894 838 1928 de
862 1891 972 1928 omni
997 1892 1102 1927 malo
1126 1889 1358 1926 huiusmodi
1377 1888 1579 1926 delectari.
1605 1890 1662 1924 De
1678 1887 1784 1924 malo

471 1960 604 1988 autem
639 1951 754 1998 culpe
788 1959 844 1986 est
877 1962 1008 1986 sermo
1044 1948 1262 1996 multipleX‚
1314 1960 1402 1983 cum
1445 1946 1608 1995 quidam
1645 1945 1783 1982 dicunt

470 2011 578 2058 quod
623 2022 705 2045 non
762 2017 819 2044 est
861 2009 930 2044 secl
964 2009 1088 2055 deest,
1132 2015 1170 2043 et
1213 2006 1416 2054 loquendo
1468 2006 1515 2041 de
1562 2004 1679 2051 culpa
1723 2003 1784 2039 vel
1801 2002 1841 2034 30

473 2076 641 2116 peccato
689 2065 914 2103 formaliter
958 2077 1059 2113 pene
1104 2076 1244 2101 ornnes
1291 2063 1518 2100 concedunt
1563 2062 1669 2110 quod
1705 2074 1785 2097 non

472 2135 529 2162 est
552 2139 573 2162 a
597 2127 680 2161 Deo
715 2133 752 2161 et
787 2127 845 2170 (ut
866 2122 1113 2171 Augustinus
1146 2121 1344 2167 concedit)
1378 2134 1458 2157 non
1481 2121 1600 2156 habet
1623 2131 1785 2156 causam

471 2183 709 2220 efficientem
744 2183 812 2219 sed
846 2181 1113 2218 deficientem.

530 2244 657 2289 Super
705 2253 784 2289 quo
816 2241 937 2276 verbo
981 2238 1144 2287 quidam
1193 2237 1405 2274 mussitant
1439 2249 1528 2272 curn
1563 2243 1787 2283 peccatum,

472 2299 503 2336 si
538 2308 596 2336 est
629 2299 668 2335 in
702 2298 894 2343 subiecto,
928 2306 1118 2345 peccante
1158 2296 1293 2344 aliquo
1332 2293 1580 2331 subiectatur
1613 2301 1650 2329 et
1683 2294 1788 2328 Deus
1805 2291 1844 2325 35

473 2358 556 2394 vult
589 2357 734 2405 punire
767 2364 978 2404 peccatum
1014 2364 1051 2391 et
1090 2354 1256 2391 ecclesie
1290 2365 1357 2389 sue
1390 2351 1606 2400 proficere3
1651 2362 1787 2398 ymmo

475 2416 648 2464 Spiritus
682 2416 851 2451 Sanctus
885 2413 1000 2450 dicit:
1040 2413 1174 2449 Omnis
1205 2412 1270 2462 qui
1291 2411 1398 2459 facit
1419 2417 1620 2460 peccatum
1653 2419 1790 2445 servus

474 2481 529 2510 est
557 2473 718 2523 peccati.

540 2604 565 2623 2.
599 2597 627 2623 A
653 2596 683 2622 in
713 2603 826 2630 marg:
858 2601 886 2621 2.
978 2593 1002 2620 3.
1036 2594 1063 2621 A
1087 2593 1116 2620 in
1143 2601 1255 2627 marga
1289 2592 1408 2618 Bonum
1433 2590 1600 2625 tripliciter
1628 2591 1737 2615 nature
1763 2589 1792 2614 et

471 2632 565 2658 mort's
579 2633 610 2657 et
628 2630 738 2657 bonum
752 2631 789 2657 de
801 2637 919 2666 genere
935 2630 1046 2655 malum
1063 2628 1175 2663 duplex
1187 2635 1266 2662 pene
1279 2629 1309 2653 et
1321 2627 1416 2661 culpe.
1490 2624 1513 2652 5.
1535 2625 1564 2651 A
1578 2624 1608 2651 in
1628 2630 1724 2657 marg.
1737 2631 1742 2649 ε
1766 2630 1791 2653 2.

473 2675 513 2699 ¹4-
534 2667 562 2692 A
586 2666 614 2692 in
639 2673 753 2700 marg:
777 2673 797 2691 1.
892 2664 927 2691 ιδ.
944 2665 971 2690 Α
988 2664 1016 2690 in
1033 2670 1148 2696 marga
1170 2668 1197 2688 2.
1272 2660 1312 2688 18.
1335 2661 1373 2688 B:
1394 2661 1425 2687 in
1440 2659 1496 2686 hiis
1509 2662 1620 2686 autem.
1695 2664 1733 2683 21.
1753 2656 1791 2683 ss:

470 2700 589 2735 aliquid
603 2700 695 2727 deest.
770 2707 812 2726 22.
835 2699 873 2725 B:
896 2702 925 2725 et
937 2699 1047 2725 malum
1057 2707 1067 2729 ,·
1086 2697 1108 2724 B
1124 2697 1152 2724 in
1170 2704 1284 2730 marg:
1306 2695 1428 2730 Duplex
1441 2695 1562 2721 malum.
1627 2692 1673 2726 26,
1698 2699 1744 2725 27.
1765 2692 1793 2718 A

472 2735 637 2797 ibibmargst
672 2734 788 2761 Malum
803 2742 894 2769 pene.
969 2732 1014 2759 30.
1037 2732 1058 2759 Β
1080 2732 1108 2759 in
1133 2739 1245 2765 marg:
1273 2730 1441 2757 Peccatum.
1516 2727 1560 2761 34.
1582 2729 1610 2755 A
1625 2727 1655 2754 in
1675 2733 1791 2761 marg:

522 2777 626 2796 [eccm.

544 2830 595 2871 37.
624 2830 726 2860 Rom.
754 2829 809 2868 VI,
842 2838 891 2869 17.
