2003 3322
234 194 323 222 CAP.
345 185 485 239 xxxii]
745 197 884 228 PRIMA
911 197 1036 228 PARs.

233 310 358 338 autem
392 302 455 350 qui
485 303 619 338 docent
650 309 684 338 et
716 314 787 338 non
811 302 969 350 fuciunt
1012 302 1314 351 blasphematur,
1359 309 1399 337 ut
1431 310 1541 351 puta,

233 361 267 396 si
296 361 385 396 bene
418 360 577 396 doceant
607 360 827 396 sacerdotes
856 367 891 395 et
922 361 1056 396 melius
1078 360 1227 404 vivant;
1259 360 1427 395 videntes
1448 372 1542 410 gen-

234 419 318 454 tiles
351 418 500 453 dicunt:
530 418 761 453 Benedictus
788 418 992 466 Deus-qui
1012 418 1108 453 tales
1130 418 1242 453 habet
1263 429 1407 453 servos.
1449 418 1544 454 Vere

235 476 331 511 enirn
364 487 495 511 eorum
528 476 634 511 Deus
666 487 780 511 verus
811 482 867 511 est
902 476 1017 510 Deus.
1063 475 1149 510 Nisi
1179 475 1275 510 enim
1325 475 1405 524 ipse
1447 483 1544 511 esset

202 534 365 579 51'ustus,
399 544 587 581 nunquam
605 533 792 581 populum
820 545 929 568 suum
964 533 1065 568 circa
1089 533 1276 568 iusticiam
1308 533 1361 568 sic
1384 540 1538 568 teneret.

235 591 335 626 Nam
370 590 569 640 disciplina
603 591 748 625 domini
777 602 828 626 ex
860 591 1028 626 moribus
1051 590 1209 638 familie
1240 591 1541 626 demonstratur.

236 649 321 684 Non
352 648 406 683 sic
438 648 562 683 nostri
586 648 811 697 philosophi
853 648 916 696 qui
957 660 1101 698 magna
1145 648 1353 696 loquuntur
1397 655 1433 683 et
1477 660 1544 683 nec

235 706 384 741 modica
408 705 576 753 faciunt.
612 706 654 740 Si
683 713 808 741 autem
843 706 933 741 bene
967 706 1127 741 doceant
1170 713 1205 741 et
1236 706 1337 741 male
1384 717 1542 741 conver-

233 771 377 809 sentur,
416 763 584 799 videntes
607 763 753 798 dicunt:
781 763 874 807 Quis
909 770 963 799 est
999 764 1173 799 dominus
1202 775 1333 799 eorum
1357 763 1420 811 qui
1450 763 1543 798 talia

182 828 367 871 magunt.
421 821 619 868 Numquid
656 821 859 857 sustineret
891 833 954 856 eos
986 821 1078 856 talia
1101 821 1296 869 facientes
1341 821 1413 856 nisi
1455 833 1542 856 con-

234 879 390 915 sentiret
412 879 590 927 operibus
619 879 784 914 eorum?
818 878 956 914 Patres
984 879 1107 915 nostri
1129 876 1244 930 (sicut
1266 879 1324 914 illi
1345 876 1541 930 estimant)

235 936 338 972 idola
371 937 534 972 colentes
578 948 725 972 omnem
765 936 950 971 iusticiam
995 943 1260 972 servaverunt.
1307 937 1375 973 Isti
1416 943 1542 972 autem

234 994 429 1044 gloriosos
460 994 667 1042 loquuntur
687 1006 883 1030 sermones
906 1001 940 1030 et
962 994 1215 1044 ignominiosa
1240 1006 1357 1043 opera
1372 994 1541 1042 faciunt.

244 1052 354 1087 Vides
385 1052 561 1100 quoniam
586 1053 691 1088 Deus
718 1064 793 1100 per
825 1052 949 1088 malos
981 1052 1210 1088 christianos
1233 1052 1544 1101 blasplzematur;

182 1112 218 1144 15
235 1121 301 1145 nec
327 1116 456 1158 potest
489 1110 664 1146 dominus
696 1110 831 1145 bonam
865 1110 1077 1158 opinionem
1118 1110 1259 1145 habere
1299 1110 1363 1157 qui
1398 1110 1541 1145 malam

226 1167 426 1215 familiam
483 1167 606 1203 habet.
671 1168 778 1202 Unde
829 1167 970 1203 dictum
1023 1174 1079 1203 est
1121 1168 1172 1203 ad
1209 1168 1395 1217 populum
1448 1168 1543 1202 Dei:

235 1225 383 1261 Nomen
416 1225 512 1260 enim
546 1225 622 1260 Dei
648 1237 722 1273 per
754 1237 820 1261 vos
852 1225 1143 1274 blasphematur
1175 1225 1274 1261 inter
1304 1232 1452 1275 gentes.

293 1284 377 1318 Hec
401 1291 458 1318 est
482 1283 602 1330 plana
625 1292 660 1318 et
683 1282 850 1318 salubris
874 1282 1078 1318 sentencia
1103 1282 1219 1318 huius
1243 1283 1369 1319 sancti
1394 1294 1437 1318 ex
1461 1295 1539 1330 qua

236 1352 324 1376 cum
361 1340 446 1376 aliis
480 1339 687 1376 catholicis
720 1340 925 1376 seminatis
959 1341 1122 1388 quidam
1157 1340 1321 1377 eliciunt
1364 1349 1407 1376 ut
1446 1353 1540 1376 con—

179 1411 220 1432 20
235 1398 407 1434 forment
431 1410 501 1433 sua
523 1410 645 1445 opera
667 1397 747 1434 suis
770 1398 1036 1444 sermonibus,
1060 1407 1097 1434 et
1121 1400 1213 1434 dum
1239 1398 1385 1434 fuerint
1409 1398 1539 1434 cuius-

236 1468 392 1504 cunque
437 1455 639 1502 religionis
686 1456 839 1503 private
886 1457 1029 1492 debent
1081 1455 1179 1492 ritus
1224 1469 1316 1492 suos
1360 1456 1539 1492 novellos

236 1513 392 1550 abicere
424 1522 461 1549 et
492 1513 621 1550 vivere
653 1526 751 1561 pure
783 1515 1002 1550 secundum
1043 1513 1225 1550 ordinem
1262 1513 1539 1550 christianum.

236 1573 316 1607 Nec
360 1579 518 1619 oportet
570 1573 620 1607 ad
664 1572 892 1608 habendum
938 1572 988 1608 ad
1033 1571 1107 1608 hoc
1150 1571 1359 1608 licenciam
1406 1580 1540 1620 petere

236 1628 387 1665 curiam
442 1631 665 1665 Romanam
700 1629 780 1666 sive
823 1642 986 1679 papam,
1032 1629 1127 1677 quia
1178 1632 1284 1666 Deus
1336 1629 1419 1666 sine
1470 1628 1541 1665 tali

180 1690 219 1722 25
234 1687 370 1723 labore
403 1687 463 1723 vel
496 1687 663 1723 dacione
696 1687 864 1735 pecunie
896 1700 989 1724 suos
1021 1699 1154 1724 servos
1186 1687 1371 1724 licenciat
1400 1695 1443 1723 ut
1465 1686 1540 1723 sibi

236 1744 382 1793 eligant
416 1744 540 1793 magis
568 1746 731 1781 bonum.
765 1746 934 1793 Oportet
966 1754 1101 1782 tamen
1133 1745 1173 1781 in
1207 1745 1282 1782 isto
1316 1757 1539 1793 congruen-

235 1802 336 1839 ciam
370 1802 562 1851 temporis
597 1811 816 1851 expectare.
850 1805 898 1839 Et
932 1802 986 1839 ita
1019 1803 1175 1839 videtur
1212 1803 1395 1840 fidelibus
1430 1804 1539 1851 quod

234 1861 423 1904 docentes
467 1860 662 1896 catholice
706 1861 862 1896 nullum
909 1861 1054 1897 Christi
1100 1862 1349 1897 sacerdotem
1395 1862 1539 1897 debere

234 1930 324 1954 cum
357 1918 526 1955 seculari
560 1918 739 1954 dominio
771 1919 832 1955 vel
865 1918 1116 1966 possessione
1151 1918 1313 1967 copiosa
1336 1927 1538 1966 tempora-

177 1979 218 2011 30
233 1975 329 2011 lium
361 1977 467 2012 ultra
500 1977 574 2012 hoc
606 1978 714 2024 quod
747 1978 913 2013 docetur
944 1976 984 2012 in
1016 1977 1100 2024 lege
1134 1976 1296 2013 Domini
1334 1975 1537 2024 occupari,

233 2042 351 2081 capta
382 2033 655 2082 oportunitate
687 2034 880 2082 temporis
914 2035 1058 2070 debent
1098 2034 1333 2070 renunciare
1378 2034 1460 2080 tali,
1506 2033 1538 2070 si

232 2090 361 2139 ipsum
397 2091 622 2137 habuerint,
659 2100 695 2127 et
718 2093 864 2128 habere
888 2092 1066 2128 animum
1093 2091 1356 2128 renunciandi
1379 2091 1535 2137 maiori,

232 2149 263 2185 si
295 2149 426 2197 ipsum
461 2149 686 2195 habuerint,
727 2150 933 2198 regulante
977 2162 1134 2197 semper
1178 2149 1398 2197 prudencia
1432 2149 1537 2185 circa

231 2207 547 2254 oportunitatem
592 2207 785 2254 temporis
830 2216 866 2244 et
911 2207 1009 2243 alias
1054 2207 1381 2244 circumstancias
1426 2207 1535 2243 adia-

174 2268 214 2301 35
231 2273 376 2301 centes.
422 2266 537 2301 Tunc
570 2264 675 2301 enirn
721 2265 805 2301 sine
849 2265 921 2301 Dei
968 2264 1218 2313 blasphemia
1263 2267 1409 2301 docent
1453 2273 1536 2301 tam

229 2334 351 2370 opere
384 2335 503 2371 quam
537 2335 734 2358 sermone.

287 2380 477 2429 Sequitur
520 2379 560 2416 in
591 2388 698 2416 textu
746 2379 962 2428 evangelii:
1008 2381 1138 2416 Nolite
1177 2388 1320 2429 putare
1358 2380 1535 2428 quoniam

230 2438 315 2474 veni
337 2437 491 2475 solvere
514 2439 638 2488 Iegem
670 2445 736 2473 aut
752 2439 978 2487 prophetas.
1012 2439 1099 2474 Non
1132 2439 1216 2474 veni
1236 2438 1387 2474 solvere
1410 2438 1535 2488 legem

296 2649 322 2675 7.
344 2640 382 2668 B:
409 2640 477 2668 Non
495 2640 583 2668 sicut.
691 2649 720 2676 9,
742 2649 782 2669 10.
805 2641 843 2668 B:
872 2641 978 2668 taliter
997 2644 1106 2677 agunt.
1215 2640 1253 2669 15.
1274 2641 1314 2668 B:
1344 2649 1405 2669 non
1420 2643 1533 2676 potest.

228 2674 269 2702 18.
290 2676 319 2703 A
340 2675 370 2702 in
390 2683 503 2711 marg.:
524 2675 699 2708 Johannes;
718 2676 758 2703 ib.
782 2676 899 2703 Codd:
923 2679 968 2702 est
987 2676 1080 2703 deest.
1184 2683 1229 2702 20.
1252 2675 1341 2703 Codd
1364 2685 1370 2703 :
1393 2678 1420 2703 et
1439 2676 1533 2703 deest.

227 2717 274 2745 29.
294 2711 339 2737 A-:
361 2710 495 2737 domino.
568 2710 612 2737 30.
635 2712 678 2738 A:
702 2714 862 2746 occupata.
935 2709 980 2738 38.
1000 2712 1046 2738 A:
1067 2714 1122 2737 aut
1140 2726 1173 2729 —
1193 2711 1293 2747 legem
1313 2711 1409 2738 deest.

301 2814 349 2848 17.
376 2805 416 2837 Is.
444 2805 513 2846 LII,
541 2804 569 2837 5.
671 2807 724 2849 37.
750 2805 869 2838 Matth.
895 2806 936 2846 V,
967 2816 1016 2848 17.

1754 189 1826 224 113

1589 1287 1694 1315 Those
1714 1288 1785 1315 who

1606 1323 1692 1349 teach
1713 1323 1778 1349 that

1566 1357 1679 1392 priests
1700 1357 1811 1384 should

1561 1396 1614 1419 not
1634 1392 1669 1418 be
1690 1392 1822 1428 wealthy

1554 1426 1651 1489 Οὲίῑῗῗέ
1669 1431 1828 1496 ἶὲἐὲἷῃὲἶ]
