2003 3322
206 195 296 224 CAP.
317 184 413 238 Lm]
675 196 886 228 SECUNDA
914 197 1040 228 PARS.
1720 199 1795 233 441

204 304 350 340 animal
394 303 635 352 requiescere
679 310 807 352 potest
855 303 928 338 nisi
982 303 1248 339 tantummodo
1307 311 1514 353 serpentes.

204 363 267 398 Sic
289 362 399 398 iuxta
410 361 572 410 fidelem
597 361 785 396 hominem
819 368 856 396 et
887 360 1030 396 boniet
1052 361 1146 396 mali
1179 361 1350 397 homines
1378 374 1514 411 pacem

204 432 342 469 capere
359 426 541 468 possunt,-
572 418 680 454 iuxta
710 418 881 467 infideles
903 425 1028 454 autem
1053 418 1225 455 homines
1248 431 1358 455 nemo
1376 432 1513 468 pacem

198 485 326 527 potest
360 478 513 522 habere,
559 488 676 524 neque
720 476 961 524 requiescunt
992 476 1027 512 in
1061 476 1115 512 eis
1147 476 1220 513 nisi
1249 479 1516 514 tantummodo

171 538 410 584 §serpentes,
443 535 483 570 id
504 541 572 580 est,
607 534 785 570 demones
817 534 881 582 qui
902 534 1039 570 habent
1056 534 1193 570 cubilia
1226 532 1262 570 in
1291 536 1517 584 pectoribus

204 606 350 629 eorum.
384 593 554 628 Fructus
587 603 718 627 eorum
752 592 850 627 nulli
874 592 1093 641 procedunt
1124 593 1176 628 ad
1208 605 1346 629 unum:
1378 594 1515 630 umbra

202 651 299 687 enim
332 650 541 700 refrigerii
570 662 641 685 non
665 656 719 685 est
751 649 786 685 in
820 649 885 696 eis,
919 657 953 685 et
987 662 1119 686 verum
1153 657 1208 686 est
1230 650 1395 699 quidem,
1429 652 1515 700 quia

201 709 332 758 spinas
355 716 389 743 et
411 707 573 743 tribulos
586 719 714 743 omnes
737 707 884 756 iniquos
907 707 1098 744 hereticos
1121 708 1356 757 appellavit‚·
1387 717 1514 746 tamen

193 767 370 814 forsitan
408 766 531 802 sciens
565 765 755 801 Dominus
792 765 889 801 hanc
921 765 1086 802 heresim
1116 778 1197 802 esse
1225 767 1514 815 prevalituram

150 837 272 874 10pre
310 824 482 860 omnibus
521 823 684 859 tribulos
716 835 779 859 eos
811 823 1023 872 appellavit
1055 824 1166 872 quasi
1192 824 1392 861 Trinitatis
1420 838 1514 874 pro-

190 883 369 931 fessores
421 888 456 917 et
493 881 733 932 triangulam
768 881 1000 930 impietatem
1033 881 1069 917 in
1101 894 1170 918 sua
1197 882 1366 932 perfidia
1406 883 1514 919 baiu-

202 940 334 976 lantes.

260 998 346 1034 Non
374 1005 504 1047 potest
548 998 669 1034 arbor
711 998 808 1034 bona
831 998 995 1046 fructus
1041 998 1163 1034 malos
1198 999 1343 1047 facere
1375 1006 1410 1034 et
1441 1011 1514 1035 non
1547 991 1618 1018 ¹1³5
1639 994 1693 1018 Ποῖ
1714 991 1780 1019 said

1546 1026 1612 1053 that
1631 1026 1682 1053 the
1700 1026 1781 1060 good

198 1063 326 1105 potest
369 1056 490 1092 arbor
536 1056 640 1092 mala
668 1056 811 1104 facere
837 1057 1018 1104 fructum
1059 1056 1209 1091 bonum.
1263 1056 1350 1092 Non
1396 1057 1516 1093 dixit:
1570 1065 1631 1088 tree
1651 1065 1764 1088 cannot

151 1114 323 1150 15arbor
354 1115 456 1150 mala
490 1126 562 1150 non
589 1121 717 1163 potest
736 1114 835 1164 fieri
864 1114 972 1159 bona,
1006 1114 1074 1150 sed
1116 1126 1233 1163 neque
1264 1114 1386 1150 arbor
1417 1115 1513 1151 bona
1528 1095 1803 1164 &iegssregrsbazssbffi

203 1172 319 1209 mala.
371 1171 548 1220 Alioquin
583 1172 647 1220 qui
688 1172 812 1208 malus
856 1179 912 1207 est
943 1185 965 1207 a
996 1172 1081 1207 Deo
1114 1179 1210 1208 esset
1255 1173 1356 1220 quod
1387 1173 1513 1209 malus
1550 1165 1780 1227 xEffiIetliseanger

203 1237 271 1276 est,
316 1237 351 1265 et
392 1230 458 1279 qui
500 1230 630 1276 bonus,
672 1229 708 1266 in
752 1230 836 1266 Deo
876 1237 931 1266 est
990 1230 1093 1279 quod
1125 1230 1244 1266 bonus
1276 1238 1344 1266 est.
1400 1231 1512 1267 Nunc
1560 1235 1641 1273 good
1661 1235 1768 1270 brings

202 1295 327 1323 autem
351 1287 448 1323 sicut
481 1288 588 1323 dicit:
622 1287 753 1323 Malus
775 1300 847 1324 non
875 1295 1004 1337 potest
1026 1288 1172 1336 facere
1195 1288 1358 1336 fructus
1381 1289 1510 1335 bonos,
1540 1269 1787 1340 c01·refgpr‹tir¹1ding

203 1345 242 1381 id
273 1353 340 1391 est,
379 1346 560 1394 quamdiu
593 1346 717 1382 malus
749 1353 815 1382 est.
870 1345 913 1381 Si
943 1358 1034 1381 vero
1057 1346 1197 1394 factus
1218 1346 1348 1394 suerit
1381 1347 1512 1394 bonus,
1613 1339 1713 1367 fruits.

147 1410 324 1453 2opotest
357 1411 397 1439 ut
434 1403 688 1452 unusquisque
732 1404 833 1452 quod
876 1404 1001 1440 malus
1039 1411 1097 1441 est
1129 1410 1195 1439 aut
1227 1404 1347 1440 bonus
1379 1405 1512 1441 volun-

203 1461 292 1497 tatis
324 1461 402 1497 eius
441 1461 489 1498 sit
521 1474 593 1498 non
626 1469 774 1498 nature.
810 1462 911 1497 Nam
944 1462 978 1498 si
1008 1462 1158 1498 volebat
1190 1469 1225 1498 et
1256 1474 1328 1498 non
1356 1470 1515 1512 poterat

193 1519 357 1567 fructus
389 1519 506 1555 bonos
539 1520 729 1568 proferre
772 1527 911 1555 nature
942 1526 1038 1557 erat.
1085 1520 1128 1555 Si
1165 1527 1291 1556 autem
1320 1528 1449 1569 potest
1480 1528 1516 1557 et

205 1589 277 1612 non
311 1578 404 1623 vult,
443 1577 600 1613 arbitrii
629 1584 683 1613 est
716 1590 787 1613 non
822 1584 970 1614 nature.
1015 1577 1130 1628 Ergo
1168 1590 1304 1614 servus
1334 1579 1412 1614 Dei
1441 1591 1514 1615 non

199 1642 327 1683 potest
347 1636 490 1684 facere
522 1636 679 1671 malum.
733 1635 787 1670 Et
817 1636 852 1671 si
883 1635 1035 1671 videtur
1075 1635 1144 1671 tibi
1173 1636 1381 1685 aliquando
1413 1637 1516 1685 quod

147 1693 304 1729 25male
326 1693 444 1741 facit,
477 1693 677 1729 considera
701 1700 811 1729 caute
833 1694 956 1742 ipsum
990 1694 1133 1729 malum
1169 1694 1248 1730 eius
1280 1701 1315 1730 et
1350 1694 1515 1731 invenies

203 1763 287 1786 eum
320 1751 366 1786 ab
398 1751 499 1786 intus
536 1763 616 1787 esse
641 1751 792 1787 bonum.
827 1752 928 1787 Nam
963 1763 1014 1787 ex
1040 1751 1244 1800 proposito
1267 1753 1362 1788 bono
1395 1753 1514 1788 eciam

203 1808 305 1857 quod
337 1809 490 1845 videtur
522 1810 665 1845 malum
704 1809 841 1845 bonum
876 1817 943 1856 est,
981 1810 1068 1857 quia
1100 1810 1238 1845 bonum
1266 1810 1514 1859 propositum

205 1866 348 1901 malum
394 1879 488 1915 opus
533 1874 706 1910 excusat,
758 1867 902 1903 malum
954 1874 1079 1903 autem
1127 1879 1222 1916 opus
1267 1869 1514 1917 propositum

204 1924 340 1960 bonum
373 1937 446 1960 non
479 1932 734 1974 contempnat.
776 1925 915 1961 Vidisti
934 1925 1102 1977 Moysen
1137 1926 1385 1962 homicidium
1409 1926 1516 1974 faci-

148 1987 189 2019 30
204 1989 338 2028 entem,
361 1983 430 2018 sed
444 1995 516 2018 non
535 1991 701 2032 propter
717 1995 825 2019 suam
849 1983 1028 2019 iniuriam
1044 1984 1113 2019 sed
1130 1991 1297 2033 propter
1311 1996 1515 2020 servorum

202 2038 281 2076 Dei
311 2040 532 2076 vindictam.
586 2041 723 2077 Vidisti
751 2041 868 2076 Jacob
913 2041 1021 2077 aliud
1059 2042 1270 2090 loquentem
1312 2042 1347 2077 in
1381 2042 1515 2092 lingua

203 2104 238 2133 et
268 2097 377 2132 aliud
414 2099 611 2134 habentem
651 2099 686 2134 in
720 2100 849 2141 corde,
888 2111 972 2135 cum
1013 2099 1157 2135 diceret
1187 2100 1239 2135 ad
1269 2099 1390 2146 Esau,
1427 2100 1515 2149 quia

204 2155 284 2190 vidi
305 2155 453 2203 faciem
487 2163 605 2203 tuam,
637 2157 736 2193 sicut
774 2157 838 2205 qui
877 2157 1017 2193 viderit
1049 2157 1200 2205 faciem
1234 2158 1311 2193 Dei
1339 2158 1409 2193 sed
1441 2169 1514 2193 non

204 2220 243 2248 ut
276 2213 467 2262 deciperet
499 2226 582 2249 eum
615 2215 684 2250 sed
715 2222 754 2250 ut
786 2222 1056 2263 compesceret.

148 2274 186 2307 35
262 2270 460 2317 Similiter,
486 2272 608 2308 malus
633 2285 704 2308 non
728 2280 856 2321 potest
874 2273 1017 2321 facere
1049 2273 1210 2318 bonzcm5
1241 2280 1276 2308 et
1306 2273 1341 2308 si
1362 2273 1558 2309 videturA
1580 2275 1637 2303 bad
1669 2284 1739 2303 man
1771 2284 1806 2303 01·

205 2329 272 2364 tibi
306 2329 449 2377 facere
488 2330 638 2376 bonum,
691 2331 892 2366 considera
926 2338 1034 2367 caute
1066 2331 1189 2379 ipsum
1223 2331 1360 2366 bonum
1393 2338 1429 2367 et
1460 2331 1515 2366 in-
1576 2310 1750 2373 ἒέῃῐζὲἷιῗῑῗ

207 2386 331 2422 venies
362 2387 460 2422 illud
490 2388 536 2423 ab
569 2388 669 2423 intus
701 2400 782 2424 esse
814 2389 972 2424 malum.
1014 2389 1115 2424 Nam
1156 2389 1259 2437 quod
1290 2400 1340 2424 ex
1366 2401 1514 2438 propo-
1615 2381 1709 2414 good.

205 2444 276 2480 sito
311 2444 413 2481 malo
434 2445 488 2494 fit
519 2445 638 2481 eciam
669 2446 806 2481 bonum
841 2446 985 2482 malum
1022 2454 1088 2482 est.
1123 2447 1225 2482 Nam
1248 2447 1386 2483 bonum
1419 2459 1514 2496 opus

272 2655 299 2682 7.
321 2647 359 2674 B:
381 2651 425 2675 est
445 2648 570 2675 omitted
593 2648 696 2676 before
715 2649 846 2684 quidem.
964 2657 992 2684 9.
1015 2650 1055 2676 B:
1078 2658 1143 2677 esse
1163 2650 1256 2677 deest.
1358 2658 1397 2679 17.
1419 2651 1463 2677 A:
1485 2653 1516 2677 et

204 2681 259 2722 qui
286 2683 395 2722 bonum
424 2686 509 2722 esset.
601 2691 642 2715 ιο.
674 2683 711 2710 Β;
739 2685 768 2710 si
790 2687 901 2711 autem.
993 2691 1038 2717 24.
1066 2684 1104 2711 Β.-
1126 2684 1163 2712 Si
1180 2684 1285 2712 videtu
1304 2690 1315 2712 ·.
1348 2685 1387 2713 Et
1417 2686 1510 2712 deest.

205 2715 246 2743 53.
269 2717 312 2744 A:
334 2725 385 2752 qui
404 2717 476 2744 vidi.
550 2716 596 2752 34.
619 2718 655 2745 ss:
678 2721 709 2745 ut
729 2726 940 2753 comprescere
958 2718 1048 2746 dixit.

277 2800 328 2832 33.
356 2800 440 2831 Gen.
466 2801 612 2841 XXXIII,
643 2812 692 2832 10.
