2003 3322
161 224 242 270 448
870 226 988 259 Opus
1013 224 1348 258 EVANGELICUM
1569 210 1676 267 [CAP.
1696 219 1760 248 ιν.

328 380 332 384 .
453 337 686 372 voluntatem
727 335 856 384 patris
900 334 974 370 mei
1009 334 1074 383 qui
1116 333 1151 368 in
1197 333 1286 368 celis
1318 340 1386 375 est,
1426 332 1506 381 ipse
1537 331 1695 367 intrabit
1726 331 1761 366 in

160 382 436 449 Noffuxxggigisqeimt
454 407 618 444 regnum
652 394 836 429 celorum.
884 394 1011 440 Super
1056 404 1135 439 quo
1180 390 1444 438 Augustinus:
1492 390 1550 425 Ne
1582 397 1762 438 putemus

172 451 427 519 dssgdssesgggvdm
453 454 503 488 ad
534 453 621 487 illos
656 452 820 499 fructus
852 451 927 486 iam
963 450 1173 498 pertinere,
1220 449 1254 484 si
1282 448 1365 497 quis
1403 447 1570 484 Domino
1603 454 1637 482 et
1681 459 1762 482 ma-

302 513 310 519 *
389 506 394 510 ’
449 510 577 560 gistro
622 517 753 545 nostro
787 509 910 544 dicat:
954 507 1130 551 Domine,
1176 506 1356 552 Domine,
1401 513 1437 541 et
1479 517 1530 541 ex
1573 517 1615 540 eo
1659 504 1764 540 nobis

450 569 571 604 arbor
602 568 698 603 bona
731 567 922 605 videatur,
957 566 1034 602 Sed
1065 565 1123 600 illi
1152 572 1239 600 sunt
1259 565 1434 612 fructus,
1457 564 1599 612 facere
1631 563 1796 598 volun-5

452 633 566 661 tatem
600 625 732 660 Patris
768 624 834 673 qui
870 624 906 659 in
950 623 1041 659 celis
1083 630 1152 669 est,
1190 623 1297 658 cuius
1337 622 1522 670 faciende
1563 633 1604 657 se
1641 620 1763 669 ipsum

452 683 674 732 exemplum
702 683 869 731 prebere
901 682 1084 732 dignatus
1117 688 1183 716 est.

513 741 590 776 Sed
622 741 760 776 merito
788 747 918 789 potest
950 751 1105 775 movere
1137 738 1327 787 quomodo
1360 737 1446 773 huic
1468 736 1655 773 sentencie
1676 748 1765 772 con-

162 796 438 860 Tffsgzssgfsffig'sge
455 799 580 834 veniat
612 799 710 833 illud
742 798 933 847 Apostoli,
979 797 1042 832 ubi
1084 797 1155 832 ait.-
1205 797 1328 832 Nemo
1362 795 1398 831 in
1430 795 1568 844 spiritu
1601 794 1677 830 Dei
1712 795 1767 830 lo—

172 868 282 907 speech
304 875 339 894 01·
360 874 429 902 ma)v
453 869 569 905 quens
601 856 692 892 dicit
723 856 929 891 anathema
961 856 1051 891 Jesu
1084 862 1117 890 et
1156 866 1264 890 nemo
1292 860 1420 903 potest
1453 853 1601 889 dicere.-
1631 852 1767 887 Domi-

177 903 425 965 m¹iffi¹uffdt¹23ffl
454 927 524 950 nus
565 914 689 960 Jesus,
735 914 808 949 nisi
850 914 885 949 in
927 913 1074 962 Spiritu
1128 913 1281 955 Sancto,
1334 911 1420 959 quia
1465 923 1582 960 neque
1619 910 1767 958 aliquos

164 973 271 1001 01'1116
299 972 437 1007 speaker.
454 973 634 1008 habentes
667 972 855 1021 Spiritum
897 971 1079 1007 Sanctum
1110 981 1317 1019 possumus
1351 969 1480 1006 dicere
1524 981 1596 1004 non
1648 968 1768 1004 intra-

455 1038 564 1066 turos
609 1042 774 1081 regnum
808 1030 992 1072 celorum,
1037 1029 1071 1064 si
1108 1027 1403 1077 perseveravint
1437 1038 1554 1075 usque
1586 1026 1621 1061 in
1644 1026 1767 1076 finem

456 1100 523 1124 nec
584 1088 800 1123 intraturos
839 1099 1047 1136 possumus
1081 1087 1209 1122 dicere
1242 1086 1429 1135 Spiritum
1475 1086 1656 1120 Sanctum
1696 1096 1768 1120 non

455 1147 597 1181 habere
629 1157 746 1194 neque
774 1145 861 1181 illos
891 1145 956 1194 qui
986 1145 1128 1191 dicunt,
1162 1144 1327 1180 Domine
1357 1143 1536 1189 Domine,
1575 1150 1610 1177 et
1643 1149 1768 1178 tamen

458 1217 530 1240 non
566 1204 713 1239 intrant
746 1203 782 1239 in
816 1215 980 1253 regnum
1015 1203 1200 1248 celorum,
1230 1214 1437 1251 possumus
1471 1201 1599 1236 dicere
1631 1200 1772 1236 habere

457 1262 644 1311 Spiritum
678 1262 874 1297 Sanctum.
934 1261 1136 1305 Quomodo
1171 1261 1295 1310 igitur
1338 1271 1446 1295 nemo
1494 1258 1605 1294 dicit:
1635 1258 1770 1293 Domi-

458 1332 527 1355 nus
571 1319 693 1363 Jesus,
746 1319 821 1355 nisi
862 1319 898 1355 in
947 1319 1095 1368 Spiritu
1129 1318 1282 1364 Sancto,
1336 1318 1411 1353 nisi
1444 1317 1531 1366 quia
1563 1316 1772 1366 Apostolus

452 1378 617 1427 proprie
634 1378 764 1426 posuit
788 1378 945 1413 verbum
980 1377 1080 1425 quod
1112 1384 1179 1421 est,
1206 1376 1309 1422 dicit,
1343 1383 1383 1411 ut
1413 1374 1605 1425 significet
1636 1374 1770 1409 volun-

456 1442 571 1471 tatem
605 1443 640 1471 et
680 1435 912 1471 intellectum
945 1433 1134 1472 dicentis?
1178 1434 1369 1470 Dominus
1409 1445 1500 1469 vero
1531 1431 1772 1482 generaliter

453 1494 583 1543 posuit
615 1494 773 1529 verbum
805 1505 877 1542 quo
910 1493 983 1528 ait:
1034 1493 1120 1528 Non
1160 1492 1282 1528 omnis
1320 1491 1385 1540 qui
1426 1491 1516 1527 dicit
1547 1490 1660 1526 mihi:
1691 1490 1772 1525 Do-

459 1551 572 1598 mine,
602 1552 768 1587 Domine
799 1559 867 1587 etc.
910 1551 1069 1586 Videtur
1091 1550 1189 1586 enim
1224 1550 1350 1586 dicere
1382 1549 1501 1585 eciam
1525 1548 1589 1583 ille
1619 1547 1685 1597 qui
1706 1559 1772 1584 nec

461 1610 541 1645 vult
573 1621 640 1645 nec
673 1609 854 1659 intelligit
886 1609 987 1658 quod
1020 1609 1122 1655 dicit,
1167 1609 1234 1644 sed
1266 1608 1331 1643 ille
1372 1606 1536 1656 proprie
1569 1606 1672 1652 dicit,
1710 1605 1775 1655 qui

460 1668 695 1704 voluntatem
729 1680 773 1703 ac
806 1674 969 1702 mentem
1014 1679 1122 1703 suam
1155 1678 1248 1702 sono
1293 1665 1396 1701 vocis
1427 1664 1613 1701 enunciat.
1667 1664 1773 1699 Sicut

455 1726 575 1774 paulo
607 1733 694 1760 ante
726 1726 827 1774 quod
865 1725 1007 1760 dictum
1040 1732 1108 1770 est,
1145 1723 1335 1774 gaudium
1368 1723 1403 1758 in
1425 1722 1627 1771 fructibus
1657 1721 1772 1770 spiri-

461 1791 520 1819 tus
548 1784 712 1832 proprie
745 1783 885 1818 dictum
919 1795 1000 1819 esse
1032 1794 1104 1818 non
1137 1782 1268 1817 eodem
1303 1781 1417 1817 modo
1450 1793 1521 1828 quo
1561 1779 1653 1815 alibi
1684 1779 1774 1815 dicit

460 1841 678 1890 Apostolus.
721 1841 807 1877 Non
839 1841 987 1891 gaudet
1018 1852 1135 1889 super
1166 1839 1412 1888 iniquitatem,
1446 1838 1556 1887 quasi
1576 1837 1773 1886 quisquam

457 1899 581 1948 possit
612 1911 730 1947 super
761 1899 996 1947 iniquitatem
1018 1898 1208 1948 gaudere,
1239 1897 1326 1946 quia
1350 1897 1416 1932 illa
1440 1896 1558 1932 elacio
1574 1904 1629 1931 est
1650 1895 1775 1930 anime

463 1957 615 1993 turbide
656 1957 856 2007 gestientis
908 1969 980 1992 non
1031 1956 1242 2006 gaudium,-
1302 1967 1389 1990 nam
1442 1955 1512 1990 lzoc
1569 1953 1645 1990 soli
1689 1952 1778 1989 boni

462 2015 611 2050 liabent.
665 2015 780 2064 Ergo
827 2015 954 2050 dicere
1011 2014 1191 2049 videntur
1235 2013 1354 2049 eciam
1401 2012 1460 2047 illi
1504 2012 1568 2060 qui
1599 2023 1671 2047 non
1704 2011 1776 2046 hoc

463 2073 563 2121 quod
594 2081 731 2108 sonant
778 2073 905 2109 dicere
937 2072 1128 2117 videntur,
1176 2079 1214 2106 ut
1256 2071 1487 2106 intellectum
1538 2075 1698 2106 cernunt
1742 2076 1776 2104 et

464 2131 696 2166 voluntatem
725 2138 860 2181 agunt,
894 2131 961 2166 sed
991 2142 1081 2166 voce
1103 2137 1249 2165 tantum
1264 2135 1418 2174 sonant,
1435 2128 1643 2164 secundum
1667 2139 1774 2175 quem

463 2190 618 2224 modum
653 2189 844 2225 Dominus
876 2189 948 2224 ait:
987 2188 1073 2224 Non
1113 2188 1234 2223 omnis
1272 2187 1335 2235 qui
1366 2186 1456 2222 dicit
1489 2186 1583 2221 mihi
1613 2185 1778 2220 Domine

464 2247 629 2283 Domine
661 2247 818 2282 intrabit
863 2247 899 2282 in
945 2258 1107 2295 regnum
1161 2246 1344 2281 celorum.
1407 2245 1501 2279 Vere
1542 2251 1667 2278 autem
1708 2242 1778 2278 hoc

458 2305 621 2353 proprie
664 2305 722 2340 illi
763 2305 904 2350 dicunt,
948 2317 969 2339 a
1013 2316 1176 2353 quorum
1212 2303 1405 2338 voluntate
1455 2310 1490 2337 et
1534 2308 1655 2336 mente
1705 2312 1777 2335 non

533 2494 546 2512 2
588 2486 627 2513 B:
648 2486 840 2522 Augustinus
859 2491 936 2518 244.
966 2485 1042 2519 (sic).
1064 2486 1091 2512 A
1113 2485 1143 2511 in
1162 2492 1276 2519 marg:
1298 2483 1499 2519 Augustinus.
1590 2480 1614 2517 3,
1635 2490 1664 2515 4.
1685 2482 1728 2509 A:
1750 2484 1781 2509 et

463 2521 616 2557 magistro
637 2521 731 2547 deest.
803 2530 832 2551 4.
854 2521 897 2546 A:
916 2520 1046 2547 Domine
1065 2527 1158 2553 once3
1249 2518 1271 2545 5.
1294 2518 1332 2545 B:
1354 2516 1602 2552 scilicetsacere.
1676 2524 1715 2543 10.
1738 2516 1777 2543 B:

463 2556 639 2583 anetltenza.
732 2554 836 2583 13*15.
869 2556 913 2581 A:
936 2556 1069 2581 celorum
1090 2563 1149 2581 non
1171 2554 1287 2580 habere
1307 2553 1399 2580 deest.
1472 2552 1509 2580 13.
1531 2552 1636 2579 Codd:
1664 2552 1694 2578 si
1708 2559 1778 2586 per-

463 2591 677 2618 severaverint
696 2598 790 2625 usque
809 2590 948 2624 infinem
969 2589 1062 2616 deest.
1083 2588 1212 2616 Addidi.
1304 2588 1408 2622 15—17.
1430 2587 1529 2614 Codd⁴
1550 2585 1657 2621 Neque
1675 2586 1778 2613 illos—

464 2625 579 2652 habere
598 2625 749 2660 Spiritum
770 2625 915 2652 Sanctum
937 2624 1030 2650 deest.
1057 2623 1185 2651 Addidi.
1285 2623 1333 2650 26.
1362 2622 1399 2649 B:
1421 2630 1457 2649 eo
1476 2622 1576 2649 modo.
1667 2620 1712 2648 28.
1732 2621 1776 2647 A:

458 2661 569 2695 possit.
687 2667 733 2694 29.
754 2661 783 2687 A
803 2660 831 2686 in
855 2667 970 2694 marg:
991 2659 1074 2694 quod
1092 2658 1165 2685 boni
1183 2658 1316 2693 proprie
1333 2657 1476 2693 gaudent
1494 2664 1555 2684 non
1576 2658 1677 2683 autem
1704 2655 1781 2682 mali

464 2695 536 2722 licet
577 2695 710 2721 habeant
745 2694 913 2721 elacionem
949 2694 1061 2720 anime.
1210 2691 1256 2719 30.
1294 2693 1338 2719 A:
1376 2692 1481 2718 dicere
1510 2691 1654 2718 videntur
1684 2690 1777 2717 deest.

464 2728 502 2761 31,
522 2728 565 2756 32.
587 2729 625 2756 B:
647 2732 776 2757 cernant
796 2749 802 2755 .
826 2750 831 2755 .
854 2750 860 2755 .
880 2731 993 2764 agant.
1084 2726 1126 2762 33,
1148 2726 1193 2761 34.
1215 2729 1258 2754 A:
1281 2726 1410 2754 Domine
1429 2734 1514 2753 once.

536 2811 564 2832 2.
592 2802 643 2832 De
668 2811 831 2832 sermone
857 2800 997 2831 Domini
1025 2800 1059 2830 in
1086 2805 1204 2830 monte
1232 2798 1251 2829 l.
1280 2809 1306 2830 c.
1333 2809 1365 2840 p.
1395 2799 1469 2839 234.
1589 2807 1621 2840 9.
1648 2797 1670 2828 I.
1699 2797 1777 2829 Cor.

464 2847 533 2887 XII,
562 2848 591 2880 3.
711 2857 764 2888 27.
791 2848 814 2878 1.
842 2847 920 2878 Cor.
949 2847 1035 2886 XIII,
1060 2845 1092 2877 6.

1788 865 1825 886 10

1790 1144 1824 1176 15

1789 1724 1828 1755 25

1792 2014 1807 2025 η

1792 2023 1833 2046 :³0

1795 2302 1834 2335 35
