2003 3322
232 219 320 247 CAP.
343 210 426 263 xv]
748 223 888 254 PRtMA
916 223 1041 254 PARS.

227 329 404 364 dominus
423 329 534 365 Jesus
554 329 745 375 Christus,
770 341 789 364 o
813 330 939 375 homo,
964 337 998 365 te
1018 330 1144 378 pascit
1166 330 1202 365 in
1228 330 1343 365 vitam
1368 337 1538 366 eternam

226 399 298 422 non
327 399 430 435 pane
461 387 708 436 corruptibili
745 388 927 423 terrestri
958 389 1027 423 sed
1053 400 1156 436 pane
1188 388 1328 430 celesti,
1373 388 1437 436 qui
1476 389 1542 423 dat

110 447 188 481 3580
227 444 342 480 vitam
376 446 539 490 mundo;
565 457 680 494 pane,
714 444 894 493 inquam,
930 453 1036 481 cocto
1059 446 1094 481 in
1119 446 1267 481 clibano
1297 441 1300 497 Ι
1331 446 1431 481 uteri
1463 446 1541 481 vir-

223 502 381 552 ginalis,
418 515 487 539 suo
524 503 667 538 scilicet
707 515 873 552 corpore
912 503 1080 553 integro,
1126 511 1161 539 et
1193 511 1319 539 tamen
1353 516 1436 539 eum
1470 514 1542 540 noti

192 560 348 609 5pascis
409 561 444 596 in
507 561 688 596 membris
749 561 828 597 suis
870 562 1069 609 particula
1127 574 1256 610 parva
1314 562 1428 611 panis
1489 562 1545 597 tui

223 618 519 667 corruptibilis?
555 619 641 668 Ipse
673 626 708 654 te
734 619 884 667 potabit
927 631 995 655 suo
1031 619 1222 669 sanguine
1254 632 1361 668 quem
1391 632 1468 669 pro
1510 627 1545 655 te

223 677 355 724 effudit
400 677 446 712 de
488 689 557 712 suo
605 677 739 723 latere,
787 684 822 712 et
860 684 898 712 tu
939 678 972 713 ei
1007 677 1214 727 denegabis
1253 677 1408 713 calicem
1449 689 1545 726 aque

213 734 402 784 frigide?
464 733 555 783 Ipse
606 742 641 770 te
697 735 828 771 vestiet
886 735 921 770 in
981 735 1109 770 anima
1176 735 1355 771 claritate
1417 736 1544 771 vultus

223 792 284 827 sui
313 799 348 827 et
380 792 416 827 in
450 804 615 841 corpore
649 792 941 829 resurreccione
974 793 1129 828 luminis
1167 793 1265 829 sicut
1303 793 1460 839 solaris,
1508 801 1542 829 et

170 864 207 885 10
222 857 261 885 tu
294 862 377 885 eum
412 862 483 886 non
518 850 652 886 vesties
685 851 922 899 operimento
957 851 1097 887 veteris
1125 851 1358 900 panniculi?
1390 852 1475 900 Ipse
1507 859 1542 887 te

221 908 399 956 suscipiet
451 908 621 957 hospicio
674 909 747 944 celi
796 909 985 955 latissimi,
1039 916 1073 945 et
1134 916 1172 944 tu
1226 921 1298 945 non
1360 909 1543 958 suscipies

221 967 289 1001 sub
343 966 479 1001 umbra
516 966 639 1015 parui
680 967 830 1017 tigurii,
884 974 923 1002 ut
973 974 1008 1002 te
1049 975 1230 1017 egrotum
1281 967 1458 1003 visitaret
1504 967 1540 1002 in

222 1024 321 1059 hanc
357 1024 496 1060 vallem
537 1024 806 1071 lacrimarum,
846 1024 892 1060 de
925 1025 1083 1060 summis
1117 1025 1288 1061 celorum
1335 1025 1541 1071 descendit,

222 1089 257 1117 et
288 1082 347 1117 lzic
380 1089 465 1117 tuas
498 1082 742 1131 infirmitates
764 1083 929 1131 suscepit
953 1090 988 1118 et
1012 1082 1239 1132 incorpore
1260 1095 1332 1119 suo
1350 1083 1541 1132 portavit,

169 1143 202 1176 15
223 1147 262 1175 ut
294 1147 328 1175 te
359 1140 406 1175 ab
440 1140 545 1176 omni
575 1140 800 1189 infirmitate
833 1148 1004 1183 curaret,
1050 1148 1084 1176 et
1124 1148 1162 1176 tu
1203 1148 1243 1176 ut
1281 1141 1317 1176 in
1358 1141 1541 1177 membris

222 1198 301 1233 suis
332 1198 440 1233 illum
475 1198 603 1234 visites
636 1205 670 1233 et
700 1198 836 1233 saltem
877 1199 1004 1234 verbis
1043 1199 1254 1234 consoleris
1293 1200 1345 1234 ad
1384 1200 1540 1234 domum

222 1255 383 1291 vicinam
412 1268 484 1292 non
517 1256 616 1291 ibis?
650 1257 735 1304 Ipse
762 1268 839 1305 pro
864 1263 899 1292 te
922 1257 1122 1292 liberando
1146 1258 1192 1292 ab
1215 1257 1362 1305 inferni
1382 1269 1541 1293 carcere

221 1314 273 1348 aa'
296 1314 450 1362 inferna
466 1314 664 1360 discendit,
689 1321 723 1349 et
747 1321 785 1348 tu
809 1322 849 1349 ut
871 1314 979 1350 illum
1004 1314 1288 1350 incarceratum
1308 1315 1342 1350 in
1360 1315 1542 1351 membris

220 1372 300 1407 suis
333 1372 461 1408 visites
493 1384 689 1407 carcerem
728 1384 804 1421 per
843 1380 878 1407 te
910 1373 1082 1421 positum
1122 1384 1239 1421 super
1278 1380 1427 1409 terram
1469 1385 1541 1408 non

165 1444 206 1464 20
222 1429 481 1478 infernalibus
526 1430 692 1465 tenebris
739 1430 945 1466 horridum
983 1431 1052 1467 sed
1088 1431 1181 1466 solis
1218 1438 1253 1466 et
1285 1431 1361 1467 diei
1398 1431 1543 1466 lumine

221 1488 458 1523 illustratum
487 1500 559 1523 non
592 1488 745 1523 adibis?
776 1489 959 1534 Revolve,
994 1501 1014 1524 o
1037 1489 1164 1535 homo,
1197 1489 1233 1524 in
1267 1489 1543 1525 recordacione

221 1554 285 1581 tua
312 1546 382 1582 has
404 1546 693 1581 misericordias
709 1546 868 1581 Domini
888 1554 923 1582 et
946 1559 1079 1582 earum
1105 1547 1332 1583 recordacio
1355 1547 1541 1583 accendat

221 1611 257 1639 te
299 1604 352 1639 ad
392 1604 650 1639 miserendum
684 1604 788 1639 illius
828 1604 862 1639 in
896 1605 1078 1640 membris
1121 1604 1213 1651 suis,
1258 1605 1322 1654 qui
1364 1605 1421 1640 tui
1462 1612 1540 1640 tam

221 1662 465 1710 ineffabiliter
497 1662 676 1697 misertus
708 1670 773 1697 est.
825 1662 913 1697 Tuis
946 1662 1206 1698 exterioribus
1238 1675 1321 1699 eum
1356 1663 1485 1699 releva
1519 1675 1540 1698 a

165 1720 375 1755 25miseria
409 1720 472 1767 qui
501 1732 541 1755 se
573 1720 695 1768 ipsum
730 1720 928 1768 impendit,
962 1727 1001 1755 ut
1036 1728 1071 1756 te
1105 1721 1298 1757 relevaret
1324 1733 1345 1756 a
1369 1721 1537 1756 miseria.

222 1778 299 1813 Sed
331 1790 375 1813 ne
406 1789 524 1826 opera
557 1785 621 1812 tua
655 1778 856 1813 exteriora
887 1779 1030 1827 fructu
1081 1779 1156 1814 vite
1199 1786 1328 1815 eterne
1368 1786 1539 1821 careant,

222 1836 308 1871 vide
345 1843 384 1870 ut
417 1836 635 1884 procedant
675 1836 721 1871 de
759 1837 892 1884 effectu
933 1836 1200 1872 misericordie
1241 1837 1430 1880 interiori,
1476 1837 1541 1885 qui

222 1890 283 1943 (ut
316 1892 480 1945 dictum)
520 1901 573 1929 est
613 1906 726 1929 amor
758 1894 960 1929 relevandi
992 1895 1173 1930 miserum
1207 1908 1229 1929 a
1261 1907 1330 1930 sua
1370 1895 1537 1930 miseria.

222 1952 299 1987 Sed
330 1963 403 1987 non
442 1958 497 1987 est
536 1951 806 1987 misericordia
851 1964 956 1997 vera,
1002 1953 1075 1988 nisi
1117 1953 1165 1988 sit
1211 1953 1413 1994 ordinata‚·
1451 1960 1540 1988 tunc

165 2014 206 2047 30
221 2016 345 2045 autem
396 2010 576 2045 ordinata
620 2017 674 2045 est
717 2017 781 2045 tua
827 2011 1109 2053 misericordia,
1155 2023 1240 2046 cum
1293 2023 1376 2046 eum
1430 2023 1537 2059 quem

221 2067 348 2117 magis
393 2068 504 2103 debes
547 2080 695 2113 amare,
746 2069 874 2118 magis
913 2069 968 2104 vis
1005 2081 1026 2104 a
1073 2069 1214 2104 maiori
1262 2081 1331 2104 sua
1384 2068 1538 2104 miseria

221 2126 407 2161 relevare.
454 2125 559 2161 Licet
604 2133 729 2160 autem
772 2126 926 2174 quilibet
976 2127 1178 2175 quemlibet
1230 2127 1362 2163 debeat
1405 2139 1540 2162 amare

218 2183 316 2219 sicut
365 2195 405 2218 se
455 2183 591 2232 ipsum,
645 2184 691 2219 de
740 2184 876 2220 ordine
927 2192 1052 2220 tamen
1106 2185 1280 2220 caritatis
1324 2196 1364 2220 se
1414 2184 1537 2233 ipsum

217 2241 402 2289 precipue
434 2242 542 2277 debet
573 2242 727 2290 quilibet
757 2254 905 2288 amare,
944 2242 1081 2278 deinde
1115 2249 1270 2291 patrem
1305 2250 1339 2278 et
1372 2250 1536 2277 matrem

166 2303 205 2336 35
223 2306 258 2334 et
289 2307 561 2347 consequenter
592 2307 752 2342 ceteros,
794 2307 914 2348 prout
955 2300 1313 2350 consanguineitate
1355 2300 1416 2335 vel
1446 2300 1536 2349 affi-

223 2357 340 2392 nitate
372 2358 432 2392 vel
462 2357 650 2406 beneficiis
683 2358 743 2393 vel
775 2358 956 2393 oracione
986 2358 1059 2394 sibi
1089 2358 1281 2393 coniuncti
1310 2365 1409 2394 sunt.
1464 2358 1541 2401 Qui

224 2415 347 2465 igitur
378 2415 490 2451 habet
522 2415 742 2451 ordinatam
777 2415 1103 2462 misericordiam,
1132 2416 1264 2464 primo
1298 2423 1332 2451 et
1350 2416 1538 2465 precipue

222 2473 284 2508 sui
313 2473 431 2521 ipsius
463 2473 670 2509 miseretur
703 2481 737 2509 et
764 2473 950 2522 precipue
981 2481 1087 2509 amat
1120 2474 1297 2509 relevare
1334 2486 1375 2509 se
1414 2474 1536 2522 ipsum

224 2543 246 2566 a
288 2543 356 2566 sua
402 2531 576 2567 maxima
623 2531 790 2578 miseria⁷
835 2532 906 2567 lzoc
949 2539 1015 2578 est,
1055 2544 1077 2567 a
1128 2531 1285 2567 miseria
1328 2531 1467 2577 anime,
1516 2544 1537 2566 a

164 2599 209 2632 40
225 2588 455 2624 distorcione
497 2589 641 2625 scilicet
686 2589 893 2625 voluntatis
937 2596 972 2625 et
1015 2602 1036 2624 a
1081 2589 1247 2625 tenebris
1298 2589 1535 2639 ignorancie.

224 2646 381 2682 Nullius
402 2646 526 2696 igitur
558 2659 648 2683 vere
680 2647 887 2683 miseretur
919 2647 1044 2694 homo,
1078 2647 1142 2695 qui
1174 2647 1299 2683 anime
1322 2659 1388 2682 sue
1405 2647 1535 2696 primo

293 2788 321 2812 4.
345 2781 371 2807 Α
392 2780 421 2807 in
443 2789 555 2815 marg:
576 2779 658 2807 Nola
673 2789 735 2816 pro
756 2781 781 2808 S
799 2781 877 2815 (sic).
957 2781 985 2808 6.
1007 2781 1126 2808 Codd.:
1169 2784 1244 2808 olal.
1319 2780 1361 2808 23.
1384 2782 1428 2808 A:
1449 2781 1537 2807 mise-

225 2815 367 2841 randum.
487 2823 533 2849 21).
556 2816 583 2842 A
604 2816 632 2842 in
656 2824 768 2849 marga
792 2816 874 2849 Quid
898 2818 944 2842 cst
963 2816 1124 2842 misericor
1148 2817 1188 2842 ia.
1297 2814 1339 2842 32.
1368 2818 1411 2842 A:
1442 2815 1536 2842 debet*

224 2857 273 2881 40.
296 2851 339 2876 A:
361 2850 512 2876 voluntas.
585 2858 627 2882 41.
650 2850 766 2877 C‹)dd.:
789 2849 882 2877 Nulli.

1781 229 1832 264 47
