2003 3322
217 1623 245 1649 A
266 1621 346 1657 good
368 1625 430 1648 tree
449 1620 475 1647 is

209 1658 258 1684 the
281 1664 350 1683 man
367 1655 437 1682 who
459 1655 484 1681 is

240 1691 454 1726 predestinatc.

905 225 1022 257 oeus
1048 225 1384 256 EVANGELICUM
1609 213 1715 268 [CAP.
1738 223 1801 251 Lu.

484 332 661 382 gaudere
683 331 821 380 impiis,
855 331 946 366 dicit
970 331 1173 368 Dominus.
1206 331 1264 366 Ita
1297 343 1444 380 quoque
1459 331 1586 380 posita
1610 339 1666 368 est
1684 332 1804 381 fides,

485 402 558 426 non
591 401 809 438 quecunque
847 389 986 437 utique,
1031 389 1100 424 sed
1120 388 1227 438 fides
1259 401 1363 427 vera.
1403 389 1455 424 Et
1486 397 1612 425 cetera
1645 402 1715 438 que
1747 390 1806 426 hic

481 448 610 497 posita
642 454 730 483 sunt
760 447 899 482 habent
921 447 1108 494 quasdam
1133 446 1323 496 imagines
1354 459 1445 483 suas
1477 447 1513 483 in
1547 448 1661 483 malis
1683 448 1804 484 homi-

488 506 594 541 nibus
617 512 651 541 et
684 504 964 553 deceptoribus,
1000 512 1039 539 ut
1061 504 1212 540 omnino
1236 504 1389 552 fallant
1420 512 1455 540 et
1485 517 1525 541 se
1561 512 1596 541 et
1626 505 1724 542 alios
1756 506 1807 541 ad

481 563 743 612 perdicionem
782 575 906 609 suam,
951 562 1024 598 nisi
1063 562 1219 610 quisque
1256 562 1330 597 iam
1371 564 1555 598 mundum
1589 564 1739 599 oculum
1773 565 1839 599 et5

487 621 701 670 simplicem
748 620 927 656 habuerit
973 632 1044 669 quo
1091 620 1163 656 ista
1203 628 1425 670 cognoscat.
1487 621 1642 670 Optimo
1682 622 1809 670 itaque

489 679 624 715 ordine
664 679 796 728 primo
847 685 974 713 actum
1020 685 1075 714 est
1109 679 1155 713 de
1200 679 1312 714 oculo
1345 680 1570 716 mundando
1604 687 1639 715 et
1672 680 1809 715 deinde

491 738 592 773 dicta
626 744 715 773 sunt
747 748 816 785 que
848 744 1081 772 caverentur
1111 736 1335 772 salubriter.

549 795 628 831 Sed
659 795 839 843 quoniam
863 795 1043 844 quamvis
1074 794 1230 843 quisque
1262 794 1372 830 oculo
1396 795 1539 831 mundo
1571 795 1633 842 sit,
1667 795 1706 831 id
1738 803 1807 841 est,

490 854 640 890 sincero
674 861 708 888 et
739 853 909 902 simplici
951 853 1069 888 corde
1114 852 1231 899 vivat,
1284 865 1356 888 non
1399 860 1526 901 potest
1571 860 1697 889 tamen
1742 866 1867 890 cor10

492 911 654 948 alterius
681 912 857 960 perfecte
901 911 1054 957 intueri,
1101 923 1320 959 quecunque
1363 910 1398 946 in
1440 911 1566 960 sactis
1607 912 1668 947 vel
1700 912 1810 949 dictis

492 982 688 1019 apparere
720 982 792 1005 non
820 969 1033 1019 potuerint,
1067 969 1388 1018 temptacionibus
1419 970 1662 1018 aperiuntur.

557 1028 778 1077 Temptacio
832 1040 924 1064 vero
970 1027 1118 1076 duplex
1161 1034 1228 1073 est,
1282 1035 1348 1063 aut
1393 1027 1428 1062 in
1461 1040 1527 1076 spe
1572 1028 1812 1077 adipiscendi

494 1086 652 1135 aliquod
684 1086 928 1122 commodum
974 1086 1191 1135 temporale
1235 1093 1301 1121 aut
1346 1086 1381 1121 in
1427 1086 1567 1121 timore
1598 1087 1810 1122 amittendi.

494 1145 547 1180 Et
578 1144 751 1180 maxime
782 1144 994 1180 cavendum
1019 1150 1074 1179 est
1106 1155 1151 1179 ne
1182 1144 1379 1180 tendentes
1401 1144 1453 1178 ad
1475 1144 1708 1193 sapienciam
1742 1156 1813 1193 que
1832 1147 1867 1178 15

495 1203 530 1238 in
562 1203 644 1238 solo
671 1200 826 1239 Christo
858 1201 1024 1237 inveniri
1039 1208 1178 1250 potest,
1213 1201 1248 1236 in
1282 1213 1353 1249 quo
1376 1209 1463 1237 sunt
1486 1214 1617 1238 omnes
1639 1203 1816 1239 thesauri

493 1260 683 1309 sapiencie
717 1267 752 1296 et
782 1260 943 1296 sciencie
975 1259 1210 1295 absconditi:
1254 1260 1466 1295 cavendum
1508 1260 1631 1309 igitur
1663 1268 1718 1297 est
1769 1273 1813 1296 ne

496 1319 578 1366 ipso
607 1318 756 1354 Christi
786 1318 935 1353 nomine
968 1318 1013 1353 ab
1046 1317 1226 1353 hereticis
1259 1318 1319 1353 vel
1340 1318 1566 1366 quibuslibet
1597 1318 1683 1354 aliis
1711 1319 1814 1355 male

497 1376 798 1426 intelligentibus
831 1383 865 1411 et
898 1375 1009 1411 huius
1040 1375 1161 1411 seculi
1192 1376 1359 1424 deceptis
1393 1376 1632 1412 amatoribus
1672 1376 1812 1426 decipi-

498 1447 623 1470 amur.
659 1435 760 1470 Nam
795 1434 880 1469 ideo
913 1433 1086 1482 sequitur
1117 1441 1152 1470 et
1185 1441 1311 1469 monet
1344 1434 1526 1469 dicendo:
1570 1435 1657 1471 Non
1691 1434 1814 1470 omnis
1830 1446 1871 1466 20

497 1493 561 1541 qui
611 1493 701 1528 dicit
746 1492 859 1528 mihi:
910 1491 1088 1537 Domine,
1153 1492 1332 1537 Domine,
1378 1492 1536 1528 intrabit
1567 1492 1604 1528 in
1648 1505 1813 1543 regnum

498 1551 669 1587 celorum
704 1558 772 1586 etc.
808 1552 892 1586 Hee
923 1549 1185 1598 Augustinus.

556 1608 725 1644 Videtur
758 1608 878 1644 istum
909 1617 1092 1644 sanctum
1117 1620 1257 1644 cavere
1281 1609 1329 1644 de
1358 1608 1487 1644 heresi
1511 1608 1814 1644 Manicheorum

500 1669 547 1703 de
571 1669 655 1703 Deo
679 1668 784 1703 bono
819 1675 855 1702 et
878 1668 963 1702 Deo
988 1666 1113 1713 malo;
1147 1679 1226 1714 qua
1250 1665 1378 1702 heresi
1400 1666 1648 1714 Augustinus
1672 1665 1818 1702 dicitur

500 1724 621 1762 fuisse
660 1724 909 1773 aliquociens
954 1724 1144 1774 irretitus,
1199 1733 1235 1760 et
1287 1724 1343 1760 sic
1382 1732 1548 1772 propter
1587 1724 1817 1761 evitandum
1836 1727 1875 1759 25

501 1784 608 1819 istud
640 1782 865 1830 periculum
895 1782 1141 1830 Augustinus
1164 1782 1322 1818 videtur
1354 1781 1577 1830 intelligere
1610 1783 1682 1818 hee
1700 1784 1820 1819 verba

502 1841 731 1888 evangelica
762 1840 802 1876 in
835 1852 953 1877 sensu
987 1840 1228 1888 composito,
1267 1840 1323 1876 ita
1356 1841 1464 1888 quod
1496 1840 1569 1876 iste
1602 1841 1651 1876 sit
1683 1852 1820 1876 sensus

503 1898 683 1935 Domini:
718 1911 798 1935 non
831 1907 909 1934 stat
934 1899 1042 1947 quod
1074 1898 1124 1934 sit
1153 1899 1273 1934 arbor
1303 1900 1408 1935 bona
1442 1906 1479 1934 et
1510 1898 1663 1934 fruetus
1693 1899 1821 1934 malos

502 1957 623 1994 faeiat
655 1969 727 1993 nec
758 1965 936 2002 econtra,
982 1956 1037 1992 ita
1070 1958 1177 2004 quod
1212 1957 1341 1992 solum
1375 1955 1573 2004 intelligat
1604 1969 1674 2004 per
1706 1958 1823 1993 arbo-

504 2028 587 2052 rem
648 2016 795 2051 bonam
843 2014 1049 2051 hominem
1090 2014 1408 2062 predestinatum
1457 2015 1507 2050 ad
1560 2014 1730 2062 gloriam
1785 2023 1822 2050 et
1839 2019 1880 2051 30

505 2075 689 2110 arborem
726 2073 875 2109 malam
910 2072 1115 2109 hominem
1157 2072 1374 2120 prescitum
1415 2073 1466 2108 ad
1499 2084 1644 2120 penam
1680 2085 1821 2120 perpe-

504 2141 628 2169 tuam.
693 2131 887 2176 Quamvis
932 2130 1036 2167 enim
1092 2139 1170 2167 stat
1217 2130 1423 2167 hominem
1465 2130 1595 2167 facere
1637 2132 1741 2167 bona
1775 2132 1822 2166 de

505 2201 648 2239 genere
683 2198 720 2225 et
765 2202 850 2226 esse
896 2189 1045 2226 iustum
1080 2190 1300 2225 secundum
1340 2197 1566 2237 presentem
1606 2188 1820 2234 iusticiam,

505 2261 586 2285 non
618 2257 755 2284 tamen
779 2256 856 2284 stat
890 2249 997 2296 quod
1022 2247 1111 2284 talis
1145 2248 1267 2283 homo
1292 2255 1492 2283 mereatur
1516 2246 1820 2293 beatitudinem,

506 2307 608 2343 sieut
652 2318 726 2342 nec
778 2314 856 2342 stat
903 2305 1223 2353 predestinatum
1284 2304 1429 2341 mereri
1469 2305 1878 2353 dampnacionem935

508 2373 868 2413 quantumcunque
933 2364 1082 2399 malum
1142 2363 1261 2400 faciat
1317 2364 1537 2399 secundum
1594 2371 1821 2411 presentem

508 2422 727 2469 iusticiam3
774 2431 810 2458 et
842 2421 897 2457 ita
929 2421 1084 2459 videtur
1117 2423 1386 2470 quodeunque
1418 2430 1628 2469 peccatum
1662 2420 1824 2469 presciti

509 2493 594 2517 esse
627 2479 829 2516 infinitum
877 2479 1034 2527 gravius
1074 2492 1194 2528 quam
1240 2488 1450 2527 peccatum
1485 2479 1650 2527 aliquod
1683 2480 1822 2527 prede—

509 2538 658 2584 stinati,
723 2546 1083 2586 quantumcunque
1141 2551 1287 2585 magna
1333 2537 1584 2585 blasphemia
1630 2545 1823 2585 appareat

510 2598 729 2633 secundum
761 2598 981 2632 humanum
1006 2596 1221 2644 iudicium,
1256 2604 1293 2632 et
1326 2597 1467 2632 eodem
1503 2596 1623 2632 modo
1647 2597 1694 2631 de
1727 2608 1822 2643 qua-
1837 2607 1882 2638 40

511 2668 669 2704 cunque
702 2655 845 2692 virtute
899 2654 1162 2703 predestinati
1208 2655 1315 2702 quod
1363 2653 1412 2689 sit
1445 2653 1646 2690 infinitum
1695 2652 1825 2689 maior

581 2788 605 2814 7.
629 2781 673 2806 A:
694 2779 732 2805 de
750 2779 918 2805 mundano.
994 2776 1031 2804 1'3.
1054 2778 1096 2805 A:
1118 2780 1163 2804 est
1182 2777 1275 2804 deest.
1351 2775 1393 2803 23.
1416 2777 1443 2803 A
1466 2777 1494 2804 in
1520 2784 1634 2810 marga
1655 2775 1822 2803 Jolzannes.

583 2862 633 2881 20.
664 2850 780 2881 Matth.
808 2851 878 2888 Vll,
908 2860 960 2880 21.
