<?xml version="1.0" encoding="UTF-8"?>
<!DOCTYPE html PUBLIC "-//W3C//DTD XHTML 1.0 Transitional//EN"
    "http://www.w3.org/TR/xhtml1/DTD/xhtml1-transitional.dtd">
<html xmlns="http://www.w3.org/1999/xhtml" xml:lang="en" lang="en">
 <head>
  <title>
</title>
<meta http-equiv="Content-Type" content="text/html;charset=utf-8" />
  <meta name='ocr-system' content='tesseract 3.04.00' />
  <meta name='ocr-capabilities' content='ocr_page ocr_carea ocr_par ocr_line ocrx_word'/>
</head>
<body>
  <div class='ocr_page' id='page_1' title='image "./opusevangelicum12wycl/opusevangelicum12wycl_0480.png"; bbox 0 0 2003 3322; ppageno 0'>
   <div class='ocr_carea' id='block_1_1' title="bbox 187 243 268 277">
    <p class='ocr_par' dir='ltr' id='par_1_1' title="bbox 187 243 268 277">
     <span class='ocr_line' id='line_1_1' title="bbox 187 243 268 277; baseline 0.025 -2"><span class='ocrx_word' id='word_1_1' title='bbox 187 243 268 277; x_wconf 78' lang='lat'>470</span> 
     </span>
    </p>
   </div>
   <div class='ocr_carea' id='block_1_2' title="bbox 214 351 435 422">
    <p class='ocr_par' dir='ltr' id='par_1_2' title="bbox 214 351 435 422">
     <span class='ocr_line' id='line_1_2' title="bbox 214 351 435 387; baseline 0.009 -9"><span class='ocrx_word' id='word_1_2' title='bbox 214 359 240 378; x_wconf 91' lang='lat'>2.</span> <span class='ocrx_word' id='word_1_3' title='bbox 262 352 311 380; x_wconf 88' lang='lat' dir='ltr'>for</span> <span class='ocrx_word' id='word_1_4' title='bbox 332 351 435 387; x_wconf 89' lang='lat' dir='ltr'>bodily</span> 
     </span>
     <span class='ocr_line' id='line_1_3' title="bbox 263 388 394 422; baseline 0 -7"><span class='ocrx_word' id='word_1_5' title='bbox 263 388 394 422; x_wconf 85' lang='lat' dir='ltr'>healing,</span> 
     </span>
    </p>
   </div>
   <div class='ocr_carea' id='block_1_3' title="bbox 253 1183 406 1288">
    <p class='ocr_par' dir='ltr' id='par_1_3' title="bbox 253 1183 406 1288">
     <span class='ocr_line' id='line_1_4' title="bbox 255 1183 403 1212; baseline -0.007 0"><span class='ocrx_word' id='word_1_6' title='bbox 255 1183 278 1212; x_wconf 82' lang='lat'>3.</span> <span class='ocrx_word' id='word_1_7' title='bbox 300 1189 330 1212; x_wconf 89' lang='lat' dir='ltr'>to</span> <span class='ocrx_word' id='word_1_8' title='bbox 353 1192 403 1211; x_wconf 83' lang='lat' dir='ltr'>sce</span> 
     </span>
     <span class='ocr_line' id='line_1_5' title="bbox 266 1220 398 1247; baseline -0.008 0"><span class='ocrx_word' id='word_1_9' title='bbox 266 1220 398 1247; x_wconf 74' lang='lat' dir='ltr'>Christ&#39;s</span> 
     </span>
     <span class='ocr_line' id='line_1_6' title="bbox 253 1255 406 1288; baseline -0.007 -6"><span class='ocrx_word' id='word_1_10' title='bbox 253 1255 406 1288; x_wconf 84' lang='lat' dir='ltr'>miracles,</span> 
     </span>
    </p>
   </div>
   <div class='ocr_carea' id='block_1_4' title="bbox 213 1452 456 1549">
    <p class='ocr_par' dir='ltr' id='par_1_4' title="bbox 213 1452 456 1549">
     <span class='ocr_line' id='line_1_7' title="bbox 213 1452 456 1487; baseline -0.008 -7"><span class='ocrx_word' id='word_1_11' title='bbox 213 1463 243 1486; x_wconf 62' lang='lat'>4.</span> <span class='ocrx_word' id='word_1_12' title='bbox 264 1458 294 1479; x_wconf 87' lang='lat' dir='ltr'>to</span> <span class='ocrx_word' id='word_1_13' title='bbox 315 1452 456 1487; x_wconf 80' lang='lat' dir='ltr'>entangle</span> 
     </span>
     <span class='ocr_line' id='line_1_8' title="bbox 243 1487 428 1515; baseline -0.005 0"><span class='ocrx_word' id='word_1_14' title='bbox 243 1488 306 1515; x_wconf 86' lang='lat' dir='ltr'>him</span> <span class='ocrx_word' id='word_1_15' title='bbox 329 1487 359 1514; x_wconf 87' lang='lat' dir='ltr'>in</span> <span class='ocrx_word' id='word_1_16' title='bbox 381 1487 428 1514; x_wconf 90' lang='lat' dir='ltr'>his</span> 
     </span>
     <span class='ocr_line' id='line_1_9' title="bbox 299 1523 370 1549; baseline 0 0"><span class='ocrx_word' id='word_1_17' title='bbox 299 1523 370 1549; x_wconf 83' lang='lat' dir='ltr'>talk.</span> 
     </span>
    </p>
   </div>
   <div class='ocr_carea' id='block_1_5' title="bbox 197 1742 474 1840">
    <p class='ocr_par' dir='ltr' id='par_1_5' title="bbox 197 1742 474 1840">
     <span class='ocr_line' id='line_1_10' title="bbox 224 1742 447 1777; baseline 0.004 -9"><span class='ocrx_word' id='word_1_18' title='bbox 224 1742 281 1770; x_wconf 75' lang='lat' dir='ltr'>We</span> <span class='ocrx_word' id='word_1_19' title='bbox 302 1750 373 1777; x_wconf 86' lang='lat' dir='ltr'>may</span> <span class='ocrx_word' id='word_1_20' title='bbox 394 1747 447 1769; x_wconf 85' lang='lat' dir='ltr'>not</span> 
     </span>
     <span class='ocr_line' id='line_1_11' title="bbox 197 1777 474 1840; baseline -0.007 -35"><span class='ocrx_word' id='word_1_21' title='bbox 197 1778 256 1805; x_wconf 83' lang='lat' dir='ltr'>add</span> <span class='ocrx_word' id='word_1_22' title='bbox 286 1777 474 1840; x_wconf 43' lang='lat' dir='ltr'>toavfyjhrist&#39;s</span> 
     </span>
    </p>
   </div>
   <div class='ocr_carea' id='block_1_6' title="bbox 903 232 1794 285">
    <p class='ocr_par' dir='ltr' id='par_1_6' title="bbox 903 232 1794 285">
     <span class='ocr_line' id='line_1_12' title="bbox 903 232 1794 285; baseline -0.003 -13"><span class='ocrx_word' id='word_1_23' title='bbox 903 241 1022 272; x_wconf 73' lang='lat' dir='ltr'>opus</span> <span class='ocrx_word' id='word_1_24' title='bbox 1049 241 1387 273; x_wconf 79' lang='lat' dir='ltr'>EVANGELICUM</span> <span class='ocrx_word' id='word_1_25' title='bbox 1603 232 1709 285; x_wconf 81' lang='lat' dir='ltr'>[CAP.</span> <span class='ocrx_word' id='word_1_26' title='bbox 1732 241 1794 269; x_wconf 74' lang='lat' dir='ltr'>Lx.</span> 
     </span>
    </p>
   </div>
   <div class='ocr_carea' id='block_1_7' title="bbox 479 345 1868 2715">
    <p class='ocr_par' dir='ltr' id='par_1_7' title="bbox 479 345 1831 741">
     <span class='ocr_line' id='line_1_13' title="bbox 479 345 1796 397; baseline 0.004 -15"><span class='ocrx_word' id='word_1_27' title='bbox 479 345 582 382; x_wconf 88' lang='lat' dir='ltr'>sicut</span> <span class='ocrx_word' id='word_1_28' title='bbox 614 345 687 382; x_wconf 90' lang='lat' dir='ltr'>viri</span> <span class='ocrx_word' id='word_1_29' title='bbox 720 345 943 394; x_wconf 88' lang='lat' dir='ltr'>apostolici.</span> <span class='ocrx_word' id='word_1_30' title='bbox 998 347 1172 383; x_wconf 86' lang='lat' dir='ltr'>Secundi</span> <span class='ocrx_word' id='word_1_31' title='bbox 1205 357 1370 396; x_wconf 89' lang='lat' dir='ltr'>propter</span> <span class='ocrx_word' id='word_1_32' title='bbox 1403 350 1656 397; x_wconf 87' lang='lat' dir='ltr'>corporalem</span> <span class='ocrx_word' id='word_1_33' title='bbox 1689 350 1796 387; x_wconf 88' lang='lat' dir='ltr'>sani-</span> 
     </span>
     <span class='ocr_line' id='line_1_14' title="bbox 480 403 1798 454; baseline 0.005 -15"><span class='ocrx_word' id='word_1_34' title='bbox 480 412 603 440; x_wconf 84' lang='lat' dir='ltr'>tatem</span> <span class='ocrx_word' id='word_1_35' title='bbox 643 403 716 440; x_wconf 87' lang='lat' dir='ltr'>sibi</span> <span class='ocrx_word' id='word_1_36' title='bbox 748 405 810 441; x_wconf 90' lang='lat' dir='ltr'>vel</span> <span class='ocrx_word' id='word_1_37' title='bbox 847 403 928 440; x_wconf 89' lang='lat' dir='ltr'>suis</span> <span class='ocrx_word' id='word_1_38' title='bbox 974 404 1205 442; x_wconf 86' lang='lat' dir='ltr'>domesticis</span> <span class='ocrx_word' id='word_1_39' title='bbox 1251 406 1558 454; x_wconf 90' lang='lat' dir='ltr'>adquirendum.</span> <span class='ocrx_word' id='word_1_40' title='bbox 1621 409 1798 445; x_wconf 89' lang='lat' dir='ltr'>Sanabat</span> 
     </span>
     <span class='ocr_line' id='line_1_15' title="bbox 480 461 1798 514; baseline 0.004 -16"><span class='ocrx_word' id='word_1_41' title='bbox 480 462 584 498; x_wconf 90' lang='lat' dir='ltr'>enim</span> <span class='ocrx_word' id='word_1_42' title='bbox 627 461 810 499; x_wconf 89' lang='lat' dir='ltr'>Christus</span> <span class='ocrx_word' id='word_1_43' title='bbox 848 461 984 499; x_wconf 89' lang='lat' dir='ltr'>omnia</span> <span class='ocrx_word' id='word_1_44' title='bbox 1017 462 1300 500; x_wconf 84' lang='lat' dir='ltr'>infirmitatum</span> <span class='ocrx_word' id='word_1_45' title='bbox 1346 476 1491 512; x_wconf 84' lang='lat' dir='ltr'>genera</span> <span class='ocrx_word' id='word_1_46' title='bbox 1535 474 1616 502; x_wconf 91' lang='lat' dir='ltr'>tam</span> <span class='ocrx_word' id='word_1_47' title='bbox 1657 478 1798 514; x_wconf 88' lang='lat' dir='ltr'>corpo-</span> 
     </span>
     <span class='ocr_line' id='line_1_16' title="bbox 480 519 1799 571; baseline 0.004 -16"><span class='ocrx_word' id='word_1_48' title='bbox 480 519 579 556; x_wconf 86' lang='lat' dir='ltr'>ralia</span> <span class='ocrx_word' id='word_1_49' title='bbox 623 532 743 568; x_wconf 91' lang='lat' dir='ltr'>quam</span> <span class='ocrx_word' id='word_1_50' title='bbox 787 519 1024 568; x_wconf 81' lang='lat' dir='ltr'>spiritualia,</span> <span class='ocrx_word' id='word_1_51' title='bbox 1064 534 1146 557; x_wconf 91' lang='lat' dir='ltr'>non</span> <span class='ocrx_word' id='word_1_52' title='bbox 1175 530 1341 569; x_wconf 90' lang='lat' dir='ltr'>propter</span> <span class='ocrx_word' id='word_1_53' title='bbox 1374 534 1491 558; x_wconf 89' lang='lat' dir='ltr'>suum</span> <span class='ocrx_word' id='word_1_54' title='bbox 1539 524 1710 571; x_wconf 87' lang='lat' dir='ltr'>lucrum,</span> <span class='ocrx_word' id='word_1_55' title='bbox 1755 532 1799 560; x_wconf 91' lang='lat' dir='ltr'>ut</span> 
     </span>
     <span class='ocr_line' id='line_1_17' title="bbox 482 577 1831 629; baseline 0.002 -16"><span class='ocrx_word' id='word_1_56' title='bbox 482 577 627 614; x_wconf 90' lang='lat' dir='ltr'>medici</span> <span class='ocrx_word' id='word_1_57' title='bbox 690 578 750 614; x_wconf 88' lang='lat' dir='ltr'>vel</span> <span class='ocrx_word' id='word_1_58' title='bbox 802 577 1014 615; x_wconf 82' lang='lat' dir='ltr'>simoniaci</span> <span class='ocrx_word' id='word_1_59' title='bbox 1068 579 1187 615; x_wconf 90' lang='lat' dir='ltr'>hodie</span> <span class='ocrx_word' id='word_1_60' title='bbox 1238 578 1492 627; x_wconf 84' lang='lat' dir='ltr'>predicantes</span> <span class='ocrx_word' id='word_1_61' title='bbox 1544 582 1613 617; x_wconf 87' lang='lat' dir='ltr'>sed</span> <span class='ocrx_word' id='word_1_62' title='bbox 1675 581 1831 629; x_wconf 79' lang='lat' dir='ltr'>gratis5</span> 
     </span>
     <span class='ocr_line' id='line_1_18' title="bbox 482 636 1797 688; baseline 0.003 -17"><span class='ocrx_word' id='word_1_63' title='bbox 482 644 646 684; x_wconf 91' lang='lat' dir='ltr'>propter</span> <span class='ocrx_word' id='word_1_64' title='bbox 692 636 888 672; x_wconf 84' lang='lat' dir='ltr'>honorem</span> <span class='ocrx_word' id='word_1_65' title='bbox 929 636 1001 673; x_wconf 90' lang='lat' dir='ltr'>Dei</span> <span class='ocrx_word' id='word_1_66' title='bbox 1046 637 1267 685; x_wconf 86' lang='lat' dir='ltr'>predicavit</span> <span class='ocrx_word' id='word_1_67' title='bbox 1312 647 1349 674; x_wconf 90' lang='lat' dir='ltr'>et</span> <span class='ocrx_word' id='word_1_68' title='bbox 1393 638 1549 675; x_wconf 87' lang='lat' dir='ltr'>sanavit</span> <span class='ocrx_word' id='word_1_69' title='bbox 1600 640 1797 688; x_wconf 85' lang='lat' dir='ltr'>populum</span> 
     </span>
     <span class='ocr_line' id='line_1_19' title="bbox 483 693 1279 741; baseline 0.004 -12"><span class='ocrx_word' id='word_1_70' title='bbox 483 693 698 741; x_wconf 87' lang='lat' dir='ltr'>dupliciter</span> <span class='ocrx_word' id='word_1_71' title='bbox 730 702 768 730; x_wconf 90' lang='lat' dir='ltr'>et</span> <span class='ocrx_word' id='word_1_72' title='bbox 801 693 1036 731; x_wconf 88' lang='lat' dir='ltr'>omnimode</span> <span class='ocrx_word' id='word_1_73' title='bbox 1069 695 1279 734; x_wconf 88' lang='lat' dir='ltr'>benefecit.</span> 
     </span>
    </p>

    <p class='ocr_par' dir='ltr' id='par_1_8' title="bbox 482 751 1858 1148">
     <span class='ocr_line' id='line_1_20' title="bbox 540 751 1798 802; baseline 0.003 -15"><span class='ocrx_word' id='word_1_74' title='bbox 540 753 589 787; x_wconf 90' lang='lat' dir='ltr'>Et</span> <span class='ocrx_word' id='word_1_75' title='bbox 633 751 689 788; x_wconf 91' lang='lat' dir='ltr'>sic</span> <span class='ocrx_word' id='word_1_76' title='bbox 731 751 888 788; x_wconf 84' lang='lat' dir='ltr'>videtur</span> <span class='ocrx_word' id='word_1_77' title='bbox 921 751 994 788; x_wconf 90' lang='lat' dir='ltr'>iste</span> <span class='ocrx_word' id='word_1_78' title='bbox 1033 761 1193 789; x_wconf 89' lang='lat' dir='ltr'>sanctus</span> <span class='ocrx_word' id='word_1_79' title='bbox 1232 753 1399 790; x_wconf 89' lang='lat' dir='ltr'>innuere</span> <span class='ocrx_word' id='word_1_80' title='bbox 1443 756 1553 802; x_wconf 92' lang='lat' dir='ltr'>quod</span> <span class='ocrx_word' id='word_1_81' title='bbox 1597 755 1798 791; x_wconf 87' lang='lat' dir='ltr'>Mattheus</span> 
     </span>
     <span class='ocr_line' id='line_1_21' title="bbox 482 809 1797 861; baseline 0.002 -15"><span class='ocrx_word' id='word_1_82' title='bbox 482 809 654 846; x_wconf 87' lang='lat' dir='ltr'>intendit</span> <span class='ocrx_word' id='word_1_83' title='bbox 683 809 885 847; x_wconf 83' lang='lat' dir='ltr'>Christum</span> <span class='ocrx_word' id='word_1_84' title='bbox 912 822 994 846; x_wconf 87' lang='lat' dir='ltr'>esse</span> <span class='ocrx_word' id='word_1_85' title='bbox 1026 823 1163 847; x_wconf 91' lang='lat' dir='ltr'>verum</span> <span class='ocrx_word' id='word_1_86' title='bbox 1193 813 1336 858; x_wconf 87' lang='lat' dir='ltr'>Deum,</span> <span class='ocrx_word' id='word_1_87' title='bbox 1367 824 1417 848; x_wconf 81' lang='lat' dir='ltr'>eo</span> <span class='ocrx_word' id='word_1_88' title='bbox 1451 814 1560 861; x_wconf 90' lang='lat' dir='ltr'>quod</span> <span class='ocrx_word' id='word_1_89' title='bbox 1593 812 1797 849; x_wconf 88' lang='lat' dir='ltr'>Christum</span> 
     </span>
     <span class='ocr_line' id='line_1_22' title="bbox 484 867 1858 919; baseline 0.001 -16"><span class='ocrx_word' id='word_1_90' title='bbox 484 867 625 904; x_wconf 85' lang='lat' dir='ltr'>asserit</span> <span class='ocrx_word' id='word_1_91' title='bbox 673 879 756 904; x_wconf 89' lang='lat' dir='ltr'>esse</span> <span class='ocrx_word' id='word_1_92' title='bbox 795 867 893 916; x_wconf 87' lang='lat' dir='ltr'>legis</span> <span class='ocrx_word' id='word_1_93' title='bbox 927 868 1137 905; x_wconf 87' lang='lat' dir='ltr'>dominum</span> <span class='ocrx_word' id='word_1_94' title='bbox 1171 869 1307 918; x_wconf 92' lang='lat' dir='ltr'>aliqua</span> <span class='ocrx_word' id='word_1_95' title='bbox 1347 871 1600 918; x_wconf 88' lang='lat' dir='ltr'>supplentem</span> <span class='ocrx_word' id='word_1_96' title='bbox 1643 883 1719 919; x_wconf 90' lang='lat' dir='ltr'>que</span> <span class='ocrx_word' id='word_1_97' title='bbox 1753 872 1800 907; x_wconf 89' lang='lat' dir='ltr'>de</span> <span class='ocrx_word' id='word_1_98' title='bbox 1820 884 1858 904; x_wconf 83' lang='lat'>10</span> 
     </span>
     <span class='ocr_line' id='line_1_23' title="bbox 483 925 1801 976; baseline 0.003 -15"><span class='ocrx_word' id='word_1_99' title='bbox 483 926 569 973; x_wconf 84' lang='lat' dir='ltr'>lege</span> <span class='ocrx_word' id='word_1_100' title='bbox 606 925 730 962; x_wconf 87' lang='lat' dir='ltr'>veteri</span> <span class='ocrx_word' id='word_1_101' title='bbox 776 926 908 962; x_wconf 91' lang='lat' dir='ltr'>minus</span> <span class='ocrx_word' id='word_1_102' title='bbox 947 928 1102 974; x_wconf 89' lang='lat' dir='ltr'>ydonee</span> <span class='ocrx_word' id='word_1_103' title='bbox 1147 927 1305 964; x_wconf 87' lang='lat' dir='ltr'>fuerant</span> <span class='ocrx_word' id='word_1_104' title='bbox 1343 927 1547 965; x_wconf 89' lang='lat' dir='ltr'>intellecta</span> <span class='ocrx_word' id='word_1_105' title='bbox 1589 937 1626 965; x_wconf 90' lang='lat' dir='ltr'>et</span> <span class='ocrx_word' id='word_1_106' title='bbox 1664 928 1801 976; x_wconf 90' lang='lat' dir='ltr'>aliqua</span> 
     </span>
     <span class='ocr_line' id='line_1_24' title="bbox 484 984 1801 1034; baseline 0.002 -15"><span class='ocrx_word' id='word_1_107' title='bbox 484 984 797 1032; x_wconf 87' lang='lat' dir='ltr'>suspendentem</span> <span class='ocrx_word' id='word_1_108' title='bbox 853 997 929 1033; x_wconf 94' lang='lat' dir='ltr'>que</span> <span class='ocrx_word' id='word_1_109' title='bbox 982 997 1055 1033; x_wconf 89' lang='lat' dir='ltr'>pro</span> <span class='ocrx_word' id='word_1_110' title='bbox 1107 994 1289 1034; x_wconf 89' lang='lat' dir='ltr'>tempore</span> <span class='ocrx_word' id='word_1_111' title='bbox 1341 986 1502 1022; x_wconf 89' lang='lat' dir='ltr'>fuerunt</span> <span class='ocrx_word' id='word_1_112' title='bbox 1564 986 1679 1023; x_wconf 91' lang='lat' dir='ltr'>utilia</span> <span class='ocrx_word' id='word_1_113' title='bbox 1732 987 1801 1022; x_wconf 89' lang='lat' dir='ltr'>sed</span> 
     </span>
     <span class='ocr_line' id='line_1_25' title="bbox 485 1042 1801 1091; baseline 0.002 -13"><span class='ocrx_word' id='word_1_114' title='bbox 485 1054 623 1078; x_wconf 87' lang='lat' dir='ltr'>eorum</span> <span class='ocrx_word' id='word_1_115' title='bbox 677 1042 856 1079; x_wconf 90' lang='lat' dir='ltr'>servacio</span> <span class='ocrx_word' id='word_1_116' title='bbox 908 1055 990 1079; x_wconf 89' lang='lat' dir='ltr'>non</span> <span class='ocrx_word' id='word_1_117' title='bbox 1044 1052 1101 1079; x_wconf 85' lang='lat' dir='ltr'>est</span> <span class='ocrx_word' id='word_1_118' title='bbox 1153 1043 1320 1079; x_wconf 89' lang='lat' dir='ltr'>ulterius</span> <span class='ocrx_word' id='word_1_119' title='bbox 1375 1045 1584 1091; x_wconf 84' lang='lat' dir='ltr'>duratura,</span> <span class='ocrx_word' id='word_1_120' title='bbox 1656 1052 1700 1080; x_wconf 88' lang='lat' dir='ltr'>ut</span> <span class='ocrx_word' id='word_1_121' title='bbox 1753 1045 1801 1080; x_wconf 93' lang='lat' dir='ltr'>de</span> 
     </span>
     <span class='ocr_line' id='line_1_26' title="bbox 485 1099 952 1148; baseline 0.002 -12"><span class='ocrx_word' id='word_1_122' title='bbox 485 1099 716 1137; x_wconf 91' lang='lat' dir='ltr'>cessacione</span> <span class='ocrx_word' id='word_1_123' title='bbox 747 1100 952 1148; x_wconf 83' lang='lat' dir='ltr'>legalium.</span> 
     </span>
    </p>

    <p class='ocr_par' dir='ltr' id='par_1_9' title="bbox 483 1157 1859 1439">
     <span class='ocr_line' id='line_1_27' title="bbox 540 1157 1859 1209; baseline 0.002 -15"><span class='ocrx_word' id='word_1_124' title='bbox 540 1157 687 1194; x_wconf 89' lang='lat' dir='ltr'>Tercio</span> <span class='ocrx_word' id='word_1_125' title='bbox 720 1170 813 1195; x_wconf 89' lang='lat' dir='ltr'>vero</span> <span class='ocrx_word' id='word_1_126' title='bbox 847 1158 972 1195; x_wconf 87' lang='lat' dir='ltr'>secuti</span> <span class='ocrx_word' id='word_1_127' title='bbox 1006 1159 1164 1195; x_wconf 90' lang='lat' dir='ltr'>fuerant</span> <span class='ocrx_word' id='word_1_128' title='bbox 1198 1160 1361 1207; x_wconf 85' lang='lat' dir='ltr'>quidam</span> <span class='ocrx_word' id='word_1_129' title='bbox 1398 1159 1603 1196; x_wconf 87' lang='lat' dir='ltr'>Christum</span> <span class='ocrx_word' id='word_1_130' title='bbox 1636 1161 1859 1209; x_wconf 83' lang='lat' dir='ltr'>propter15</span> 
     </span>
     <span class='ocr_line' id='line_1_28' title="bbox 484 1215 1802 1266; baseline 0 -13"><span class='ocrx_word' id='word_1_131' title='bbox 484 1215 803 1253; x_wconf 88' lang='lat' dir='ltr'>admiracionem</span> <span class='ocrx_word' id='word_1_132' title='bbox 862 1217 922 1253; x_wconf 91' lang='lat' dir='ltr'>vel</span> <span class='ocrx_word' id='word_1_133' title='bbox 961 1216 1155 1253; x_wconf 90' lang='lat' dir='ltr'>cibarium</span> <span class='ocrx_word' id='word_1_134' title='bbox 1216 1230 1293 1266; x_wconf 89' lang='lat' dir='ltr'>que</span> <span class='ocrx_word' id='word_1_135' title='bbox 1345 1217 1477 1265; x_wconf 90' lang='lat' dir='ltr'>ipsum</span> <span class='ocrx_word' id='word_1_136' title='bbox 1532 1218 1802 1255; x_wconf 88' lang='lat' dir='ltr'>communiter</span> 
     </span>
     <span class='ocr_line' id='line_1_29' title="bbox 483 1274 1800 1324; baseline 0.001 -14"><span class='ocrx_word' id='word_1_137' title='bbox 483 1274 641 1310; x_wconf 89' lang='lat' dir='ltr'>fuerant</span> <span class='ocrx_word' id='word_1_138' title='bbox 680 1274 886 1311; x_wconf 86' lang='lat' dir='ltr'>comitata.</span> <span class='ocrx_word' id='word_1_139' title='bbox 950 1274 990 1311; x_wconf 86' lang='lat' dir='ltr'>Si</span> <span class='ocrx_word' id='word_1_140' title='bbox 1024 1274 1130 1311; x_wconf 90' lang='lat' dir='ltr'>enim</span> <span class='ocrx_word' id='word_1_141' title='bbox 1165 1276 1286 1312; x_wconf 90' lang='lat' dir='ltr'>homo</span> <span class='ocrx_word' id='word_1_142' title='bbox 1318 1276 1477 1312; x_wconf 84' lang='lat' dir='ltr'>laborat</span> <span class='ocrx_word' id='word_1_143' title='bbox 1510 1289 1580 1324; x_wconf 85' lang='lat' dir='ltr'>per</span> <span class='ocrx_word' id='word_1_144' title='bbox 1613 1288 1800 1324; x_wconf 87' lang='lat' dir='ltr'>magnam</span> 
     </span>
     <span class='ocr_line' id='line_1_30' title="bbox 485 1332 1804 1383; baseline 0.002 -15"><span class='ocrx_word' id='word_1_145' title='bbox 485 1332 723 1369; x_wconf 90' lang='lat' dir='ltr'>distanciam</span> <span class='ocrx_word' id='word_1_146' title='bbox 757 1334 807 1369; x_wconf 91' lang='lat' dir='ltr'>ad</span> <span class='ocrx_word' id='word_1_147' title='bbox 839 1332 1058 1369; x_wconf 88' lang='lat' dir='ltr'>videndum</span> <span class='ocrx_word' id='word_1_148' title='bbox 1082 1334 1237 1381; x_wconf 84' lang='lat' dir='ltr'>ludum,</span> <span class='ocrx_word' id='word_1_149' title='bbox 1272 1342 1424 1382; x_wconf 90' lang='lat' dir='ltr'>quanto</span> <span class='ocrx_word' id='word_1_150' title='bbox 1449 1334 1576 1383; x_wconf 83' lang='lat' dir='ltr'>magis</span> <span class='ocrx_word' id='word_1_151' title='bbox 1599 1334 1804 1371; x_wconf 88' lang='lat' dir='ltr'>laboraret</span> 
     </span>
     <span class='ocr_line' id='line_1_31' title="bbox 484 1390 1801 1439; baseline 0.001 -12"><span class='ocrx_word' id='word_1_152' title='bbox 484 1391 656 1439; x_wconf 90' lang='lat' dir='ltr'>populus</span> <span class='ocrx_word' id='word_1_153' title='bbox 689 1391 739 1426; x_wconf 88' lang='lat' dir='ltr'>ad</span> <span class='ocrx_word' id='word_1_154' title='bbox 771 1390 988 1428; x_wconf 87' lang='lat' dir='ltr'>videndum</span> <span class='ocrx_word' id='word_1_155' title='bbox 1019 1391 1221 1427; x_wconf 89' lang='lat' dir='ltr'>Christum</span> <span class='ocrx_word' id='word_1_156' title='bbox 1256 1392 1312 1428; x_wconf 91' lang='lat' dir='ltr'>sic</span> <span class='ocrx_word' id='word_1_157' title='bbox 1346 1391 1540 1429; x_wconf 89' lang='lat' dir='ltr'>miracula</span> <span class='ocrx_word' id='word_1_158' title='bbox 1572 1391 1801 1429; x_wconf 89' lang='lat' dir='ltr'>facientem.</span> 
     </span>
    </p>

    <p class='ocr_par' dir='ltr' id='par_1_10' title="bbox 485 1449 1863 1729">
     <span class='ocr_line' id='line_1_32' title="bbox 545 1449 1863 1494; baseline -0.001 -10"><span class='ocrx_word' id='word_1_159' title='bbox 545 1450 700 1494; x_wconf 86' lang='lat' dir='ltr'>Quarto</span> <span class='ocrx_word' id='word_1_160' title='bbox 748 1449 873 1486; x_wconf 89' lang='lat' dir='ltr'>secuti</span> <span class='ocrx_word' id='word_1_161' title='bbox 925 1458 1017 1485; x_wconf 88' lang='lat' dir='ltr'>sunt</span> <span class='ocrx_word' id='word_1_162' title='bbox 1067 1449 1267 1486; x_wconf 87' lang='lat' dir='ltr'>Christum</span> <span class='ocrx_word' id='word_1_163' title='bbox 1325 1458 1362 1486; x_wconf 91' lang='lat' dir='ltr'>et</span> <span class='ocrx_word' id='word_1_164' title='bbox 1414 1451 1671 1487; x_wconf 89' lang='lat' dir='ltr'>attenderunt</span> <span class='ocrx_word' id='word_1_165' title='bbox 1722 1449 1803 1486; x_wconf 89' lang='lat' dir='ltr'>suis</span> <span class='ocrx_word' id='word_1_166' title='bbox 1821 1461 1863 1483; x_wconf 88' lang='lat'>20</span> 
     </span>
     <span class='ocr_line' id='line_1_33' title="bbox 485 1506 1804 1556; baseline 0.002 -14"><span class='ocrx_word' id='word_1_167' title='bbox 485 1506 739 1543; x_wconf 87' lang='lat' dir='ltr'>sermonibus</span> <span class='ocrx_word' id='word_1_168' title='bbox 786 1506 961 1555; x_wconf 89' lang='lat' dir='ltr'>pharisei</span> <span class='ocrx_word' id='word_1_169' title='bbox 1015 1516 1051 1544; x_wconf 88' lang='lat' dir='ltr'>et</span> <span class='ocrx_word' id='word_1_170' title='bbox 1096 1507 1271 1544; x_wconf 91' lang='lat' dir='ltr'>ministri</span> <span class='ocrx_word' id='word_1_171' title='bbox 1311 1508 1550 1555; x_wconf 87' lang='lat' dir='ltr'>pontificum</span> <span class='ocrx_word' id='word_1_172' title='bbox 1591 1517 1635 1544; x_wconf 91' lang='lat' dir='ltr'>ut</span> <span class='ocrx_word' id='word_1_173' title='bbox 1673 1508 1804 1556; x_wconf 91' lang='lat' dir='ltr'>ipsum</span> 
     </span>
     <span class='ocr_line' id='line_1_34' title="bbox 485 1564 1803 1614; baseline 0.001 -14"><span class='ocrx_word' id='word_1_174' title='bbox 485 1573 677 1613; x_wconf 87' lang='lat' dir='ltr'>caperent</span> <span class='ocrx_word' id='word_1_175' title='bbox 728 1564 769 1601; x_wconf 90' lang='lat' dir='ltr'>in</span> <span class='ocrx_word' id='word_1_176' title='bbox 821 1577 1018 1602; x_wconf 88' lang='lat' dir='ltr'>sermone.</span> <span class='ocrx_word' id='word_1_177' title='bbox 1065 1565 1200 1602; x_wconf 86' lang='lat' dir='ltr'>Prima</span> <span class='ocrx_word' id='word_1_178' title='bbox 1243 1566 1407 1614; x_wconf 88' lang='lat' dir='ltr'>sequela</span> <span class='ocrx_word' id='word_1_179' title='bbox 1458 1566 1533 1603; x_wconf 86' lang='lat' dir='ltr'>fuit</span> <span class='ocrx_word' id='word_1_180' title='bbox 1575 1565 1803 1611; x_wconf 71' lang='lat' dir='ltr'>laudabilis,</span> 
     </span>
     <span class='ocr_line' id='line_1_35' title="bbox 486 1622 1806 1673; baseline 0.001 -15"><span class='ocrx_word' id='word_1_181' title='bbox 486 1624 662 1659; x_wconf 85' lang='lat' dir='ltr'>secunda</span> <span class='ocrx_word' id='word_1_182' title='bbox 707 1622 955 1669; x_wconf 85' lang='lat' dir='ltr'>excusabilis,</span> <span class='ocrx_word' id='word_1_183' title='bbox 1005 1623 1130 1660; x_wconf 90' lang='lat' dir='ltr'>tercia</span> <span class='ocrx_word' id='word_1_184' title='bbox 1174 1623 1430 1672; x_wconf 85' lang='lat' dir='ltr'>increpabilis</span> <span class='ocrx_word' id='word_1_185' title='bbox 1475 1633 1512 1660; x_wconf 91' lang='lat' dir='ltr'>et</span> <span class='ocrx_word' id='word_1_186' title='bbox 1545 1632 1689 1673; x_wconf 85' lang='lat' dir='ltr'>quarta</span> <span class='ocrx_word' id='word_1_187' title='bbox 1721 1637 1806 1660; x_wconf 90' lang='lat' dir='ltr'>om-</span> 
     </span>
     <span class='ocr_line' id='line_1_36' title="bbox 486 1680 976 1729; baseline 0 -12"><span class='ocrx_word' id='word_1_188' title='bbox 486 1681 582 1717; x_wconf 89' lang='lat' dir='ltr'>nino</span> <span class='ocrx_word' id='word_1_189' title='bbox 616 1680 976 1729; x_wconf 89' lang='lat' dir='ltr'>condempnabilis.</span> 
     </span>
    </p>

    <p class='ocr_par' dir='ltr' id='par_1_11' title="bbox 489 1738 1866 2356">
     <span class='ocr_line' id='line_1_37' title="bbox 547 1738 1861 1788; baseline 0.002 -14"><span class='ocrx_word' id='word_1_190' title='bbox 547 1741 595 1775; x_wconf 85' lang='lat' dir='ltr'>Et</span> <span class='ocrx_word' id='word_1_191' title='bbox 638 1738 795 1775; x_wconf 90' lang='lat' dir='ltr'>videtur</span> <span class='ocrx_word' id='word_1_192' title='bbox 839 1752 883 1775; x_wconf 80' lang='lat' dir='ltr'>ex</span> <span class='ocrx_word' id='word_1_193' title='bbox 920 1739 1124 1775; x_wconf 89' lang='lat' dir='ltr'>sentencia</span> <span class='ocrx_word' id='word_1_194' title='bbox 1162 1739 1236 1776; x_wconf 91' lang='lat' dir='ltr'>ista</span> <span class='ocrx_word' id='word_1_195' title='bbox 1276 1739 1504 1788; x_wconf 84' lang='lat' dir='ltr'>evangelica</span> <span class='ocrx_word' id='word_1_196' title='bbox 1543 1740 1652 1788; x_wconf 90' lang='lat' dir='ltr'>quod</span> <span class='ocrx_word' id='word_1_197' title='bbox 1684 1740 1805 1776; x_wconf 91' lang='lat' dir='ltr'>homo</span> <span class='ocrx_word' id='word_1_198' title='bbox 1822 1740 1861 1773; x_wconf 82' lang='lat'>25</span> 
     </span>
     <span class='ocr_line' id='line_1_38' title="bbox 490 1796 1804 1845; baseline 0.002 -13"><span class='ocrx_word' id='word_1_199' title='bbox 490 1809 571 1833; x_wconf 90' lang='lat' dir='ltr'>non</span> <span class='ocrx_word' id='word_1_200' title='bbox 604 1797 722 1833; x_wconf 89' lang='lat' dir='ltr'>debet</span> <span class='ocrx_word' id='word_1_201' title='bbox 754 1809 827 1845; x_wconf 89' lang='lat' dir='ltr'>pro</span> <span class='ocrx_word' id='word_1_202' title='bbox 859 1809 929 1833; x_wconf 91' lang='lat' dir='ltr'>sua</span> <span class='ocrx_word' id='word_1_203' title='bbox 960 1796 1144 1833; x_wconf 88' lang='lat' dir='ltr'>viacione</span> <span class='ocrx_word' id='word_1_204' title='bbox 1188 1799 1238 1833; x_wconf 90' lang='lat' dir='ltr'>ad</span> <span class='ocrx_word' id='word_1_205' title='bbox 1272 1797 1443 1845; x_wconf 90' lang='lat' dir='ltr'>patriam</span> <span class='ocrx_word' id='word_1_206' title='bbox 1478 1799 1625 1834; x_wconf 86' lang='lat' dir='ltr'>addere</span> <span class='ocrx_word' id='word_1_207' title='bbox 1658 1808 1804 1834; x_wconf 87' lang='lat' dir='ltr'>novam</span> 
     </span>
     <span class='ocr_line' id='line_1_39' title="bbox 489 1854 1804 1902; baseline 0.001 -12"><span class='ocrx_word' id='word_1_208' title='bbox 489 1855 632 1902; x_wconf 82' lang='lat' dir='ltr'>legem,</span> <span class='ocrx_word' id='word_1_209' title='bbox 673 1855 776 1892; x_wconf 88' lang='lat' dir='ltr'>sicut</span> <span class='ocrx_word' id='word_1_210' title='bbox 821 1855 971 1891; x_wconf 89' lang='lat' dir='ltr'>faciunt</span> <span class='ocrx_word' id='word_1_211' title='bbox 1015 1855 1089 1891; x_wconf 92' lang='lat' dir='ltr'>iste</span> <span class='ocrx_word' id='word_1_212' title='bbox 1127 1864 1233 1891; x_wconf 90' lang='lat' dir='ltr'>secte</span> <span class='ocrx_word' id='word_1_213' title='bbox 1279 1858 1337 1901; x_wconf 79' lang='lat' dir='ltr'>(ut</span> <span class='ocrx_word' id='word_1_214' title='bbox 1376 1855 1472 1892; x_wconf 89' lang='lat' dir='ltr'>dicit</span> <span class='ocrx_word' id='word_1_215' title='bbox 1517 1854 1804 1901; x_wconf 87' lang='lat' dir='ltr'>Crisostomus)</span> 
     </span>
     <span class='ocr_line' id='line_1_40' title="bbox 490 1913 1806 1961; baseline 0.001 -13"><span class='ocrx_word' id='word_1_216' title='bbox 490 1913 700 1949; x_wconf 88' lang='lat' dir='ltr'>innuentes</span> <span class='ocrx_word' id='word_1_217' title='bbox 744 1914 804 1950; x_wconf 88' lang='lat' dir='ltr'>vel</span> <span class='ocrx_word' id='word_1_218' title='bbox 849 1913 1025 1949; x_wconf 90' lang='lat' dir='ltr'>dicentes</span> <span class='ocrx_word' id='word_1_219' title='bbox 1071 1914 1177 1961; x_wconf 91' lang='lat' dir='ltr'>quod</span> <span class='ocrx_word' id='word_1_220' title='bbox 1224 1913 1405 1949; x_wconf 89' lang='lat' dir='ltr'>Christus</span> <span class='ocrx_word' id='word_1_221' title='bbox 1450 1913 1490 1949; x_wconf 89' lang='lat' dir='ltr'>in</span> <span class='ocrx_word' id='word_1_222' title='bbox 1531 1913 1703 1950; x_wconf 86' lang='lat' dir='ltr'>dacione</span> <span class='ocrx_word' id='word_1_223' title='bbox 1737 1925 1806 1949; x_wconf 87' lang='lat' dir='ltr'>sue</span> 
     </span>
     <span class='ocr_line' id='line_1_41' title="bbox 489 1971 1806 2019; baseline 0.001 -12"><span class='ocrx_word' id='word_1_224' title='bbox 489 1971 586 2019; x_wconf 83' lang='lat' dir='ltr'>legis</span> <span class='ocrx_word' id='word_1_225' title='bbox 602 1972 731 2007; x_wconf 87' lang='lat' dir='ltr'>fuerat</span> <span class='ocrx_word' id='word_1_226' title='bbox 749 1971 1021 2019; x_wconf 81' lang='lat' dir='ltr'>imperfectuS‚</span> <span class='ocrx_word' id='word_1_227' title='bbox 1047 1973 1155 2019; x_wconf 89' lang='lat' dir='ltr'>quod</span> <span class='ocrx_word' id='word_1_228' title='bbox 1172 1980 1229 2007; x_wconf 87' lang='lat' dir='ltr'>est</span> <span class='ocrx_word' id='word_1_229' title='bbox 1244 1980 1386 2008; x_wconf 89' lang='lat' dir='ltr'>contra</span> <span class='ocrx_word' id='word_1_230' title='bbox 1404 1971 1523 2007; x_wconf 89' lang='lat' dir='ltr'>fidem</span> <span class='ocrx_word' id='word_1_231' title='bbox 1551 1972 1649 2007; x_wconf 91' lang='lat' dir='ltr'>Gen.</span> <span class='ocrx_word' id='word_1_232' title='bbox 1666 1973 1716 2017; x_wconf 72' lang='lat'>10,</span> <span class='ocrx_word' id='word_1_233' title='bbox 1741 1982 1806 2008; x_wconf 84' lang='lat'>10:</span> 
     </span>
     <span class='ocr_line' id='line_1_42' title="bbox 497 2028 1866 2078; baseline 0 -14"><span class='ocrx_word' id='word_1_234' title='bbox 497 2029 598 2064; x_wconf 85' lang='lat' dir='ltr'>Vidit</span> <span class='ocrx_word' id='word_1_235' title='bbox 622 2030 729 2065; x_wconf 78' lang='lat' dir='ltr'>Deus</span> <span class='ocrx_word' id='word_1_236' title='bbox 751 2036 886 2065; x_wconf 83' lang='lat' dir='ltr'>cuncta</span> <span class='ocrx_word' id='word_1_237' title='bbox 908 2042 980 2078; x_wconf 81' lang='lat' dir='ltr'>que</span> <span class='ocrx_word' id='word_1_238' title='bbox 1001 2030 1159 2077; x_wconf 82' lang='lat' dir='ltr'>fecerat</span> <span class='ocrx_word' id='word_1_239' title='bbox 1191 2037 1226 2065; x_wconf 82' lang='lat' dir='ltr'>et</span> <span class='ocrx_word' id='word_1_240' title='bbox 1258 2037 1369 2065; x_wconf 79' lang='lat' dir='ltr'>erant</span> <span class='ocrx_word' id='word_1_241' title='bbox 1401 2030 1514 2065; x_wconf 74' lang='lat' dir='ltr'>valde</span> <span class='ocrx_word' id='word_1_242' title='bbox 1546 2030 1654 2067; x_wconf 79' lang='lat' dir='ltr'>bona.</span> <span class='ocrx_word' id='word_1_243' title='bbox 1687 2030 1736 2065; x_wconf 88' lang='lat' dir='ltr'>Et</span> <span class='ocrx_word' id='word_1_244' title='bbox 1768 2028 1807 2065; x_wconf 88' lang='lat' dir='ltr'>in</span> <span class='ocrx_word' id='word_1_245' title='bbox 1824 2032 1866 2064; x_wconf 83' lang='lat'>30</span> 
     </span>
     <span class='ocr_line' id='line_1_43' title="bbox 491 2085 1809 2135; baseline -0.001 -12"><span class='ocrx_word' id='word_1_246' title='bbox 491 2088 567 2123; x_wconf 93' lang='lat' dir='ltr'>hoc</span> <span class='ocrx_word' id='word_1_247' title='bbox 609 2086 836 2135; x_wconf 89' lang='lat' dir='ltr'>specialiter</span> <span class='ocrx_word' id='word_1_248' title='bbox 881 2086 1138 2135; x_wconf 83' lang='lat' dir='ltr'>cognoscitur</span> <span class='ocrx_word' id='word_1_249' title='bbox 1182 2086 1434 2135; x_wconf 88' lang='lat' dir='ltr'>blasphemia</span> <span class='ocrx_word' id='word_1_250' title='bbox 1471 2085 1720 2133; x_wconf 84' lang='lat' dir='ltr'>Antichristi‚</span> <span class='ocrx_word' id='word_1_251' title='bbox 1765 2095 1809 2122; x_wconf 88' lang='lat' dir='ltr'>ut</span> 
     </span>
     <span class='ocr_line' id='line_1_44' title="bbox 490 2144 1809 2193; baseline -0.001 -12"><span class='ocrx_word' id='word_1_252' title='bbox 490 2157 596 2193; x_wconf 84' lang='lat' dir='ltr'>papa</span> <span class='ocrx_word' id='word_1_253' title='bbox 640 2145 713 2181; x_wconf 90' lang='lat' dir='ltr'>sibi</span> <span class='ocrx_word' id='word_1_254' title='bbox 757 2144 942 2182; x_wconf 88' lang='lat' dir='ltr'>vendicat</span> <span class='ocrx_word' id='word_1_255' title='bbox 986 2146 1094 2193; x_wconf 89' lang='lat' dir='ltr'>quod</span> <span class='ocrx_word' id='word_1_256' title='bbox 1146 2145 1196 2181; x_wconf 91' lang='lat' dir='ltr'>sit</span> <span class='ocrx_word' id='word_1_257' title='bbox 1248 2144 1464 2193; x_wconf 88' lang='lat' dir='ltr'>precipuus</span> <span class='ocrx_word' id='word_1_258' title='bbox 1514 2144 1720 2192; x_wconf 84' lang='lat' dir='ltr'>legislator</span> <span class='ocrx_word' id='word_1_259' title='bbox 1772 2153 1809 2180; x_wconf 90' lang='lat' dir='ltr'>et</span> 
     </span>
     <span class='ocr_line' id='line_1_45' title="bbox 492 2202 1810 2251; baseline -0.001 -12"><span class='ocrx_word' id='word_1_260' title='bbox 492 2204 672 2239; x_wconf 89' lang='lat' dir='ltr'>membra</span> <span class='ocrx_word' id='word_1_261' title='bbox 707 2216 777 2240; x_wconf 88' lang='lat' dir='ltr'>sua</span> <span class='ocrx_word' id='word_1_262' title='bbox 810 2216 898 2239; x_wconf 88' lang='lat' dir='ltr'>cum</span> <span class='ocrx_word' id='word_1_263' title='bbox 940 2203 1065 2239; x_wconf 90' lang='lat' dir='ltr'>tribus</span> <span class='ocrx_word' id='word_1_264' title='bbox 1103 2203 1221 2240; x_wconf 88' lang='lat' dir='ltr'>sectis</span> <span class='ocrx_word' id='word_1_265' title='bbox 1266 2202 1526 2251; x_wconf 85' lang='lat' dir='ltr'>sequentibus</span> <span class='ocrx_word' id='word_1_266' title='bbox 1564 2202 1810 2239; x_wconf 89' lang='lat' dir='ltr'>constituunt</span> 
     </span>
     <span class='ocr_line' id='line_1_46' title="bbox 492 2260 1810 2309; baseline -0.001 -12"><span class='ocrx_word' id='word_1_267' title='bbox 492 2261 565 2297; x_wconf 90' lang='lat' dir='ltr'>sibi</span> <span class='ocrx_word' id='word_1_268' title='bbox 600 2262 755 2309; x_wconf 77' lang='lat' dir='ltr'>regulas</span> <span class='ocrx_word' id='word_1_269' title='bbox 788 2270 998 2309; x_wconf 87' lang='lat' dir='ltr'>tamquam</span> <span class='ocrx_word' id='word_1_270' title='bbox 1032 2262 1138 2309; x_wconf 82' lang='lat' dir='ltr'>leges</span> <span class='ocrx_word' id='word_1_271' title='bbox 1172 2270 1208 2297; x_wconf 88' lang='lat' dir='ltr'>et</span> <span class='ocrx_word' id='word_1_272' title='bbox 1241 2269 1380 2297; x_wconf 88' lang='lat' dir='ltr'>emunt</span> <span class='ocrx_word' id='word_1_273' title='bbox 1422 2262 1470 2297; x_wconf 92' lang='lat' dir='ltr'>ab</span> <span class='ocrx_word' id='word_1_274' title='bbox 1503 2260 1591 2308; x_wconf 91' lang='lat' dir='ltr'>ipso</span> <span class='ocrx_word' id='word_1_275' title='bbox 1624 2269 1667 2296; x_wconf 91' lang='lat' dir='ltr'>ut</span> <span class='ocrx_word' id='word_1_276' title='bbox 1700 2269 1810 2308; x_wconf 90' lang='lat' dir='ltr'>post-</span> 
     </span>
     <span class='ocr_line' id='line_1_47' title="bbox 494 2318 1866 2356; baseline 0.001 -1"><span class='ocrx_word' id='word_1_277' title='bbox 494 2321 659 2355; x_wconf 90' lang='lat' dir='ltr'>modum</span> <span class='ocrx_word' id='word_1_278' title='bbox 694 2319 997 2356; x_wconf 85' lang='lat' dir='ltr'>confirmentur.</span> <span class='ocrx_word' id='word_1_279' title='bbox 1826 2318 1866 2352; x_wconf 78' lang='grc'>35</span> 
     </span>
    </p>

    <p class='ocr_par' dir='ltr' id='par_1_12' title="bbox 493 2375 1868 2715">
     <span class='ocr_line' id='line_1_48' title="bbox 552 2375 1809 2414; baseline -0.002 -1"><span class='ocrx_word' id='word_1_280' title='bbox 552 2379 629 2414; x_wconf 85' lang='lat' dir='ltr'>Sed</span> <span class='ocrx_word' id='word_1_281' title='bbox 662 2390 804 2413; x_wconf 90' lang='lat' dir='ltr'>sanum</span> <span class='ocrx_word' id='word_1_282' title='bbox 846 2386 903 2413; x_wconf 93' lang='lat' dir='ltr'>est</span> <span class='ocrx_word' id='word_1_283' title='bbox 935 2390 1007 2413; x_wconf 89' lang='lat' dir='ltr'>nos</span> <span class='ocrx_word' id='word_1_284' title='bbox 1040 2377 1192 2413; x_wconf 90' lang='lat' dir='ltr'>sincere</span> <span class='ocrx_word' id='word_1_285' title='bbox 1237 2386 1372 2413; x_wconf 89' lang='lat' dir='ltr'>tenere</span> <span class='ocrx_word' id='word_1_286' title='bbox 1405 2384 1554 2412; x_wconf 87' lang='lat' dir='ltr'>sectam</span> <span class='ocrx_word' id='word_1_287' title='bbox 1590 2375 1738 2412; x_wconf 91' lang='lat' dir='ltr'>Christi</span> <span class='ocrx_word' id='word_1_288' title='bbox 1772 2384 1809 2411; x_wconf 88' lang='lat' dir='ltr'>et</span> 
     </span>
     <span class='ocr_line' id='line_1_49' title="bbox 493 2433 1808 2484; baseline -0.002 -13"><span class='ocrx_word' id='word_1_289' title='bbox 493 2448 593 2483; x_wconf 88' lang='lat' dir='ltr'>pure</span> <span class='ocrx_word' id='word_1_290' title='bbox 626 2437 673 2472; x_wconf 92' lang='lat' dir='ltr'>de</span> <span class='ocrx_word' id='word_1_291' title='bbox 697 2435 857 2472; x_wconf 90' lang='lat' dir='ltr'>Christo</span> <span class='ocrx_word' id='word_1_292' title='bbox 889 2444 1099 2484; x_wconf 90' lang='lat' dir='ltr'>tamquam</span> <span class='ocrx_word' id='word_1_293' title='bbox 1132 2434 1359 2482; x_wconf 83' lang='lat' dir='ltr'>legislatore</span> <span class='ocrx_word' id='word_1_294' title='bbox 1382 2433 1539 2482; x_wconf 90' lang='lat' dir='ltr'>optimo</span> <span class='ocrx_word' id='word_1_295' title='bbox 1563 2436 1647 2469; x_wconf 92' lang='lat' dir='ltr'>Deo</span> <span class='ocrx_word' id='word_1_296' title='bbox 1670 2441 1808 2469; x_wconf 91' lang='lat' dir='ltr'>nostro</span> 
     </span>
     <span class='ocr_line' id='line_1_50' title="bbox 495 2490 1809 2540; baseline -0.002 -11"><span class='ocrx_word' id='word_1_297' title='bbox 495 2502 532 2529; x_wconf 91' lang='lat' dir='ltr'>et</span> <span class='ocrx_word' id='word_1_298' title='bbox 566 2493 732 2529; x_wconf 92' lang='lat' dir='ltr'>domino</span> <span class='ocrx_word' id='word_1_299' title='bbox 765 2493 1003 2530; x_wconf 88' lang='lat' dir='ltr'>contentari.</span> <span class='ocrx_word' id='word_1_300' title='bbox 1049 2495 1130 2529; x_wconf 90' lang='lat' dir='ltr'>Nec</span> <span class='ocrx_word' id='word_1_301' title='bbox 1163 2494 1360 2529; x_wconf 89' lang='lat' dir='ltr'>addamus</span> <span class='ocrx_word' id='word_1_302' title='bbox 1394 2491 1546 2540; x_wconf 88' lang='lat' dir='ltr'>aliquid</span> <span class='ocrx_word' id='word_1_303' title='bbox 1579 2492 1629 2527; x_wconf 91' lang='lat' dir='ltr'>ad</span> <span class='ocrx_word' id='word_1_304' title='bbox 1662 2490 1809 2528; x_wconf 92' lang='lat' dir='ltr'>Christi</span> 
     </span>
     <span class='ocr_line' id='line_1_51' title="bbox 496 2548 1809 2599; baseline -0.003 -12"><span class='ocrx_word' id='word_1_305' title='bbox 496 2552 675 2599; x_wconf 84' lang='lat' dir='ltr'>regulam</span> <span class='ocrx_word' id='word_1_306' title='bbox 721 2560 927 2599; x_wconf 89' lang='lat' dir='ltr'>tamquam</span> <span class='ocrx_word' id='word_1_307' title='bbox 969 2552 1112 2599; x_wconf 84' lang='lat' dir='ltr'>legem,</span> <span class='ocrx_word' id='word_1_308' title='bbox 1160 2550 1341 2598; x_wconf 87' lang='lat' dir='ltr'>quamvis</span> <span class='ocrx_word' id='word_1_309' title='bbox 1394 2549 1647 2597; x_wconf 87' lang='lat' dir='ltr'>interpretari</span> <span class='ocrx_word' id='word_1_310' title='bbox 1692 2548 1809 2584; x_wconf 90' lang='lat' dir='ltr'>liceat</span> 
     </span>
     <span class='ocr_line' id='line_1_52' title="bbox 497 2607 1868 2657; baseline -0.003 -12"><span class='ocrx_word' id='word_1_311' title='bbox 497 2611 702 2657; x_wconf 90' lang='lat' dir='ltr'>quomodo</span> <span class='ocrx_word' id='word_1_312' title='bbox 754 2610 813 2645; x_wconf 80' lang='lat' dir='ltr'>lex</span> <span class='ocrx_word' id='word_1_313' title='bbox 866 2609 1013 2645; x_wconf 88' lang='lat' dir='ltr'>Christi</span> <span class='ocrx_word' id='word_1_314' title='bbox 1066 2610 1182 2645; x_wconf 89' lang='lat' dir='ltr'>debet</span> <span class='ocrx_word' id='word_1_315' title='bbox 1235 2608 1417 2656; x_wconf 83' lang='lat' dir='ltr'>intelligi,</span> <span class='ocrx_word' id='word_1_316' title='bbox 1477 2607 1579 2643; x_wconf 88' lang='lat' dir='ltr'>sicut</span> <span class='ocrx_word' id='word_1_317' title='bbox 1630 2607 1868 2650; x_wconf 89' lang='lat' dir='ltr'>fecerunt4o</span> 
     </span>
     <span class='ocr_line' id='line_1_53' title="bbox 497 2665 1809 2715; baseline -0.003 -11"><span class='ocrx_word' id='word_1_318' title='bbox 497 2667 624 2704; x_wconf 86' lang='lat' dir='ltr'>sancti</span> <span class='ocrx_word' id='word_1_319' title='bbox 675 2667 857 2715; x_wconf 85' lang='lat' dir='ltr'>priores;</span> <span class='ocrx_word' id='word_1_320' title='bbox 933 2668 1008 2703; x_wconf 93' lang='lat' dir='ltr'>hoc</span> <span class='ocrx_word' id='word_1_321' title='bbox 1058 2676 1194 2703; x_wconf 90' lang='lat' dir='ltr'>tamen</span> <span class='ocrx_word' id='word_1_322' title='bbox 1232 2668 1303 2702; x_wconf 93' lang='lat' dir='ltr'>sub</span> <span class='ocrx_word' id='word_1_323' title='bbox 1350 2665 1587 2702; x_wconf 87' lang='lat' dir='ltr'>condicione</span> <span class='ocrx_word' id='word_1_324' title='bbox 1631 2673 1669 2701; x_wconf 90' lang='lat' dir='ltr'>et</span> <span class='ocrx_word' id='word_1_325' title='bbox 1718 2677 1809 2701; x_wconf 90' lang='lat' dir='ltr'>cum</span> 
     </span>
    </p>
   </div>
   <div class='ocr_carea' id='block_1_8' title="bbox 497 2833 1804 2905">
    <p class='ocr_par' dir='ltr' id='par_1_13' title="bbox 497 2833 1804 2905">
     <span class='ocr_line' id='line_1_54' title="bbox 565 2833 1804 2870; baseline -0.004 -6"><span class='ocrx_word' id='word_1_326' title='bbox 565 2846 585 2864; x_wconf 85' lang='lat'>1.</span> <span class='ocrx_word' id='word_1_327' title='bbox 607 2839 631 2864; x_wconf 87' lang='grc' dir='ltr'>Α</span> <span class='ocrx_word' id='word_1_328' title='bbox 657 2837 684 2863; x_wconf 87' lang='lat' dir='ltr'>in</span> <span class='ocrx_word' id='word_1_329' title='bbox 709 2845 795 2870; x_wconf 73' lang='lat' dir='ltr'>marg</span> <span class='ocrx_word' id='word_1_330' title='bbox 817 2846 821 2863; x_wconf 92' lang='lat'>:</span> <span class='ocrx_word' id='word_1_331' title='bbox 846 2845 872 2863; x_wconf 72' lang='lat'>2.</span> <span class='ocrx_word' id='word_1_332' title='bbox 966 2836 993 2863; x_wconf 76' lang='lat'>6.</span> <span class='ocrx_word' id='word_1_333' title='bbox 1020 2837 1055 2863; x_wconf 77' lang='lat'>13:</span> <span class='ocrx_word' id='word_1_334' title='bbox 1080 2836 1218 2864; x_wconf 76' lang='lat' dir='ltr'>sacsavit.</span> <span class='ocrx_word' id='word_1_335' title='bbox 1295 2836 1330 2862; x_wconf 80' lang='lat'>15.</span> <span class='ocrx_word' id='word_1_336' title='bbox 1354 2836 1380 2862; x_wconf 84' lang='lat' dir='ltr'>A</span> <span class='ocrx_word' id='word_1_337' title='bbox 1402 2835 1431 2862; x_wconf 88' lang='lat' dir='ltr'>in</span> <span class='ocrx_word' id='word_1_338' title='bbox 1454 2843 1566 2869; x_wconf 50' lang='lat' dir='ltr'>mai-gs</span> <span class='ocrx_word' id='word_1_339' title='bbox 1588 2842 1621 2868; x_wconf 72' lang='lat'>3.</span> <span class='ocrx_word' id='word_1_340' title='bbox 1697 2841 1736 2868; x_wconf 78' lang='lat'>19.</span> <span class='ocrx_word' id='word_1_341' title='bbox 1759 2833 1804 2860; x_wconf 88' lang='lat' dir='ltr'>A:</span> 
     </span>
     <span class='ocr_line' id='line_1_55' title="bbox 497 2871 1103 2905; baseline -0.002 -7"><span class='ocrx_word' id='word_1_342' title='bbox 497 2871 665 2898; x_wconf 73' lang='lat' dir='ltr'>mirabilia.</span> <span class='ocrx_word' id='word_1_343' title='bbox 757 2879 803 2898; x_wconf 87' lang='lat'>20.</span> <span class='ocrx_word' id='word_1_344' title='bbox 825 2872 853 2897; x_wconf 90' lang='lat' dir='ltr'><strong>A</strong></span> <span class='ocrx_word' id='word_1_345' title='bbox 879 2871 908 2897; x_wconf 88' lang='lat' dir='ltr'>in</span> <span class='ocrx_word' id='word_1_346' title='bbox 934 2879 1048 2905; x_wconf 77' lang='lat' dir='ltr'>marg.:</span> <span class='ocrx_word' id='word_1_347' title='bbox 1072 2879 1103 2903; x_wconf 71' lang='lat'>4.</span> 
     </span>
    </p>
   </div>
  </div>
 </body>
</html>
