2003 3322
223 200 310 229 CAP.
332 192 425 246 xm]
735 203 875 235 PRIMA
902 203 1027 234 PARS.
1744 199 1816 243 145

222 311 292 346 hoc
323 309 490 358 capitulo
533 309 679 358 scripta
720 316 807 344 sunt
844 316 1139 357 consequuntur,
1188 310 1235 345 de
1277 309 1410 357 quibus
1453 309 1528 345 iam

221 368 486 403 tractavimus.

284 425 405 461 Unum
437 425 561 461 solum
585 431 639 460 est
662 425 764 472 quod
785 425 872 460 huic
893 424 1101 460 intellectui
1129 424 1396 473 difficultatem
1412 425 1529 473 facit,
1546 438 1625 465 How
1641 446 1686 465 we
1707 447 1757 466 are
1777 439 1818 466 ‘jn

220 483 409 531 quomodo
437 482 560 532 possit
591 489 693 518 recte
726 482 801 517 dici
830 483 866 517 in
900 482 960 517 via
994 494 1090 518 nunc
1123 494 1204 518 esse
1236 494 1320 518 cum
1353 483 1452 529 Deo,
1499 482 1533 518 si
1557 474 1608 501 the
1628 474 1800 535 ‘EQ-With

189 540 255 576 5in
294 540 365 576 hoc
406 541 489 576 loco
527 540 606 588 ipse
644 540 886 589 accipiendus
924 547 979 575 est
1015 539 1270 576 adversarius
1309 539 1529 588 impiorum,

221 598 282 633 cui
313 598 488 634 iubemur
519 598 592 633 cito
626 598 885 644 reconciliari,
918 598 992 633 nisi
1012 598 1140 646 sorte,
1174 597 1261 646 quia
1294 597 1375 647 ipse
1396 598 1531 646 ubique

219 663 294 700 est;
332 668 400 692 nos
436 656 555 692 eciam
588 667 671 690 cum
705 655 740 690 in
773 655 845 691 hac
877 656 952 691 vita
985 668 1129 701 sumus,
1177 667 1262 690 cum
1300 655 1366 691 illo
1405 655 1532 703 utique

218 726 361 749 sumus.
396 714 439 748 Si
470 713 567 749 enim
600 713 811 749 ascendero
845 714 880 748 in
915 713 1051 759 celum,
1085 713 1217 761 inquit,
1258 720 1296 748 tu
1329 713 1381 748 ibi
1410 725 1462 759 es,
1495 713 1529 748 si

219 772 452 807 descendero
484 771 536 806 ad
567 771 779 818 infernum,
813 771 926 807 ades.-
967 771 1000 806 si
1032 770 1215 819 recipiam
1243 783 1393 820 pennas
1426 783 1530 806 meas

166 829 254 864 10in
294 829 481 865 directum
529 836 563 864 et
601 828 828 864 habitavero
873 829 909 864 in
954 828 1162 865 novissima
1207 829 1349 865 maris:
1392 828 1528 864 etenim

218 887 309 922 illuc
340 898 476 922 manus
507 893 572 921 tua
596 886 756 922 deducet
788 898 846 922 me
878 893 913 922 et
945 886 1147 922 continebit
1180 899 1240 922 me
1263 887 1427 922 dextera
1449 893 1526 921 tua.

216 944 293 979 Aut
323 945 357 980 si
386 956 458 980 non
486 944 640 992 placeat
672 944 808 993 impios
841 944 917 980 dici
947 956 1027 980 esse
1059 956 1143 979 cum
1167 944 1266 991 Deo,
1299 956 1528 992 quamquam

216 1014 401 1050 nusquam
425 1014 497 1038 non
515 1009 650 1051 presto
671 1002 721 1037 sit
749 1002 869 1049 Deus,
901 1002 1224 1050 quemadmodum
1258 1014 1330 1037 non
1366 1002 1528 1038 dicimus

217 1072 324 1096 cecos
367 1072 448 1096 esse
490 1071 575 1095 cum
621 1059 774 1106 lumine,
823 1067 948 1096 tamen
993 1060 1064 1096 etsi
1105 1060 1236 1096 oculos
1280 1072 1412 1096 eorum
1458 1060 1530 1095 lux

165 1116 200 1148 15
216 1117 517 1166 circumfundat,
569 1130 683 1153 unum
723 1118 912 1165 reliquum
958 1125 1024 1164 est,
1069 1125 1109 1152 ut
1152 1117 1212 1153 hic
1255 1118 1527 1154 adversarium

210 1183 437 1224 preceptum
471 1175 547 1211 Dei
577 1187 659 1211 esse
690 1175 965 1226 intelligamus.
1024 1175 1128 1218 Quid
1164 1175 1262 1211 enim
1300 1176 1354 1212 sic
1386 1176 1526 1211 adver-

215 1240 326 1269 satur
351 1245 518 1282 peccare
550 1233 772 1279 volentibus,
805 1233 902 1269 sicut
921 1240 1147 1283 preceptum
1170 1233 1256 1279 Dei,
1291 1233 1331 1268 id
1361 1240 1429 1277 est,
1463 1234 1529 1269 lex

215 1291 294 1327 eius
337 1298 372 1327 et
411 1290 616 1339 Scriptura
662 1291 791 1326 divina
835 1302 905 1340 que
949 1291 1039 1327 data
1083 1297 1139 1327 est
1183 1290 1289 1327 nobis
1331 1292 1383 1326 ad
1428 1291 1525 1327 hanc

216 1349 346 1395 vitam,
379 1355 419 1383 ut
448 1348 497 1384 sit
529 1348 722 1384 nobiscum
751 1349 786 1384 in
811 1349 885 1395 via,
917 1349 979 1384 cui
1004 1361 1076 1385 non
1106 1356 1258 1397 oportet
1280 1361 1349 1385 nos
1372 1356 1525 1385 contra-

159 1412 200 1433 20
215 1407 356 1453 dicere,
401 1418 446 1442 ne
488 1418 556 1442 nos
593 1407 726 1441 tradat
763 1407 890 1453 iudici,
935 1407 1004 1443 sed
1046 1406 1081 1442 ei
1122 1414 1273 1455 oportet
1313 1407 1527 1443 consentire

214 1465 319 1500 cito?
351 1465 437 1500 Non
462 1464 558 1499 enim
584 1464 781 1512 quisquam
805 1465 920 1511 novit,
954 1465 1105 1512 quando
1130 1465 1176 1500 de
1198 1464 1270 1500 hac
1293 1465 1368 1501 vita
1399 1472 1524 1501 exeat.

221 1522 316 1566 Quis
347 1522 444 1558 enim
477 1522 662 1557 consentit
692 1522 887 1571 scripture
920 1522 1057 1569 divine,
1103 1521 1176 1558 nisi
1217 1522 1281 1570 qui
1326 1523 1421 1573 legit
1466 1522 1526 1558 vel

213 1580 322 1615 audit
359 1580 435 1629 pie,
483 1580 660 1628 deserens
693 1580 728 1614 ei
763 1580 912 1616 culmen
953 1580 1209 1626 auctoritatis,
1254 1587 1295 1615 ut
1332 1581 1433 1629 quod
1469 1580 1524 1616 in-

214 1637 367 1688 telligit,
413 1649 485 1673 non
519 1637 645 1673 oderit
671 1645 839 1687 propter
871 1638 973 1686 quod
1004 1638 1175 1686 peccatis
1206 1638 1286 1674 suis
1316 1637 1526 1674 adversari

158 1691 197 1723 25
213 1695 326 1731 sentit
356 1695 427 1731 sed
458 1695 587 1745 magis
620 1695 762 1745 diligat
794 1695 1081 1744 correpcionem
1121 1708 1230 1731 suam
1275 1703 1310 1731 et
1352 1696 1526 1746 gaudeat

213 1753 315 1801 quod
345 1752 489 1789 morbis
520 1753 599 1789 suis
621 1753 739 1789 donec
760 1760 944 1789 sanentur
974 1765 1047 1789 non
1065 1760 1279 1802 parcatur;
1300 1755 1402 1802 quod
1433 1766 1524 1790 vero

214 1818 279 1846 aut
310 1811 515 1847 obscurum
548 1818 614 1846 aut
646 1811 858 1847 obsurdum
891 1811 950 1847 illi
979 1818 1101 1858 sonat,
1141 1823 1213 1847 non
1247 1811 1334 1848 inde
1366 1812 1526 1848 concitet

214 1868 566 1904 contradiccionum
600 1869 826 1914 certamina,
870 1870 939 1905 sed
970 1876 1053 1905 oret
1085 1876 1125 1904 ut
1168 1869 1374 1920 intelligat,
1414 1870 1522 1906 bene-

214 1927 422 1962 volenciam
467 1933 592 1962 tamen
631 1934 666 1962 et
703 1926 1002 1977 intelligenciam
1040 1933 1144 1962 tante
1182 1928 1406 1963 auctoritati
1443 1940 1525 1964 esse

157 1979 198 2010 30
213 1984 469 2020 exhibendam
503 1984 729 2021 meminerit.
784 1985 861 2020 Sed
899 1984 980 2033 quis
1017 1985 1088 2021 hoc
1108 1984 1215 2033 facit
1247 1985 1320 2021 nisi
1357 1985 1524 2034 quisquis

212 2042 264 2077 ad
295 2049 562 2078 testamentum
591 2042 719 2091 patris
750 2042 1001 2091 aperiendum
1041 2049 1076 2078 et
1107 2043 1416 2092 cognoscendum
1449 2056 1522 2079 non

213 2099 339 2135 licium
383 2100 634 2136 suscitacione
673 2100 834 2135 acerbus
871 2100 940 2136 sed
966 2100 1110 2149 pietate
1148 2100 1252 2136 mitis
1295 2101 1523 2137 accesserit:

211 2158 325 2193 Beati
371 2158 492 2204 mites,
543 2158 719 2206 quoniam
766 2158 841 2206 ipsi
890 2158 1159 2194 hereditabunt
1209 2165 1371 2196 terram.
1439 2160 1522 2195 Hec

211 2214 468 2262 Augustinus.

156 2324 196 2356 35
721 2304 859 2346 CAP.
890 2305 1018 2346 XLI.

271 2388 538 2424 Crisostomus
571 2396 705 2424 autem
744 2401 863 2436 super
903 2390 1044 2425 eodem
1084 2397 1193 2425 textu
1232 2389 1287 2426 sic
1320 2390 1517 2438 loquitur:
1559 2407 1790 2444 chrysostom's

211 2445 382 2482 Festinat
403 2446 605 2492 Dominus,
639 2453 679 2481 ut
710 2447 762 2481 ad
783 2446 995 2482 amiciciam
1013 2447 1246 2495 festinemus
1279 2448 1517 2484 inimicorum
1585 2449 1752 2471 mmmcm-

279 2591 303 2619 5.
324 2592 368 2618 A:
390 2591 420 2617 in
441 2591 534 2618 deest.
616 2599 642 2621 7.
662 2592 707 2618 A:
728 2591 758 2618 in
779 2592 857 2619 bona
879 2592 942 2619 vita
961 2600 1082 2624 sumus;
1101 2592 1142 2619 ib.
1164 2593 1207 2619 A:
1229 2593 1290 2619 ille.
1372 2600 1399 2627 9.
1421 2594 1465 2620 A:
1487 2594 1518 2620 in

211 2624 374 2661 infernum.
449 2634 489 2653 10.
504 2627 550 2653 A:
569 2626 777 2653 habitandum.
852 2635 885 2653 11.
903 2627 940 2653 B:
962 2627 1034 2654 illic.
1108 2635 1149 2660 ¹4-
1170 2628 1214 2654 A:
1236 2628 1321 2659 luce;
1336 2627 1376 2654 ib.
1393 2629 1435 2654 A:
1456 2631 1518 2655 lanz

211 2660 277 2687 etsi.
384 2659 416 2687 ¹³3
457 2662 501 2687 A:
530 2660 683 2687 deserens.
791 2661 837 2688 26.
860 2661 976 2688 could*
1008 2662 1144 2688 moribus
1167 2662 1232 2688 suis
1257 2663 1354 2689 donec
1378 2666 1516 2689 sanetur.

211 2693 253 2721 32.
266 2696 309 2722 A:
322 2695 462 2722 acerbum
470 2705 482 2728 ‚·
492 2695 532 2722 ib.
541 2697 582 2722 A:
593 2695 731 2722 accessit.
790 2694 836 2723 36.
846 2697 890 2723 A:
902 2704 996 2731 super
1006 2697 1064 2723 ista
1073 2706 1084 2729 ;
1093 2697 1122 2723 A
1134 2696 1164 2723 in
1177 2704 1273 2731 marg.
1285 2706 1290 2722 :
1304 2696 1517 2724 Crisostomus.

212 2800 221 2832 l
278 2754 310 2786 8.
329 2755 687 2844 PsalijCXXXVffl,
706 2754 737 2786 8.
828 2756 879 2789 33.
899 2755 1017 2787 Matth.
1034 2757 1073 2796 V,
1088 2766 1120 2797 4.
1212 2755 1264 2789 36.
1284 2757 1350 2798 Op.
1368 2756 1514 2798 1mperf.‚

227 2826 233 2832 .
261 2811 287 2832 c.
314 2812 346 2842 p.
374 2812 438 2844 797
483 2826 489 2832 .

1342 2872 1379 2892 IO
