2003 3322
183 218 271 246 CAP.
291 209 357 263 LL]
704 221 844 252 PRIMA
872 221 998 252 PARs.
1719 215 1791 262 187

177 328 347 379 periurii
376 328 480 364 illius
508 328 647 376 factus
678 339 717 363 es
749 340 878 374 causa,
912 327 997 376 quia
1033 329 1104 364 hoc
1129 328 1333 376 proposito
1366 329 1502 365 iurare

182 388 289 423 illam
322 386 519 435 compellis
557 398 629 422 non
663 392 702 420 ut
747 385 848 421 iuret
878 386 947 421 sed
994 393 1033 421 ut
1072 385 1263 434 periuret.
1300 386 1342 421 Si
1372 394 1498 422 autem

181 457 264 481 eum
297 445 388 480 hene
418 444 638 479 iuraturum
666 450 842 492 putares,
888 455 955 479 nec
1000 443 1134 479 iurare
1165 444 1428 492 compelleres.
1469 445 1502 480 O

180 502 359 551 insipiens
390 502 454 550 qui
489 502 654 538 alterum
688 502 820 537 iurare
852 502 1063 550 compellis,
1109 501 1231 537 nescis
1263 502 1353 550 quid
1384 502 1502 552 agis?

148 561 250 596 §Ille
280 560 352 596 etsi
378 559 654 608 periuraverit‚
702 559 763 595 vel
794 571 878 594 cum
925 559 1033 595 lucro
1073 559 1267 608 periurat,
1301 567 1340 594 tu
1373 567 1500 596 autem

179 619 258 654 sine
296 618 404 653 lucro
432 617 602 666 periurii
633 616 737 653 illius
763 617 964 666 particeps
1007 617 1211 663 inveneris,
1252 617 1317 665 qui
1348 618 1504 653 mentiri

180 688 252 712 non
286 675 433 710 dubitat
465 687 531 711 nec
557 675 769 724 periurare
801 675 928 720 timet‚·
960 676 1024 723 qui
1052 675 1149 710 enim
1183 675 1368 710 mentitur
1400 676 1500 711 veri-

179 741 294 770 tatem
327 733 362 768 in
395 733 513 768 corde
543 745 611 769 suo
644 733 960 783 transgreditur;
1003 733 1067 781 qui
1096 739 1222 768 autem
1251 733 1434 782 periurat
1466 734 1501 769 in

179 791 306 827 verbis
337 791 415 826 suis
447 791 587 827 transit
619 791 757 826 Deum.
799 791 901 834 Quid
923 803 1020 841 ergo
1053 791 1211 826 interest
1244 791 1343 827 inter
1377 791 1502 827 Deum

127 848 349 885 1otransire
382 856 416 884 et
448 848 649 884 veritatem
685 849 927 898 transgredi,
970 861 1055 885 cum
1095 856 1130 884 et
1162 848 1245 897 ipsa
1279 848 1424 884 veritas
1455 850 1504 885 sit

179 906 316 943 Deus?
348 906 432 942 Hec
462 907 545 942 sola
571 906 791 955 differencia
826 914 892 953 est,
926 907 1011 955 quia
1051 906 1251 942 veritatem
1276 907 1504 943 mencientes

179 965 215 1000 in
248 965 366 1001 corde
410 972 543 1000 nostro
589 964 812 1010 transimus,
852 965 1104 1013 periurantes
1135 971 1261 1000 autem
1309 965 1433 1000 Deum
1468 965 1502 1000 in

180 1022 316 1058 verbis.
366 1022 466 1058 Nam
512 1022 627 1057 verbo
661 1022 875 1058 hominibus
919 1022 1222 1070 satisfaciamus,
1269 1023 1503 1059 consciencia

54 1080 135 1125 374b
179 1081 276 1117 Deo.
334 1080 420 1129 Ipse
463 1080 570 1115 Deus
614 1080 678 1129 qui
714 1080 927 1128 periurare
954 1077 958 1133 Ι
989 1080 1118 1126 vetuit,
1170 1080 1251 1129 ipse
1299 1088 1436 1130 postea
1470 1088 1504 1117 et

129 1141 252 1174 15non
300 1137 433 1173 iurare
477 1138 688 1173 mandavit.
743 1138 820 1181 Qui
862 1150 960 1188 ergo
1005 1139 1041 1173 in
1086 1138 1252 1173 iurando
1292 1151 1365 1174 non
1398 1138 1505 1174 timet

180 1196 256 1231 Dei
281 1203 507 1246 preceptum
533 1196 747 1245 negligere.
783 1207 850 1231 nec
880 1196 915 1231 in
934 1196 1178 1244 periurando
1202 1195 1358 1232 timebit.
1401 1196 1505 1240 Quid

180 1262 306 1290 autem
341 1253 427 1289 vis?
465 1253 588 1289 Timet
621 1254 747 1288 Deum
780 1261 847 1288 aut
874 1266 947 1289 non
980 1254 1088 1289 timet
1119 1254 1261 1289 Deum.
1312 1254 1354 1289 Si
1385 1254 1503 1297 timet,

180 1312 299 1347 eciam
332 1311 412 1347 sine
443 1311 657 1347 iuramento
704 1323 776 1346 non
810 1312 1015 1356 mentitur;
1057 1311 1091 1347 si
1120 1318 1245 1347 autem
1280 1324 1352 1347 non
1386 1312 1504 1359 timet,

180 1382 298 1418 neque
330 1381 415 1405 cum
448 1369 662 1404 iuramento
690 1375 819 1418 potest
852 1370 979 1405 dicere
1011 1369 1226 1407 veritatem.

124 1441 165 1462 20
237 1427 377 1463 Audite
410 1439 476 1462 vos
509 1427 640 1463 clerici
670 1427 734 1475 qui
765 1426 982 1464 iurantibus
1014 1427 1217 1477 evangelia
1250 1435 1383 1463 sancta
1407 1440 1503 1476 por-

180 1485 270 1522 tatis
325 1485 513 1533 quomodo
565 1485 728 1534 potestis
778 1485 824 1520 ab
869 1485 935 1521 illo
978 1486 1193 1521 iuramento
1246 1497 1327 1521 esse
1378 1486 1508 1521 securi

181 1543 245 1592 qui
275 1543 511 1579 occasionem
535 1543 672 1591 feram
698 1542 866 1591 periurii
897 1544 1008 1579 datis.
1048 1543 1248 1592 Numquid
1281 1543 1345 1591 qui
1376 1544 1504 1593 ignem

176 1608 311 1650 portat
356 1601 455 1636 unde
494 1601 682 1651 confletur
726 1600 941 1636 incendium
988 1601 1137 1637 alienus
1181 1608 1234 1636 est
1267 1602 1313 1637 ab
1347 1602 1414 1637 illo
1449 1602 1504 1637 in-

181 1659 344 1695 cendio?
375 1658 451 1693 Aut
483 1659 548 1707 qui
578 1658 756 1709 gladium
781 1659 959 1709 porrigit
996 1659 1094 1694 unde
1121 1658 1367 1694 homicidium
1401 1672 1504 1695 com-

125 1717 371 1763 25mittatur,
406 1717 589 1765 numquid
621 1728 692 1752 non
726 1724 781 1751 est
812 1717 937 1753 socius
983 1717 1182 1752 homicidii
1213 1717 1341 1762 illius‚·
1383 1717 1437 1753 sic
1470 1725 1505 1753 et

181 1775 246 1823 qui
275 1775 512 1810 occasionem
542 1781 709 1823 prestat,
755 1775 907 1825 collega
942 1775 993 1823 fit
1020 1774 1190 1823 periurii
1220 1775 1311 1813 eius.
1347 1775 1389 1810 Si
1421 1783 1505 1811 erat

180 1833 271 1868 bene
302 1832 447 1878 iurare,
480 1832 576 1868 iuste
605 1832 799 1879 dicebatis,
833 1833 920 1881 quia
954 1833 1129 1869 dedimus
1154 1832 1231 1868 illis
1259 1834 1504 1883 evangelium

182 1897 223 1925 ut
248 1890 386 1937 iurent,
419 1902 491 1926 non
526 1897 564 1925 ut
587 1890 801 1939 pet-iurent.
838 1891 950 1926 Nunc
982 1898 1108 1926 autem
1142 1903 1227 1926 cum
1257 1891 1387 1927 sciatis
1419 1891 1505 1940 quia

182 1955 217 1984 et
249 1949 339 1984 bene
371 1948 515 1994 iurare,
545 1955 745 1997 peccatum
781 1956 847 1993 est,
881 1949 1071 1996 quomodo
1101 1949 1264 1998 potestis
1292 1961 1373 1985 esse
1396 1949 1508 1985 liberi

127 2009 168 2041 30
183 2006 248 2055 qui
279 2005 515 2041 occasionem
551 2006 651 2041 datis
684 2006 784 2041 unde
811 2014 995 2055 peccetur
1026 2006 1062 2042 in
1096 2007 1236 2044 Deum.

247 2063 377 2099 Cesset
409 2063 510 2113 ignis
542 2070 579 2099 et
618 2075 689 2099 non
717 2063 770 2112 fit
809 2064 1051 2109 incendium;
1095 2065 1281 2100 subtrahe
1323 2065 1503 2114 gladium
1525 2072 1732 2112 Wiclzedymss
1753 2074 1789 2101 of

185 2128 219 2157 et
264 2121 509 2157 homicidium
560 2133 631 2156 non
678 2122 959 2167 committetur;
1008 2123 1062 2158 sic
1107 2123 1199 2158 tolle
1243 2122 1503 2158 iuramentum
1544 2109 1774 2171 ῒῗζζρῇἓᾞξηῖζ

185 2186 219 2215 et
246 2179 466 2228 periurium
501 2191 573 2215 non
595 2179 659 2227 fit.
714 2179 799 2214 Hec
832 2180 879 2216 de
911 2180 989 2216 illis
1023 2181 1125 2216 dicta
1158 2188 1247 2216 sunt
1279 2181 1342 2229 qui
1373 2181 1505 2216 iurant

180 2249 256 2286 per
288 2237 426 2272 Deum.

129 2297 168 2329 ’55
244 2295 396 2330 Eorum
439 2302 563 2330 autem
610 2295 674 2343 qui
716 2295 847 2330 iurant
886 2308 963 2344 per
1007 2295 1193 2331 elementa
1241 2296 1605 2343 execrabiliorSuph
1627 2305 1716 2331 oaths
1739 2313 1790 2331 are

188 2359 243 2388 est
275 2352 466 2400 iniquitas.
519 2352 651 2388 Celum
698 2353 834 2388 etenim
879 2360 915 2389 et
954 2361 1103 2388 terram
1149 2360 1184 2388 et
1223 2361 1352 2390 cetera
1399 2354 1506 2390 Deus
1566 2339 1749 2367 molan-ons.

188 2411 239 2445 ad
291 2410 545 2446 ministerium
590 2410 662 2446 sibi
705 2411 852 2446 creavit
903 2424 976 2447 non
1030 2411 1247 2447 hominibus
1298 2412 1350 2447 ad
1402 2412 1505 2447 iura-

189 2474 371 2503 mentum.
417 2468 519 2504 Ecce
565 2468 662 2503 enim
708 2468 743 2503 in
785 2469 871 2518 lege
904 2469 1126 2517 precipitur
1164 2476 1204 2504 ut
1239 2481 1313 2518 per
1357 2470 1504 2505 nullum

189 2526 339 2561 iuretur
372 2525 444 2561 nisi
470 2538 545 2574 per
577 2526 716 2561 Deum.
770 2526 847 2570 Qui
890 2539 986 2576 ergo
1032 2527 1137 2561 iurat
1164 2539 1239 2575 per
1277 2528 1399 2563 celum
1440 2535 1506 2562 aut

128 2595 259 2632 4oper
297 2590 446 2619 terram
485 2590 551 2618 aut
587 2583 767 2632 quicquid
810 2584 909 2619 illud
952 2591 1006 2619 est
1034 2596 1110 2632 per
1142 2585 1244 2632 quod
1283 2585 1388 2620 iurat
1427 2585 1503 2621 dei-

178 2640 279 2690 ficat
322 2641 431 2676 illud.
486 2641 702 2689 Propterea
748 2641 973 2677 idolatriam
1009 2642 1115 2690 facit
1159 2642 1283 2678 omnis
1328 2643 1394 2691 qui
1431 2655 1506 2691 per

258 2806 279 2830 1,
301 2805 324 2824 2.
346 2798 384 2825 13:
407 2798 515 2825 iurare
534 2806 611 2825 eum.
685 2799 708 2826 5.
733 2799 770 2826 B:
791 2799 838 2826 vel
857 2799 951 2826 deest.
1026 2808 1068 2832 14.
1083 2800 1128 2827 A:
1144 2801 1175 2826 et
1187 2800 1284 2827 deest.
1359 2807 1406 2834 29.
1422 2800 1461 2827 B:
1479 2802 1509 2827 et

189 2831 283 2859 deest.
354 2841 404 2866 40.
426 2833 470 2860 A:
490 2841 527 2860 ac
545 2833 698 2868 quicquid.
782 2842 825 2867 41.
847 2835 890 2861 A:
911 2833 984 2861 Ideo
998 2834 1180 2868 ydolatram
1198 2843 1249 2868 se;
1268 2835 1308 2863 ib.
1327 2843 1387 2869 per
1408 2835 1502 2862 deest.
