2003 3322
222 195 309 223 cAP.
331 185 516 240 xxxvm]
705 197 918 229 SECUNDA
944 196 1077 228 PARS.

224 304 357 339 labore
389 304 516 338 divina
550 304 703 339 inventa
737 303 1019 352 contempserit.
1052 302 1128 346 Qui
1149 309 1275 337 autem
1300 302 1396 337 tales
1420 302 1543 344 docet,

223 362 414 409 quomodo
447 373 520 397 non
555 361 863 409 disrumpantur,
902 360 1143 410 indignando
1183 367 1218 395 et
1249 358 1545 402 stomachando,

223 431 295 455 non
341 418 462 454 video.
515 419 728 467 Utrumque
764 426 890 454 autem
929 418 1075 453 animal
1111 417 1350 452 immundum
1397 424 1464 461 est,
1509 424 1547 452 et

223 476 327 512 canis
367 484 402 512 et
435 488 593 525 porcus.
633 476 856 512 Cavendum
897 484 952 512 est
989 488 1101 525 ergo,
1141 488 1186 511 ne
1218 475 1309 523 quid
1340 474 1545 523 aperiatur

189 533 256 569 5ei
292 534 358 583 qui
393 546 466 570 non
506 534 627 582 capit;
670 534 805 569 melius
848 534 945 569 enim
979 533 1104 581 querit
1137 533 1238 581 quod
1269 533 1443 568 clausum
1477 539 1543 578 est,

222 603 334 639 quam
383 591 423 626 id
468 592 571 640 quod
613 599 791 640 apertum
837 599 892 626 est
935 598 1001 626 aut
1044 590 1212 639 infamat
1255 597 1321 625 aut
1361 589 1540 639 negligit.

223 649 354 698 Neque
391 648 489 684 enim
529 649 607 684 alia
647 661 763 685 causa
797 649 1007 697 reperitur,
1049 660 1121 684 cur
1152 660 1195 684 ea
1226 660 1298 697 que
1330 647 1541 695 manifesta

221 713 256 742 et
278 719 424 756 magna
455 713 556 753 sunt,
589 719 661 743 non
685 707 876 755 accipiant
893 713 1032 755 preter
1055 706 1185 742 odium
1209 712 1244 741 et
1267 712 1540 753 contemptum,

222 776 385 812 quorum
414 771 582 813 propter
614 777 728 800 unum
763 776 886 810 canes,
915 771 1084 813 propter
1111 764 1279 799 alterum
1308 763 1425 812 porci
1453 770 1542 798 sunt

167 831 205 852 10
221 822 418 857 nominati.
449 822 531 865 Que
552 828 679 858 tamen
704 822 826 858 omnis
849 821 1083 857 inmundicia
1107 833 1240 857 rerum
1265 820 1539 869 temporalium

221 880 476 916 delectacione
520 880 753 929 concipitur,
806 880 846 915 id
897 887 962 926 est,
1017 879 1275 915 delectacione
1325 878 1542 914 seductrice

219 937 330 973 huius
361 938 492 983 seculi,
530 938 590 973 cui
621 938 796 973 iubemur
829 937 1070 980 renunciare,
1113 944 1152 975 ut
1185 936 1320 972 mundi
1345 936 1541 985 possimus

219 1007 310 1032 esse.
352 995 428 1039 Qui
457 995 582 1045 igitur
611 996 782 1044 simplex
813 1003 848 1031 et
880 996 1064 1031 mundum
1105 1007 1175 1030 cor
1207 994 1351 1030 habere
1381 993 1539 1043 appetit,

218 1065 291 1089 non
331 1053 439 1088 debet
474 1053 547 1089 sibi
583 1065 671 1089 reus
705 1053 841 1099 videri,
882 1053 916 1088 si
951 1052 1099 1101 aliquid
1137 1052 1306 1088 occultat
1344 1053 1445 1100 quod
1476 1051 1541 1086 ille

167 1111 281 1146 15cui
311 1111 478 1146 occultat
515 1123 657 1160 capere
695 1124 767 1147 non
797 1118 933 1160 potest.
977 1111 1060 1146 Nec
1098 1121 1149 1146 ex
1187 1122 1229 1146 eo
1262 1110 1537 1145 arbitrandum

219 1175 274 1203 est
297 1168 413 1204 licere
435 1169 610 1204 mentiri:
644 1169 729 1205 Non
753 1169 850 1204 enim
875 1175 930 1204 est
954 1180 1197 1216 consequens,
1230 1175 1271 1203 ut
1293 1180 1377 1203 cum
1404 1180 1537 1203 verum

222 1226 450 1271 occultatur,
482 1227 637 1274 salsum
673 1227 836 1263 dicatur.
877 1226 1087 1276 Agendum
1120 1238 1218 1276 ergo
1258 1233 1315 1261 est
1348 1225 1536 1274 primum,

219 1290 259 1318 ut
282 1284 552 1333 impedimenta
578 1285 849 1331 detrahantur,
880 1284 1014 1333 quibus
1036 1283 1207 1333 efficitur
1229 1290 1268 1319 ut
1291 1295 1364 1319 non
1388 1283 1537 1331 capiat:

217 1341 304 1389 quia
338 1342 464 1390 utique
494 1342 529 1377 si
552 1350 719 1391 propter
749 1343 885 1378 sordes
908 1342 1041 1390 quibus
1064 1341 1278 1377 involvitur
1299 1353 1372 1377 non
1402 1340 1504 1389 capit
1529 1337 1533 1393 Ι

140 1398 173 1414 '²¹
217 1400 461 1435 mundandus
475 1407 531 1435 est
546 1400 606 1435 vel
620 1412 735 1449 opere
752 1400 812 1435 vel
826 1399 1239 1449 verbo,quantumfieri
1251 1398 1532 1447 anobispotest.

92 1400 153 1441 39³

1756 188 1831 224 385

281 1457 395 1500 Quod
444 1465 570 1493 autem
615 1458 808 1494 Dominus
859 1465 895 1493 et
945 1457 1137 1508 magister
1188 1464 1318 1493 noster
1369 1457 1531 1504 quedam
1561 1458 1667 1486 Christ
1688 1460 1740 1487 did
1764 1466 1817 1488 not

218 1514 362 1551 dixisse
400 1515 604 1562 invenitur,
650 1528 720 1564 que
763 1515 875 1551 multi
912 1516 976 1564 qui
1011 1516 1178 1551 aderant
1221 1515 1282 1551 vel
1320 1514 1531 1550 resistendo
1547 1528 1582 1555 he

219 1572 279 1607 vel
330 1574 632 1622 contempnendo
684 1586 757 1609 non
809 1580 1053 1622 acceperunt,
1106 1585 1178 1609 non
1227 1573 1426 1621 putandus
1477 1580 1533 1608 est
1582 1568 1613 1590 ⁰¹

216 1637 390 1669 sanctum
421 1631 517 1666 dare
544 1631 700 1667 canibus
728 1639 795 1667 aut
822 1631 1067 1682 margaritas
1095 1631 1243 1667 misisse
1264 1637 1352 1666 ante
1367 1642 1532 1678 porcos:

161 1689 200 1719 25
217 1687 303 1723 Non
336 1689 435 1724 enim
468 1688 520 1724 eis
553 1689 658 1724 dedit
689 1690 754 1737 qui
783 1701 923 1738 capere
954 1701 1027 1725 non
1056 1695 1254 1737 poterant,
1286 1689 1354 1724 sed
1386 1688 1439 1723 eis
1469 1687 1534 1737 qui

211 1753 394 1793 poterant
426 1753 461 1781 et
490 1747 607 1782 simul
637 1748 825 1791 aderant;
862 1759 955 1795 quos
982 1753 1150 1796 propter
1181 1746 1347 1782 aliorum
1382 1746 1530 1781 inmun-

217 1803 354 1839 diciam
394 1804 546 1854 negligi
581 1817 654 1841 non
693 1805 906 1853 oportebat.
948 1804 1001 1839 Et
1040 1816 1124 1840 cum
1165 1816 1249 1840 eum
1283 1811 1535 1852 temptatores

216 1861 526 1911 interrogabant,
556 1863 703 1898 solebat
736 1863 788 1898 eis
821 1863 1071 1911 respondere,
1104 1862 1156 1897 ita
1190 1869 1229 1897 ut
1256 1862 1349 1910 quid
1378 1869 1533 1898 contra-

216 1919 385 1954 dicerent
406 1932 479 1955 non
503 1920 698 1966 haberent,
732 1920 907 1968 quamvis
935 1920 1086 1956 venenis
1115 1920 1194 1956 suis
1223 1920 1534 1955 contabescerent

160 1977 360 2025 30pocius,
406 1989 518 2026 quam
563 1978 644 2014 cibo
690 1978 793 2014 illius
843 1985 1141 2014 saturarentur:
1192 1977 1261 2012 alii
1302 1984 1429 2013 tamen
1473 1976 1536 2025 qui

210 2042 392 2083 poterant
451 2047 590 2084 capere
647 2047 698 2071 ex
748 2036 905 2072 illorum
965 2035 1164 2072 occasione
1215 2035 1336 2070 multa
1388 2034 1534 2070 utiliter

215 2093 414 2141 capiebant
452 2093 513 2128 vel
549 2093 767 2129 audiebant.
813 2094 901 2129 Hoc
934 2093 1031 2140 dixi,
1076 2105 1121 2129 ne
1159 2092 1241 2141 quis
1271 2093 1399 2141 forte,
1446 2105 1531 2128 cum

214 2150 479 2200 interroganti
515 2152 752 2199 respondere
790 2164 863 2187 non
898 2151 1086 2199 potuerit,
1126 2151 1196 2186 hac
1235 2150 1426 2186 sentencia
1459 2150 1533 2186 sibi

215 2215 425 2244 excusatus
477 2209 670 2253 videatur,
720 2209 755 2244 si
807 2209 908 2244 dicat
959 2221 1000 2244 se
1051 2208 1153 2244 nolle
1205 2216 1380 2244 sanctum
1436 2209 1533 2243 dare

159 2263 199 2297 35
215 2265 382 2308 canibus,
422 2266 483 2301 vel
520 2274 608 2302 aute
641 2279 786 2315 porcos
824 2267 977 2302 mittere
1018 2266 1272 2316 margaritas.
1326 2266 1403 2310 Qui
1433 2266 1530 2301 enim

215 2323 320 2358 novit
342 2323 433 2371 quid
462 2325 707 2373 respondeat,
741 2324 850 2360 debet
881 2325 1129 2373 respondere,
1163 2324 1224 2360 vel
1247 2331 1414 2373 propter
1434 2323 1533 2359 alios

212 2381 347 2429 quibus
386 2382 611 2430 desperacio
649 2382 906 2429 suboriretur,
946 2382 982 2418 si
1023 2382 1255 2430 questionem
1284 2381 1530 2430 propositam

214 2438 314 2474 solvi
343 2450 417 2474 non
445 2451 561 2487 posse
592 2440 855 2476 crediderunt.
890 2440 943 2475 Et
974 2441 1045 2475 hoc
1078 2440 1124 2476 de
1163 2440 1277 2475 rebus
1310 2439 1465 2475 utilibus
1496 2446 1532 2474 et

213 2496 265 2531 ad
309 2496 603 2532 instruccionem
641 2498 779 2534 salutis
811 2498 1104 2546 pertinentibus.
1149 2497 1276 2533 Multa
1314 2504 1401 2533 sunt
1433 2497 1530 2532 enim

154 2562 283 2602 40que
319 2553 462 2602 inquiri
502 2555 548 2590 ab
593 2555 729 2591 ociosis
761 2563 926 2604 possunt
969 2567 1211 2605 supervacua
1257 2562 1292 2591 et
1330 2554 1457 2590 inania
1497 2561 1532 2589 et

283 2712 310 2738 7.
330 2705 359 2731 A
377 2704 409 2732 in
430 2713 544 2740 marg:
566 2705 660 2733 Nota.
770 2705 795 2733 8.
819 2706 861 2733 A:
896 2706 1102 2742 accipiantur.
1212 2714 1249 2740 17.
1272 2706 1315 2733 A:
1342 2704 1402 2731 sibi
1412 2704 1528 2739 primo.

215 2746 253 2766 21.
274 2740 318 2766 A:
340 2742 369 2766 et
387 2740 540 2775 magister
560 2741 655 2767 deest.
723 2741 769 2768 26.
790 2741 834 2768 A:
855 2748 925 2776 quo.
999 2748 1014 2768 2
1039 2742 1103 2768 .A:
1125 2748 1191 2767 cum
1205 2748 1240 2767 eo
1324 2738 1371 2767 28.
1387 2740 1431 2766 A:
1448 2739 1532 2774 quod

214 2774 306 2800 deest.
401 2773 444 2801 32.
466 2776 510 2801 A:
531 2775 693 2809 capiebant
711 2776 759 2802 vel
777 2775 870 2802 deest.
954 2773 997 2802 33.
1051 2784 1057 2801 t
1079 2776 1133 2802 hec
1151 2774 1330 2807 sentencia;
1349 2774 1390 2801 ib.
1413 2774 1451 2800 B:
1472 2774 1533 2800 sibi

215 2808 310 2835 deest.
384 2807 424 2835 35.
446 2811 475 2836 A
494 2809 524 2836 in
546 2817 660 2844 marg:
681 2808 774 2836 Nota.
847 2818 897 2843 40.
918 2810 962 2837 A:
985 2810 1105 2845 inquiri
1122 2810 1160 2836 de
1179 2810 1294 2836 occisis.

1350 2857 1390 2889 25

1577 1494 1704 1529 deprive
1725 1500 1791 1522 true

1586 1537 1670 1556 arers
1698 1529 1826 1557 because

1619 1564 1688 1591 hers
1710 1573 1790 1591 were

1617 1603 1753 1633 present.
