2003 3322
166 199 256 227 CAP.
277 189 342 243 Li]
639 200 850 232 SECUNDA
876 200 1002 230 PARS.

173 308 351 344 Christus
409 307 600 343 mirabzlia
654 313 823 355 propter
879 305 1215 355 confirmacionem
1268 304 1476 354 infidelzum

157 366 346 415 faczerat
386 377 458 401 non
486 372 655 413 propter
686 365 789 413 ipsos
819 376 914 412 quos
950 364 1113 399 sanabat
1157 363 1279 412 (ipsos
1311 363 1409 398 enim
1442 375 1478 397 zn

156 424 243 473 fide
273 435 417 459 sanare
442 429 613 471 poterat,
653 434 725 458 non
763 423 799 458 in
831 422 976 472 szgno),
1017 421 1266 469 manzfestum
1299 428 1355 456 est
1392 420 1478 468 quia

168 481 282 517 modo
320 493 405 516 cum
438 480 566 516 nullus
597 480 647 516 sit
684 479 863 529 infidelis,
884 480 1163 528 faciendorum
1198 478 1478 514 miraculorum

135 539 375 578 5necessitas
407 550 480 574 non
512 545 588 582 est;
626 549 723 587 ergo
755 538 789 573 si
820 537 951 572 inutile
971 537 1120 585 fecerit
1150 536 1319 586 signum,
1343 536 1479 584 falsus

168 604 224 633 est
250 596 458 645 propheta,
490 596 577 644 quia
611 608 684 631 non
708 595 814 643 facit
845 602 885 630 ut
916 595 1034 630 alium
1068 594 1217 644 edificet
1248 594 1283 629 in
1296 593 1383 643 fide
1412 594 1481 629 sed

168 662 207 690 ut
238 666 279 690 se
310 653 486 690 ostendat
517 653 553 688 in
587 665 716 701 opere.
751 654 834 689 Hec
868 652 1152 688 Crisostomus.

226 713 280 747 Ex
324 711 408 747 istis
446 710 575 747 verbis
620 710 736 746 huius
775 709 902 747 sancti
941 719 1052 758 patet
1084 711 1191 757 quod
1232 709 1403 745 fideliter
1444 717 1481 744 et

167 769 319 805 utiliter
341 768 521 816 exposuit
544 769 646 805 hanc
669 768 910 816 scripturam
934 780 1060 816 usque
1083 769 1132 803 ad
1156 767 1479 803 fundamentum.

115 829 210 865 xoln
255 839 300 863 ea
344 835 456 862 notat
495 826 600 862 enirn
641 826 774 873 primo
814 825 1123 873 grammaticam
1158 826 1205 861 de
1238 824 1480 869 attencione,

168 885 373 932 quomodo
401 897 522 932 supra
551 883 772 932 simplicem
807 883 1104 931 inspeccionem
1129 882 1225 919 dicit
1248 882 1481 930 diligentem

169 952 206 978 et
250 942 459 990 providam
506 942 788 989 intuicionem3
835 950 871 977 et
915 941 970 977 sic
1014 941 1170 978 videtur
1209 942 1289 977 duo
1334 940 1480 986 dicere,

169 1000 322 1036 scilicet
366 1001 471 1036 hanc
514 1001 755 1047 prudentem
801 998 1073 1035 attencionem
1123 1008 1160 1035 et
1204 999 1338 1046 fugam
1387 997 1481 1034 mali

170 1066 260 1105 post
311 1066 543 1105 perceptam
598 1057 815 1102 maliciam,
870 1066 907 1093 et
951 1065 1046 1092 tunc
1100 1056 1346 1092 construitur
1391 1068 1481 1092 cum

116 1115 356 1165 15ablativo‚
389 1125 432 1151 ut
464 1115 504 1151 in
537 1115 760 1163 proposito,
794 1116 862 1151 sed
894 1114 1027 1163 primo
1061 1116 1181 1151 modo
1205 1127 1295 1150 cum
1320 1126 1483 1150 accusa-

169 1173 263 1219 tivo,
324 1182 367 1209 ut
404 1174 569 1214 Psalmo
622 1174 804 1219 LXXVII,
862 1186 893 1209 1:
948 1173 1142 1209 Attendite
1185 1173 1329 1222 popule
1378 1184 1484 1207 meus

170 1232 295 1282 Iegem
328 1243 466 1269 meam.
501 1233 617 1268 Unde
651 1230 840 1267 metricus

308 1289 478 1337 Percipit
510 1290 721 1335 attendens,
755 1289 919 1324 attendit
951 1289 1065 1324 homo
1089 1288 1341 1338 fugiensque.

169 1348 217 1382 Et
254 1346 356 1383 sicut
393 1346 466 1382 iste
504 1356 665 1383 sanctus
698 1346 870 1394 exponit,
905 1345 1086 1383 Christus
1119 1345 1362 1382 omnisciens
1395 1357 1483 1392 pre-

113 1423 154 1443 20
170 1403 275 1452 cepit
306 1417 374 1440 sue
408 1405 572 1440 ecclesie
612 1404 824 1452 diligenter
867 1416 1005 1440 cavere
1045 1416 1067 1440 a
1109 1403 1217 1440 falsis
1259 1402 1480 1451 prophetis,

169 1474 269 1510 quos
291 1461 403 1499 scivit
432 1462 473 1498 in
505 1475 577 1498 sua
610 1462 777 1499 ecclesia
810 1474 1076 1498 successuros.
1110 1464 1192 1497 Nec
1226 1460 1405 1506 dubium,
1440 1469 1482 1496 ut

169 1519 286 1556 litera
326 1520 475 1556 Christi
519 1529 635 1556 sonat
680 1529 718 1557 et
762 1520 836 1556 iste
874 1528 1036 1556 sanctus
1076 1519 1249 1567 exponit,
1295 1518 1484 1566 intelligit

170 1590 241 1625 per
278 1577 375 1614 istos
414 1578 534 1614 falsos
572 1579 790 1626 prophetas
831 1578 926 1614 istas
959 1586 1088 1614 sectas
1121 1585 1294 1625 quatuor
1326 1589 1403 1625 que
1436 1578 1483 1612 de

171 1648 212 1671 se
242 1635 451 1672 verificant
482 1637 603 1672 verba
636 1635 797 1672 Christi.
832 1637 966 1683 Opera
999 1634 1105 1672 enim
1138 1634 1301 1671 illorum
1335 1643 1372 1671 et
1403 1634 1484 1670 vita

114 1701 154 1734 25
170 1701 368 1730 testantur
414 1694 523 1742 quod
571 1694 752 1731 Christus
798 1694 845 1729 de
888 1693 965 1729 illis
1008 1694 1321 1741 prophetaverat
1363 1693 1484 1728 verba

171 1750 259 1788 ista.
294 1753 394 1788 Cum
429 1751 535 1787 enim
569 1751 750 1788 Christus
789 1751 839 1787 sit
871 1751 1125 1797 omnisciens,
1167 1750 1354 1798 cognovit
1386 1752 1485 1786 tales

170 1809 285 1857 lupos
330 1808 581 1857 dispersuros
620 1822 712 1846 oves
749 1810 904 1846 futuros
942 1809 982 1845 in
1021 1808 1201 1845 ecclesia.
1248 1809 1349 1845 Cum
1390 1820 1484 1855 ergo

171 1866 325 1903 faciunt
362 1875 520 1903 tantum
559 1868 709 1904 malum
748 1866 790 1903 in
829 1866 976 1904 Christi
1015 1867 1156 1903 ovibus
1201 1874 1238 1902 et
1278 1867 1327 1902 de
1364 1865 1483 1901 nullis

172 1924 261 1961 aliis
301 1924 426 1972 magis
467 1924 698 1962 verificatur
728 1924 950 1973 prophecia
982 1923 1159 1974 Domini,
1200 1923 1289 1972 quis
1321 1931 1485 1971 negaret

115 1991 157 2023 30
172 1983 244 2018 hec
281 1984 401 2019 verba
435 1982 582 2019 Christi
620 1982 697 2019 illis
736 1992 968 2031 competere
1007 1991 1076 2019 aut
1114 1983 1223 2030 quod
1256 1981 1485 2030 specialiter

172 2041 220 2076 de
252 2040 329 2076 illis
361 2040 556 2077 Dominus
588 2041 866 2089 prophetavit?

706 2211 846 2253 CAP.
876 2210 951 2251 LI.

1506 1359 1574 1387 The
1594 1360 1664 1387 four
1684 1363 1764 1386 sects

1526 1402 1576 1421 are
1597 1395 1647 1421 the
1668 1394 1745 1421 false

1556 1429 1715 1464 prophets.

230 2307 321 2342 Non
358 2318 572 2354 possumus
611 2315 746 2343 autem
785 2306 922 2343 omnia
962 2308 1084 2343 verba
1121 2305 1233 2342 istius
1265 2305 1393 2342 sancti
1425 2316 1776 2355 ex-T11ewarn1ng1s

174 2376 323 2411 ponere
361 2377 437 2412 que
476 2365 610 2412 quoad
650 2363 1030 2412 interpretacionem
1069 2364 1182 2400 istius
1219 2362 1328 2400 verbi
1370 2376 1487 2400 evan-

118 2429 158 2462 35
175 2421 289 2469 gelici
321 2421 499 2470 loquitur
530 2421 746 2470 sapienter,
779 2424 849 2458 sed
881 2423 1054 2471 quedam
1084 2430 1175 2458 sunt
1196 2430 1364 2470 propter
1395 2422 1487 2457 sub-

174 2478 360 2515 tilitatem
395 2480 562 2517 materie
592 2481 916 2518 transcurrenda.
951 2479 1086 2516 Primo
1110 2479 1272 2528 quidem
1301 2487 1411 2527 patet
1443 2490 1487 2515 ex

175 2549 294 2573 sensu
334 2538 548 2574 verborum
593 2537 755 2575 Domini
795 2539 903 2586 quod
940 2537 1119 2586 loquitur
1157 2538 1204 2573 de
1242 2536 1351 2573 falsis
1394 2549 1487 2584 pro-

176 2594 305 2642 phetis
348 2595 491 2631 futuris
535 2595 575 2631 in
619 2595 788 2633 ecclesia
831 2595 1041 2641 militante,
1087 2597 1182 2631 dum
1228 2595 1393 2631 mandat
1437 2594 1486 2630 ab

250 2780 277 2808 8.
298 2781 327 2808 A
347 2780 377 2808 in
398 2789 512 2815 marg:
532 2775 702 2808 Joha‘nnes.
793 2780 831 2808 18.
853 2780 907 2808 AB
927 2780 957 2808 in
979 2788 1091 2815 marg-2
1117 2779 1238 2808 Versus.
1350 2778 1393 2807 32.
1415 2779 1436 2806 Β
1456 2779 1487 2807 in

180 2823 295 2850 marg:
316 2815 372 2849 48.
445 2815 491 2843 36.
512 2817 541 2843 A
560 2816 591 2843 in
612 2823 727 2850 marg:
749 2823 772 2842 ι.

1512 2352 1625 2391 clearly
1645 2351 1766 2386 against

1540 2387 1641 2414 future
1660 2386 1735 2414 false

1562 2421 1721 2456 prophets.
