2003 3322
215 223 304 250 CAI’.
324 213 395 267 ιν]
697 224 910 255 SECUNDA
937 224 1063 255 PARs.
1739 214 1813 250 251

215 331 386 378 pulsare,
420 343 556 377 ymmo
590 329 767 378 quelibet
800 330 911 374 hora,
946 342 1036 365 cum
1073 331 1178 364 Deus
1212 327 1261 364 sit
1294 328 1530 365 universalis
1579 335 1691 375 ,which
1713 344 1787 371 vary

214 388 400 424 dominus
427 387 634 435 temporis,
669 396 725 423 est
748 387 861 423 valde
894 387 1097 423 sufficiens
1130 387 1180 422 ad
1205 388 1333 422 Deum
1362 387 1531 423 laudan-
1547 371 1816 433 ffiffcssffifffffffss

214 447 308 481 dum
349 447 469 482 corde
513 445 699 492 simplici,
745 453 783 480 et
827 444 1056 492 specialiter
1103 445 1202 480 hora
1250 443 1328 480 diei
1373 444 1412 480 in
1452 457 1531 492 qua

213 505 357 539 devoto
390 503 591 539 auditorio
625 502 772 550 poterit
805 503 894 550 plus
917 504 1107 550 prodesse
1131 501 1239 537 iuxta
1261 501 1358 537 illud
1384 501 1533 538 Psalmi

180 562 308 606 5L1V,
342 573 406 608 17:
450 561 623 609 Vespere,
657 572 768 595 mane
799 567 834 595 et
866 560 1027 596 meridie
1057 559 1316 604 annunciabo;
1348 568 1385 595 et
1417 559 1531 596 alibi:

212 619 444 654 Benedicam
478 619 687 654 Dominum
726 618 762 653 in
796 618 900 653 omni
931 625 1124 666 tempore;
1154 629 1306 666 semper
1337 618 1422 653 laus
1454 618 1533 653 eius

213 676 248 710 in
272 688 339 711 ore
361 688 456 712 meo.
493 675 660 723 Expedit
683 687 776 723 ergo
801 676 910 723 quod
934 675 1102 723 Spiritui
1126 677 1273 711 Sancto
1297 675 1434 711 oracio
1458 688 1532 723 pro

213 746 455 782 quocunque
490 732 699 769 meritorio
732 745 853 780 opere
887 732 1034 769 dicitur
1067 741 1104 769 et
1136 732 1327 769 oracione
1361 734 1461 769 duce
1492 732 1532 768 in

214 791 347 827 medio
393 791 522 827 noctis
567 803 728 839 surgere
774 792 824 826 ad
864 791 1117 838 psallendum
1158 798 1196 826 et
1236 791 1394 838 expedit
1433 790 1531 826 alias

162 864 198 883 10
214 848 340 896 ipsam
366 857 461 885 tune
485 849 679 896 temporis
703 848 884 884 reticere.
921 849 1013 884 Ideo
1037 848 1132 896 quia
1155 848 1231 884 ista
1254 848 1359 884 trahi
1384 849 1532 884 debent

214 906 254 942 in
302 906 652 954 consequenciam,
701 906 858 942 videtur
903 914 1044 942 nature
1090 914 1126 942 et
1175 907 1324 942 Sancto
1365 906 1531 954 Spiritui

215 976 451 1012 repugnare,
487 973 524 1000 et
557 963 662 1000 idem
697 963 871 1011 reperies
904 963 945 999 in
977 963 1064 999 aliis
1090 963 1372 1011 religiosorum
1396 966 1531 1000 obser-

213 1022 362 1057 vanciis
395 1021 631 1070 regulariter
664 1021 886 1057 custoditis.

271 1079 517 1127 Augustinus
551 1088 683 1115 autem
719 1081 791 1115 sub
825 1079 900 1115 hiis
933 1079 1062 1115 verbis
1087 1078 1346 1127 prosequitur
1369 1091 1528 1114 sensum
1589 1089 1775 1126 Angustiae.

162 1142 197 1173 15
214 1145 361 1173 textus:
403 1138 453 1173 Te
483 1145 609 1173 autem
632 1137 807 1185 faciente
839 1137 1085 1173 elemosinam
1120 1137 1263 1173 nesciat
1285 1137 1441 1173 sinistra
1466 1144 1530 1172 tua
1555 1122 1630 1185 {J}
1651 1124 1703 1184 ἐξὲξ
1723 1123 1812 1186 ἓξὲξ]

95 1198 175 1232 ‘381a
214 1195 304 1242 quid
332 1193 485 1246 lfaciat
509 1196 671 1230 dextera
696 1203 772 1230 tua.
808 1195 860 1240 Si,
891 1194 1033 1242 inquit⁷
1067 1195 1307 1231 intellexeris
1328 1195 1526 1230 sinistram
1553 1193 1727 1254 unbeli‘giien
1752 1228 1759 1240 ‚
1779 1236 1815 1255 or

214 1252 386 1302 infideles
431 1253 518 1299 dici,
564 1253 756 1288 videbitur
799 1253 903 1288 nulla
948 1265 1030 1289 esse
1068 1253 1180 1302 culpa
1220 1253 1381 1302 placere
1433 1253 1529 1288 velle
1576 1236 1796 1299 ‘ourener1g1y’‚

202 1310 402 1359 fidelibus,
442 1323 526 1346 cum
555 1323 723 1359 prorsus
756 1311 1024 1346 nichilominus
1053 1311 1088 1346 in
1120 1311 1376 1359 quorumlibet
1408 1311 1529 1346 homi-

215 1381 303 1403 num
358 1369 472 1404 laude
512 1370 694 1417 fructum
748 1376 782 1404 et
814 1369 938 1417 finem
984 1369 1073 1404 boni
1118 1369 1246 1417 operis
1298 1368 1530 1404 constituere

158 1426 503 1475 zoprohibeamur.
545 1427 660 1470 Quod
690 1433 817 1462 autem
851 1427 902 1461 ad
934 1426 973 1461 id
999 1427 1168 1475 pertinet
1201 1433 1240 1462 ut
1262 1434 1297 1462 te
1320 1426 1530 1473 imitentur,

215 1484 348 1532 quibus
394 1492 498 1519 recta
533 1484 649 1532 facta
693 1491 757 1519 tua
793 1483 1014 1532 placuerint
1054 1497 1126 1520 non
1166 1491 1313 1520 tantum
1343 1484 1531 1534 fidelibus

215 1543 284 1577 sed
324 1541 442 1577 eciam
477 1542 691 1591 infidelibus
724 1542 981 1577 exhibendum
1015 1550 1082 1588 est,
1116 1549 1154 1577 ut
1188 1542 1391 1578 laudantes
1424 1542 1531 1577 bonis

215 1600 393 1648 operibus
431 1600 571 1635 nostris
610 1600 736 1636 Deum
776 1600 965 1635 honorent
1003 1607 1037 1635 et
1076 1599 1228 1636 veniant
1265 1601 1316 1635 ad
1353 1600 1527 1635 salutem.

216 1657 259 1692 Si
288 1664 414 1692 autem
446 1657 645 1693 sinistram
678 1658 870 1693 inimicum
899 1658 1116 1706 putaveris,
1151 1665 1189 1693 ut
1218 1658 1363 1693 scilicet
1386 1658 1530 1693 nesciat

159 1719 198 1751 25
216 1715 390 1751 inimicus
423 1722 520 1762 tuus,
555 1727 639 1750 cum
679 1715 925 1751 elemosinam
956 1715 1078 1763 facis,
1124 1728 1194 1751 cur
1231 1716 1311 1764 ipse
1355 1716 1529 1751 dominus

215 1772 376 1809 inimicis
420 1773 498 1808 suis
540 1773 672 1809 Judeis
715 1774 1053 1809 circumstantibus
1092 1780 1126 1809 et
1160 1781 1342 1822 potenter
1379 1773 1529 1809 miseri-

215 1830 389 1866 corditer
425 1831 587 1866 saciavit
625 1831 825 1867 homines?
869 1843 938 1866 cur
976 1832 1175 1880 apostolus
1215 1832 1356 1867 Petrus
1393 1838 1530 1867 sanato

214 1900 257 1924 eo
309 1900 418 1936 quem
464 1889 515 1924 ad
556 1896 714 1937 portam
759 1888 971 1937 speciosam
1018 1889 1180 1925 debilem
1226 1889 1432 1925 miseratus
1476 1896 1531 1925 est

214 1946 334 1981 eciam
366 1946 448 1982 iras
480 1946 723 1982 inimicorum
757 1947 792 1982 in
825 1959 865 1982 se
896 1954 931 1981 et
963 1947 999 1981 in
1029 1944 1126 1983 alios
1153 1947 1301 1983 Christi
1323 1947 1531 1995 discipulos

159 2004 393 2052 3opertulit.·
444 2004 596 2040 Deinde
647 2005 682 2040 si
724 2017 797 2040 non
845 2012 996 2053 oportet
1040 2005 1140 2041 scire
1184 2004 1392 2051 inimicum,
1444 2017 1530 2040 cum

215 2061 460 2097 elemosinam
475 2062 689 2110 faciamus,
722 2062 911 2110 quomodo
935 2074 1019 2097 cum
1050 2063 1131 2111 ipso
1161 2062 1312 2098 inimico
1333 2062 1531 2110 faciemus

216 2126 255 2154 ut
287 2119 385 2154 illud
417 2120 645 2168 impleamus
664 2127 913 2168 preceptum:
945 2121 988 2155 Si
1019 2120 1198 2156 esurierit
1230 2120 1406 2156 inimicus
1429 2127 1529 2166 tuus,

215 2177 297 2212 ciba
330 2177 450 2220 illum,
483 2184 519 2212 et
550 2177 584 2213 si
612 2177 770 2224 sicierit,
797 2185 892 2226 pota
925 2178 1066 2213 illum?

279 2235 413 2270 Tercia
463 2235 560 2271 solet
611 2247 692 2271 esse
735 2236 950 2270 carnalium
1000 2236 1127 2284 opinio
1165 2243 1243 2271 tarn
1283 2235 1455 2271 absurda
1495 2242 1529 2270 et
1586 2252 1643 2271 nor
1663 2244 1738 2271 does
1758 2245 1781 2272 it

159 2297 198 2329 35
216 2293 394 2338 ridenda,
428 2299 467 2328 ut
500 2305 571 2328 non
605 2306 687 2328 eam
722 2305 1068 2329 commemorarem
1103 2293 1177 2329 nisi
1196 2301 1383 2342 expertus
1406 2305 1528 2329 essem
1598 2280 1769 2342 mssstessfhe

216 2362 287 2385 non
315 2362 463 2399 paucos
494 2362 536 2386 eo
569 2362 707 2386 errore
729 2351 903 2397 detineri,
936 2351 1001 2399 qui
1031 2351 1162 2387 dicunt
1194 2351 1344 2387 nomine
1375 2351 1530 2386 sinistre

215 2419 377 2444 uxorem
422 2408 589 2458 signari,
640 2416 679 2443 ut
716 2409 893 2457 quoniam
933 2409 969 2444 in
1009 2421 1051 2444 re
1077 2409 1280 2457 familiari
1317 2409 1529 2445 tenaciores

283 2564 307 2592 5.
328 2566 372 2593 A:
393 2564 480 2605 LVlI.
514 2600 518 2604 .
598 2573 624 2599 7.
646 2565 878 2605 Codd.:.quod
898 2565 991 2605 deest.
1017 2565 1146 2593 Addidi.
1262 2574 1303 2593 ιο.
1331 2565 1370 2592 B:
1393 2566 1530 2606 primum

214 2603 284 2637 tunc
314 2603 482 2640 tempoer
512 2600 553 2627 lb.
584 2600 622 2627 B:
656 2600 739 2639 quod
770 2603 828 2627 zsta
858 2601 944 2627 trahi
973 2600 1091 2639 debent.
1139 2635 1144 2639 .
1200 2600 1238 2628 15.
1270 2602 1315 2628 A:
1346 2608 1410 2628 non
1441 2604 1528 2641 segal.

214 2635 485 2697 {35m⁴{·³n·u}.m²⁸²2‘31
505 2670 551 2696 A:
572 2634 881 2705 {attentasti-1:
901 2634 997 2697 Αάἒὲῐ
1018 2634 1274 2705 {timul-ff·
1299 2637 1343 2663 Α·
1373 2643 1439 2663 “²⁰⁷²
1465 2644 1530 2671 '²⁷⁸⁶'

283 2739 314 2772 6.
354 2741 407 2773 Ps.
440 2741 588 2780 XXXIII,
626 2751 652 2772 1.
768 2751 817 2782 14.
856 2742 908 2773 De
946 2752 1108 2775 sermone
1145 2742 1287 2773 Domini
1326 2743 1361 2773 in
1398 2749 1529 2781 monte,

215 2786 237 2818 l.
263 2798 292 2818 c.
318 2798 350 2828 p.
379 2797 455 2818 202.
544 2788 595 2820 15.
621 2787 739 2819 Matth.
766 2788 822 2828 VI,
851 2789 881 2820 3.
968 2797 1021 2830 27.
1047 2789 1122 2819 Act.
1149 2788 1202 2828 III,
1230 2798 1260 2820 2.
1347 2789 1399 2821 32.
1427 2789 1530 2820 Prov.

213 2833 320 2874 XXV,
348 2843 407 2874 215
433 2834 536 2865 Rom.
563 2834 632 2874 XII⁷
661 2844 714 2865 20.
