2003 3322
223 183 311 210 cAp.
332 173 414 227 ω]
688 184 898 217 SECUNDA
926 184 1051 216 PARS.

221 292 406 327 abhorret
432 290 610 340 prolacio
642 291 703 326 sui
732 291 933 336 sermonis,
985 291 1190 326 secundum
1226 302 1337 338 quam
1381 292 1529 341 signifi-

220 349 404 385 cationem
437 349 643 397 Apostolus
688 348 808 384 dixit.-
851 348 974 384 Nemo
1001 355 1129 397 potest
1161 348 1289 384 dicere
1321 349 1529 385 Dominum

217 407 344 442 Jesum
391 406 463 442 nisi
500 407 534 441 in
569 406 715 455 Spiritu
749 407 901 441 Sancto.
948 406 1000 441 Et
1033 406 1130 441 illud
1161 406 1213 440 ad
1246 418 1325 442 rem
1361 407 1532 443 maxime

213 465 395 512 pertinet,
428 477 473 500 ne
505 464 745 512 decipiamur
776 464 972 499 tendentes
1010 464 1061 499 ad
1094 463 1321 499 luminosam
1365 472 1530 500 contem-

185 522 427 570 5placionem
463 521 649 567 veritatis,
682 534 754 557 non
777 522 900 557 solum
925 521 1074 557 nomine
1102 521 1190 557 Jesu
1220 521 1367 557 Christi
1389 522 1534 557 domini

218 580 342 615 nostri
366 592 441 628 per
463 591 526 615 eos
548 579 611 627 qui
642 591 775 615 nomen
799 579 937 614 liabent
971 586 1005 614 et
1028 579 1145 627 facta
1179 591 1251 614 non
1284 579 1439 625 habent,
1462 581 1530 615 sed

217 637 334 673 eciam
375 637 599 685 quibusdam
633 637 758 685 factis
800 644 911 685 atque
954 637 1167 683 miraculis,
1202 637 1330 685 qualia
1363 645 1531 686 propter

216 694 399 744 infideles,
438 707 521 730 cum
547 695 694 743 fecerit
732 695 934 740 Dominus,
974 694 1119 730 monuit
1150 701 1275 730 tamen
1315 707 1360 730 ne
1391 696 1531 730 talibus

216 752 455 801 decipiamur
500 753 736 788 arbitrantes
778 752 830 788 ibi
879 764 959 788 esse
1002 752 1228 788 invisibilem
1281 752 1527 801 sapienciam,

162 810 278 849 10ubi
309 810 454 846 visibile
486 811 715 846 miraculum
750 810 980 855 viderimus,·
1020 810 1199 860 adiungit
1232 810 1380 846 dicens:
1412 811 1531 846 Multi

215 868 338 903 dicent
373 868 466 903 milii
497 869 531 903 in
565 868 633 903 illa
666 868 726 904 die
758 875 825 903 etc.
864 869 945 904 Hec
978 867 1237 915 Augustinus,

270 923 448 962 Videtur
492 927 595 962 hunc
640 934 822 962 sanctum
868 925 1074 961 intendere
1119 926 1228 973 quod
1272 937 1353 961 non
1394 926 1525 961 solum

213 983 358 1019 sufficit
392 983 551 1020 Christo
584 983 733 1020 dicere:
782 983 960 1030 Domine,
1005 983 1170 1019 Domine
1202 984 1310 1019 nudo
1343 996 1527 1020 sermone

213 1049 250 1076 et
282 1040 486 1077 intellectu
509 1041 654 1089 anime,
688 1042 757 1077 sed
780 1050 938 1089 oportet
970 1042 1078 1089 quod
1112 1040 1218 1077 dicat
1251 1042 1301 1077 ad
1331 1042 1525 1077 honorem

159 1098 419 1140 &Trinitatis
452 1111 648 1146 sermone,
693 1099 824 1135 anime
856 1098 1085 1135 intencione
1130 1107 1166 1135 et
1218 1098 1342 1135 tercio
1393 1111 1524 1147 opere.

211 1157 303 1193 Ideo
335 1156 537 1205 signanter
570 1156 666 1193 dicit
698 1157 877 1193 Christus
910 1156 1034 1193 tercio
1066 1157 1135 1193 sed
1166 1156 1231 1205 qui
1255 1157 1361 1205 facit
1394 1158 1525 1193 volun-

211 1221 326 1250 tatem
356 1216 482 1264 patris
514 1215 589 1251 mei
618 1215 682 1263 qui
711 1215 746 1251 in
779 1215 869 1251 celis
900 1222 967 1262 est,
1000 1215 1079 1264 ipse
1101 1214 1259 1250 intrabit
1291 1215 1326 1250 in
1360 1227 1523 1265 regnum

210 1273 393 1311 celorum.

268 1332 316 1366 Et
354 1338 463 1378 patet
511 1343 629 1378 quam
682 1329 856 1378 insipida
909 1339 965 1366 est
1009 1328 1207 1365 instancia
1251 1330 1523 1378 sophistarum

155 1410 195 1431 20
210 1401 289 1436 qua
320 1396 491 1436 arguunt
523 1389 629 1436 quod
668 1388 799 1424 omnis
831 1387 899 1436 qui
931 1397 990 1424 ter
1023 1386 1117 1424 dicit
1149 1388 1332 1435 Domine,
1377 1388 1527 1425 scilicet

212 1455 355 1493 mente,
389 1459 510 1494 opere
543 1455 580 1482 et
613 1458 810 1492 sermone,
846 1445 903 1482 bis
937 1445 1032 1482 dicit
1054 1445 1227 1483 Domine
1260 1455 1297 1482 et
1329 1458 1399 1494 per
1432 1459 1525 1483 con-

208 1516 378 1552 sequens
411 1504 541 1540 omnis
570 1504 638 1553 qui
663 1513 722 1541 ter
757 1503 851 1540 dicit
874 1503 1047 1540 Domine
1078 1513 1121 1541 ut
1153 1503 1209 1541 sic
1240 1503 1461 1552 indisponit
1484 1517 1524 1541 se

208 1571 251 1598 ut
283 1562 402 1599 intret
425 1562 728 1607 beatitudinem,
763 1561 857 1610 quia
888 1571 931 1598 ut
954 1561 1009 1599 sic
1031 1562 1127 1599 dicit
1144 1561 1316 1599 Domine
1339 1563 1524 1609 Domine,

209 1628 246 1656 et
278 1619 539 1668 impertinens
572 1621 671 1657 foret
710 1628 837 1656 textus
871 1619 1037 1656 Christi:
1072 1621 1159 1657 Non
1193 1621 1315 1656 omnis
1337 1620 1401 1668 qui
1432 1621 1523 1657 dicit

153 1678 325 1714 25michi
354 1679 520 1714 Domine
550 1678 716 1714 Domine
748 1678 906 1714 intrabit
949 1678 984 1713 in
1018 1690 1183 1728 regnum
1216 1679 1403 1724 celorum,
1445 1678 1521 1714 nisi

210 1735 387 1772 binarius
420 1736 536 1772 huius
570 1735 763 1772 diceionis
807 1735 1082 1784 indisponeret
1126 1736 1330 1772 hominem
1378 1738 1427 1772 ad
1461 1736 1520 1772 in-

209 1793 373 1829 troitum
409 1793 681 1831 beatitudinis.

265 1851 445 1888 Dicimus
480 1861 613 1889 autern
647 1851 836 1900 sophistis
869 1861 1063 1900 quantum
1098 1852 1147 1888 ad
1170 1851 1288 1888 istum
1314 1851 1516 1888 obiectum

208 1911 315 1957 quod
348 1911 635 1946 attendendum
669 1919 726 1946 est
757 1922 838 1946 non
869 1911 997 1946 solum
1033 1911 1080 1946 ad
1106 1909 1300 1946 terminos
1333 1909 1372 1945 in
1395 1909 1518 1958 scrip-

152 1970 193 2002 30
208 1975 296 2003 tura
329 1969 397 2004 sed
430 1969 478 2004 ad
512 1968 828 2004 taciturnitatem
862 1969 922 2004 vel
955 1967 1214 2004 omissionem
1248 1967 1514 2003 terminorum

209 2037 296 2061 cum
322 2025 546 2073 precisione
570 2038 647 2074 que
670 2025 708 2061 in
741 2025 922 2062 terminis
956 2034 1013 2062 est
1046 2025 1219 2073 inclusa;
1254 2034 1290 2061 et
1323 2025 1379 2061 sic
1410 2025 1517 2062 vide-

206 2091 270 2119 tur
302 2083 503 2120 Christum
556 2083 777 2131 intelligere
830 2085 936 2132 quod
989 2096 1067 2119 non
1115 2082 1262 2119 sufficit
1306 2084 1355 2119 ad
1395 2083 1517 2120 beati-

205 2141 385 2177 tudinem
420 2143 527 2190 quod
560 2143 680 2178 homo
714 2141 819 2178 dicat
852 2141 910 2178 bis
943 2141 1125 2187 Domine,
1170 2153 1266 2177 voce
1299 2150 1335 2177 et
1370 2150 1514 2187 mente,

206 2200 273 2235 sed
296 2208 454 2247 oportet
477 2201 584 2248 quod
607 2200 728 2235 addat
750 2199 917 2236 tercium
942 2198 1128 2245 Domine,
1161 2198 1310 2235 scilicet
1333 2199 1516 2235 faciendo

151 2259 190 2291 35
208 2258 439 2293 mandatum
490 2257 559 2293 Dei
605 2257 644 2292 in
696 2270 816 2305 opere
858 2258 917 2294 vel
962 2270 1043 2293 non
1080 2256 1301 2293 sinentibus
1345 2256 1515 2293 circum-

207 2314 368 2351 stanciis
400 2316 646 2351 voluntatem
682 2315 753 2351 Dei
787 2315 952 2363 impleat
986 2315 1149 2363 propria
1181 2315 1396 2351 voluntate.

264 2374 312 2408 Et
355 2372 447 2409 hinc
490 2373 654 2421 quidam
707 2372 871 2421 capiunt
928 2374 1037 2421 quod
1081 2372 1248 2421 quilibet
1302 2373 1513 2409 salvandus

207 2430 392 2467 exercitet
424 2443 535 2467 suam
581 2431 808 2479 potenciam
853 2432 987 2479 quoad
1020 2432 1193 2477 Patrem,
1241 2439 1347 2467 recte
1379 2432 1514 2467 credat

273 2642 298 2670 2,
319 2633 344 2662 3.
366 2636 409 2663 A:
430 2634 575 2662 Dominus
595 2634 693 2662 Jesus.
773 2634 796 2662 5.
817 2635 859 2662 A:
881 2634 953 2662 Jesu
974 2634 1066 2662 deest.
1140 2642 1177 2662 12.
1199 2635 1237 2662 B:
1258 2634 1346 2662 istum
1365 2638 1512 2663 sanctum.

206 2667 244 2697 13.
264 2671 293 2696 A
307 2670 337 2697 in
353 2678 467 2705 marg:
488 2669 658 2703 Johannes;
681 2670 721 2696 ib.
745 2669 885 2703 Christo;
907 2669 929 2696 B
945 2670 975 2696 in
997 2677 1109 2704 marg:
1139 2669 1329 2697 Christiano.
1403 2669 1444 2697 16.
1465 2671 1510 2697 A:

206 2704 301 2731 tercio
322 2704 414 2731 deest.
504 2703 550 2732 28.
577 2705 605 2731 A
625 2704 655 2731 in
678 2712 791 2739 marg.:
824 2704 1003 2740 Responsio.
1093 2702 1138 2737 37.
1170 2706 1199 2732 A
1218 2704 1249 2731 in
1270 2706 1383 2739 marg:
1417 2703 1510 2732 Nota.

276 2796 305 2818 2.
332 2787 355 2818 1.
382 2787 460 2819 Cor.
487 2787 557 2828 ΧΠ,
586 2788 615 2821 3.

1331 2855 1372 2888 ²9

1737 192 1819 227 449

1558 531 1662 558 Christ
1684 534 1808 560 xvarned

1546 574 1580 592 us
1596 567 1715 601 against
1729 568 1818 602 being

1597 601 1704 628 misled
1728 603 1766 637 by

1604 636 1754 664 miracles.

1594 946 1653 974 We
1674 953 1756 975 must

1569 982 1788 1018 acknowledge

1591 1015 1696 1044 Christ
1716 1023 1770 1044 not

1560 1051 1631 1086 only
1652 1052 1681 1078 in
1709 1053 1795 1079 word

1581 1086 1632 1113 but
1652 1087 1681 1113 in
1701 1088 1783 1114 truth

1567 1121 1625 1148 and
1648 1121 1677 1148 in
1699 1122 1785 1150 deed.

1580 1329 1771 1370 Sophistical

1580 1369 1770 1393 contention.

1549 1861 1682 1888 Answer
1702 1866 1732 1889 to
1752 1862 1783 1889 it.
