2003 3322
593 753 694 821 III.
749 751 1038 819 General
1099 750 1318 822 Index,

475 859 730 903 (printed.in
756 862 825 893 the
850 861 1135 902 orthography
1160 861 1207 892 of
1228 861 1296 892 the
1322 859 1435 903 text.)

473 977 522 1008 A.

90 1043 244 1070 Accidens
264 1051 325 1070 non
346 1047 447 1078 potest
466 1051 533 1070 esse
553 1042 619 1070 sine
639 1042 777 1070 subiecto
797 1049 865 1077 290.

92 1079 233 1113 Angusta
254 1082 343 1113 porta
363 1077 436 1113 quid
457 1081 503 1105 est
521 1086 584 1112 417,
605 1085 673 1111 420.

90 1112 302 1175 Αηῗίεὴιῆεὲυε
324 1113 427 1148 (papa)
446 1112 564 1140 seducit
591 1112 726 1139 viatores
753 1121 806 1148 per
833 1120 915 1139 secu-

158 1155 208 1174 um
230 1154 243 1173 2
270 1167 276 1173 .

89 1181 302 1209 Antichristus
322 1181 422 1209 innuit
465 1181 523 1209 uod
539 1182 635 1209 laicus
656 1182 745 1209 debet
765 1181 801 1209 ad
820 1182 917 1209 bullas

144 1224 197 1251 per
218 1224 248 1243 se
268 1216 426 1244 intendere
465 1217 508 1244 82.

92 1250 286 1286 Quandoque
311 1251 522 1279 Antichristus
542 1252 587 1278 vel
609 1251 755 1279 secularis
769 1256 918 1287 tyrannus

143 1285 226 1319 dicit,
247 1285 329 1321 quod
351 1286 442 1313 habet
462 1290 645 1321 potestatem
667 1286 703 1313 ad
726 1287 829 1314 fideles
850 1294 918 1321 per-

144 1320 346 1355 sequendum,
369 1322 516 1348 mentitur
536 1329 629 1356 super
649 1321 748 1348 Deum
770 1320 829 1349 103.

90 1354 240 1390 Discipuli
261 1355 446 1383 Antichristi
477 1355 583 1383 dicunt
609 1356 691 1391 quod
714 1365 793 1392 papa
814 1364 830 1383 a
852 1356 917 1383 solo

146 1389 211 1416 Deo
233 1393 334 1424 potest
354 1390 466 1425 corrigi
488 1398 535 1425 74.

89 1423 133 1451 De
153 1428 346 1451 sacramento
372 1425 477 1452 altaris
511 1425 592 1459 (vide
613 1425 649 1453 de
676 1426 777 1453 hostia
810 1433 917 1453 conse-

147 1461 241 1498 crata)
262 1458 424 1498 289—290,
445 1459 504 1495 310,
525 1459 586 1493 455.

88 1493 232 1528 Apostoll
253 1501 304 1529 qul
325 1494 498 1532 habuerunt
518 1496 538 1522 S
565 1495 669 1523 iritum
686 1496 835 1524 Sanctum
857 1502 918 1522 non

142 1528 296 1555 audebant
330 1529 441 1564 eligere
469 1529 544 1557 Matt
570 1530 630 1557 iam
668 1530 699 1557 in
739 1530 917 1565 apostolum

141 1563 209 1590 loco
237 1563 322 1597 tude,
355 1563 408 1590 sed
436 1564 519 1592 illam
559 1564 744 1592 eleccionem
789 1564 918 1592 arbitrio

141 1596 270 1624 Domini
290 1597 464 1625 limitarunt
484 1607 534 1635 99.

88 1631 194 1659 Arbor
224 1632 304 1659 bona
332 1632 431 1660 bonos
461 1633 580 1661 fructus
600 1633 674 1661 facit
693 1633 852 1669 quomodo
872 1634 918 1660 in-

140 1666 286 1702 telligitur
328 1665 466 1703 35—447.

89 1700 133 1727 De
153 1701 286 1728 avaricia
326 1701 363 1729 15.

89 1735 215 1763 Adultis
245 1744 306 1763 non
339 1741 384 1764 est
412 1737 585 1771 baptizacio
614 1737 821 1765 ministranda
860 1737 919 1765 nisi

143 1770 228 1805 prius
248 1771 278 1798 in
299 1771 357 1799 fide
377 1772 503 1799 ecclesie
523 1776 594 1800 sunt
613 1772 754 1801 instructi
775 1771 839 1808 393.

480 1870 527 1900 B.

92 1932 253 1972 Beatitudo
274 1933 343 1961 finis
358 1933 496 1969 optimus
510 1942 602 1970 quem
624 1934 768 1962 homines
790 1939 921 1971 possunt

143 1975 301 2002 acquirere
321 1976 363 2003 14.

92 2001 142 2029 Ad
163 2002 381 2030 beatitudinem
402 2003 476 2038 quid
498 2004 610 2032 sufficit
627 2004 790 2039 449—452.

91 2035 154 2064 Nec
171 2037 352 2076 *benediccio
373 2046 428 2065 nec
448 2039 629 2066 malediccio
650 2040 795 2067 virtutem
818 2039 919 2075 habet,

147 2079 207 2099 nisi
227 2079 259 2098 111
280 2077 425 2108 precepto
445 2073 572 2101 Domini
595 2074 634 2101 sit
653 2074 782 2101 fundata
802 2074 850 2109 98.

94 2104 183 2133 Unde
216 2106 302 2144 *bulle
334 2112 454 2135 mortue
486 2116 557 2135 cum
578 2108 700 2144 frigidis
732 2109 921 2144 imaginibus

144 2140 222 2168 Petr1
243 2145 272 2167 et
290 2141 375 2169 Pauli
391 2143 492 2170 valent
511 2143 548 2170 ad
564 2151 675 2178 penam
691 2144 797 2171 tartari
818 2144 921 2179 acqui-

146 2175 274 2202 rendam
295 2174 358 2203 382.

92 2208 213 2237 Fideles
234 2210 348 2238 habent
359 2212 616 2239 consuetudinem
632 2213 714 2247 quod
729 2213 828 2240 bullas
843 2221 920 2248 pape

109 2278 117 2285 .
146 2244 268 2279 iniquas
290 2245 434 2273 audacter
454 2251 614 2281 exponunt
633 2247 695 2286 igni
716 2246 781 2275 382.

94 2278 322 2306 Candelabrum
355 2285 402 2308 est
440 2282 578 2315 ecclesia,
607 2290 694 2309 cuius
725 2282 845 2317 lampas
878 2287 923 2309 est

146 2313 289 2341 Christus
310 2322 373 2349 109.

486 2411 529 2442 C.

95 2475 213 2503 Cantus
233 2477 398 2512 organicus
410 2477 555 2505 distrahit
575 2486 591 2504 a
612 2478 802 2513 cogitacione
815 2486 922 2513 supra-

129 2511 287 2538 celestium
308 2512 462 2539 261—262.

94 2560 125 2563 —
147 2553 208 2584 non
228 2546 376 2574 fundatur
395 2547 426 2574 in
447 2547 505 2574 fide
526 2547 678 2582 scripture
698 2548 759 2574 261.

97 2578 280 2608 Cardmales
313 2585 376 2609 tam
406 2581 516 2609 stolide
548 2586 576 2609 et
607 2581 746 2609 frontose
778 2582 923 2616 eligentes

147 2614 305 2653 hominem
325 2615 356 2643 in
377 2615 491 2643 Christi
519 2616 670 2643 vicarium
691 2616 807 2651 eligunt
826 2624 921 2643 unum

148 2649 306 2677 chabolum
335 2658 370 2677 ex
391 2659 445 2677 sua
473 2651 617 2686 superbia
639 2651 824 2686 profundius
851 2658 923 2677 con-

148 2683 382 2718 dempnandum
404 2692 453 2719 99.

97 2716 243 2745 Caritatis
273 2720 376 2754 regula
408 2720 572 2747 necessitat
604 2719 749 2747 dominos
771 2720 923 2747 seculares

148 2753 326 2814 ειβξῐνέὴεω
362 2754 539 2782 facultatem
569 2755 787 2790 temporalium
819 2762 834 2781 a
866 2755 924 2781 cle-

148 2794 220 2814 rlcls
258 2809 263 2814 .

96 2821 214 2856 Expers
235 2822 370 2850 caritatis
392 2822 545 2858 superflue
565 2828 633 2850 orat
654 2823 751 2850 Deum
776 2822 839 2859 293.

992 973 1024 999 In
1046 973 1146 999 celum
1168 973 1237 1008 quis
1257 972 1383 1000 intrabit
1402 981 1472 1007 447,
1493 972 1564 1005 448.

991 1006 1152 1034 Christum
1174 1016 1268 1042 quare
1289 1016 1304 1034 a
1330 1007 1421 1034 ostoli
1443 1007 1650 1041 sequebantur
1669 1007 1740 1041 469.

995 1041 1138 1069 Christus
1153 1046 1182 1069 et
1196 1047 1306 1078 aposto
1320 1042 1326 1069 i
1344 1049 1502 1077 nunquam
1518 1042 1593 1068 tales
1609 1042 1705 1068 bullas
1728 1041 1823 1076 scrip-

1044 1080 1150 1104 serunt
1171 1082 1204 1104 ut
1225 1085 1262 1112 pa
1290 1085 1306 1103 a
1327 1075 1389 1104 383.
1793 1109 1798 1114 .

989 1111 1134 1139 Christus
1155 1120 1216 1139 non
1237 1120 1252 1139 e
1278 1111 1360 1138 ocuit
1375 1119 1391 1138 a
1417 1111 1532 1138 ostolos
1553 1118 1584 1137 se
1605 1111 1772 1138 exercitare
1792 1118 1822 1137 1n

1041 1146 1133 1173 factis
1154 1147 1326 1174 scolasticis
1347 1153 1383 1179 24
1410 1167 1415 1172 .

990 1180 1136 1208 Christus
1158 1189 1252 1217 quare
1273 1180 1423 1208 excitatus
1444 1185 1489 1208 est
1509 1180 1546 1207 ad
1567 1180 1742 1207 docendum
1758 1187 1783 1207 2.

990 1216 1133 1243 Christus
1173 1220 1299 1251 propter
1336 1220 1398 1243 tres
1436 1215 1576 1242 raciones
1614 1215 1753 1242 ascendit
1790 1214 1820 1241 in

1041 1255 1178 1278 montem
1201 1249 1226 1278 3.

990 1285 1187 1313 Christianus
1207 1293 1269 1313 non
1290 1285 1380 1312 debet
1407 1285 1458 1312 tali
1480 1285 1552 1320 lupo
1574 1288 1606 1312 ut
1626 1284 1821 1312 Antichristo

1025 1325 1053 1347 et
1073 1321 1137 1347 suis
1158 1320 1281 1347 credere
1300 1318 1366 1354 433,
1387 1318 1455 1353 434.

989 1355 1059 1382 Non
1092 1359 1195 1390 potest
1225 1355 1332 1382 civitas
1372 1354 1521 1381 abscondi
1555 1362 1648 1389 supra
1681 1358 1818 1381 montem

1042 1390 1143 1425 posita
1163 1389 1322 1425 quomodo
1338 1389 1517 1421 intelligitur
1540 1388 1599 1423 103,
1621 1396 1751 1423 104,112,
1769 1387 1820 1416 113.

992 1425 1046 1452 Illa
1067 1424 1175 1452 civitas
1195 1429 1241 1451 est
1261 1424 1389 1451 ecclesia
1410 1424 1545 1451 militans
1567 1422 1626 1459 103,
1648 1432 1711 1457 104.

998 1459 1043 1486 De
1063 1459 1321 1495 concupiscencia
1341 1459 1455 1486 carnali
1478 1458 1627 1493 149—156.

999 1494 1043 1521 De
1063 1494 1258 1521 confessione
1278 1493 1442 1521 auriculari
1464 1501 1519 1526 141.

991 1529 1065 1556 Esto
1086 1529 1287 1556 consenciens
1314 1527 1496 1556 adversario
1526 1532 1577 1555 tuo
1605 1528 1764 1563 quomodo
1792 1528 1823 1555 in

1042 1564 1188 1598 telligitur
1208 1571 1359 1598 142-149.

991 1598 1104 1626 Mirum
1120 1598 1198 1625 foret
1211 1598 1293 1633 quod
1309 1597 1531 1625 contrariantes
1548 1596 1662 1624 Christi
1675 1597 1822 1624 haberent

1043 1638 1159 1660 tantam
1175 1633 1319 1660 virtutem
1341 1633 1377 1660 ad
1394 1632 1641 1659 maledicendum
1663 1633 1709 1659 vel
1732 1632 1821 1659 bene-

1044 1667 1221 1702 dicendum,
1236 1667 1316 1695 sicut
1330 1667 1504 1694 habuerunt
1515 1667 1648 1702 apostoli
1661 1667 1821 1695 Christum

1044 1702 1075 1729 in
1096 1702 1236 1730 moribus
1256 1702 1413 1729 imitantes
1434 1702 1483 1734 98.

991 1736 1036 1764 De
1056 1737 1258 1772 correpcione
1278 1737 1413 1764 fraterna
1433 1735 1592 1771 369—383.

992 1772 1165 1799 Pessimum
1205 1771 1329 1807 signum
1362 1776 1409 1799 est
1446 1771 1529 1807 quod
1562 1772 1662 1798 clerus
1695 1778 1711 1797 a
1744 1778 1824 1806 papa

1044 1815 1143 1842 usque
1162 1806 1199 1833 ad
1221 1806 1386 1841 episcopos
1407 1810 1435 1833 et
1454 1810 1578 1833 curatos
1599 1805 1730 1833 intendit
1751 1805 1822 1832 acti-

1044 1841 1101 1903 bgs
1141 1841 1256 1868 bellicis
1294 1845 1442 1876 appetens
1475 1840 1650 1868 dominium
1690 1841 1824 1867 seculare

1044 1883 1059 1903 2
1086 1898 1092 1909 ‚
1113 1883 1128 1903 2
1152 1896 1158 1903 .

994 1910 1089 1938 Omni
1109 1884 1248 1938 cr7eature
1268 1910 1416 1938 debemus
1439 1910 1586 1945 proficere
1607 1909 1650 1937 83.

992 1945 1086 1972 Petite
1105 1949 1133 1973 et
1154 1945 1276 1972 dabitur
1295 1945 1384 1972 vobis
1411 1945 1570 1980 quomodo
1591 1944 1822 1979 intelligendum

1044 1979 1210 2015 394—402.

1380 2088 1428 2120 D.

993 2166 1102 2194 Debita
1124 2170 1230 2193 nostra
1251 2173 1309 2201 que
1330 2169 1402 2192 sunt
1422 2163 1579 2199 291-293.

996 2201 1096 2229 Omne
1118 2205 1276 2236 peccatum
1297 2204 1343 2227 est
1363 2199 1499 2226 debiturn
1520 2197 1585 2233 293.
1738 2233 1743 2237 ¹

994 2236 1137 2264 Debitum
1158 2234 1286 2270 pecunie
1306 2238 1352 2261 est
1366 2234 1537 2261 secundum
1558 2234 1639 2268 leges
1661 2233 1823 2260 hominum

1046 2270 1230 2306 exigendum
1251 2268 1317 2304 293,
1338 2276 1407 2303 294.
1469 2302 1474 2307 .

994 2305 1064 2333 Non
1087 2309 1158 2332 sunt
1177 2304 1276 2339 magis
1296 2303 1447 2331 luxuriosi
1467 2311 1498 2330 111
1519 2302 1637 2330 mundo
1658 2311 1750 2338 quam
1772 2303 1827 2329 de-

1046 2340 1113 2367 cani
1134 2339 1320 2374 capitulares
1339 2337 1405 2373 374.

995 2374 1078 2401 Deus
1099 2373 1230 2410 provide
1259 2373 1418 2408 dispensat
1447 2380 1516 2399 cum
1547 2373 1684 2399 humano
1714 2380 1823 2407 genere

1047 2409 1129 2470 qlbOd
1159 2407 1253 2444 aliqui
1288 2408 1350 2435 sint
1379 2407 1489 2435 divites
1521 2411 1549 2433 et
1589 2407 1638 2434 alii
1672 2415 1823 2442 pauperes

1047 2451 1073 2470 21
1102 2465 1107 2476 ‚
1127 2451 1156 2470 21
1181 2465 1187 2470 .

995 2478 1105 2505 Utrum
1126 2451 1225 2539 De3z7um
1257 2477 1363 2504 videre
1395 2484 1564 2512 possumus
1584 2480 1653 2503 ante
1673 2476 1754 2503 diem
1775 2476 1822 2503 iu-

1047 2512 1120 2540 dicii
1140 2512 1153 2539 5
1176 2534 1182 2540 .

995 2547 1094 2575 Deum
1114 2547 1218 2574 videre
1238 2546 1398 2582 quomodo
1420 2553 1590 2581 possumus
1610 2545 1720 2579 51—54.

995 2582 1098 2609 Verba
1110 2581 1167 2609 Dei
1187 2581 1217 2608 in
1233 2586 1337 2608 monte
1352 2589 1413 2608 non
1429 2580 1530 2607 solum
1545 2580 1582 2607 ad
1602 2580 1823 2614 preteritorum

1049 2616 1198 2643 solacium
1214 2616 1429 2649 extenduntur,
1451 2615 1504 2642 sed
1525 2614 1562 2642 ad
1577 2614 1826 2642 consolacionem

1049 2651 1242 2713 presegcium
1263 2650 1361 2685 quiin
1382 2658 1474 2677 causa
1487 2649 1614 2676 Domini
1635 2649 1824 2685 exprobran-

1048 2691 1098 2713 tur
1118 2685 1135 2712 6
1188 2686 1205 2712 6
1231 2706 1237 2711 .

994 2720 1084 2747 Visio
1104 2706 1166 2747 Dei⁷
1181 2692 1304 2755 dtiple&
1333 2718 1475 2746 intuitiva
1496 2723 1522 2745 et
1543 2718 1692 2745 umbrosa
1713 2718 1752 2750 51,
1782 2717 1824 2745 52.

997 2754 1147 2790 Cognicio
1168 2754 1215 2781 dei
1236 2754 1350 2789 duplex
1368 2753 1433 2788 457.
1639 2786 1643 2790 ¹

995 2789 1149 2816 Radicalis
1179 2796 1270 2815 causa
1300 2787 1495 2821 regnacionis
1530 2787 1644 2814 diaboli
1678 2791 1724 2812 est
1755 2794 1824 2822 pec-

1050 2828 1150 2850 catum
1173 2823 1369 2858 superiorum
1391 2822 1516 2849 ecclesie
1536 2820 1580 2856 73.
