2003 3322
137 224 213 259 300
837 228 954 259 OPUS
981 228 1318 259 EVANGELICUM
1521 215 1627 269 [CAP-
1649 222 1731 251 XVI-

422 334 728 383 temptaciouem‚
762 334 795 370 si
822 335 918 369 tales
940 334 1151 369 acciderint
1174 346 1267 382 quas
1280 334 1400 382 ferre
1422 346 1493 369 non
1512 345 1730 381 possumus.

422 393 499 427 Sed
542 405 625 428 cum
675 392 946 440 temptaciones
985 392 1203 440 periculose
1247 392 1282 427 in
1322 403 1417 439 quas
1448 391 1593 439 inferri
1621 398 1734 438 atque

422 450 553 485 induci
584 450 843 498 perniciosum
883 457 938 485 est
976 457 1041 485 aut
1068 450 1273 498 prosperis
1311 450 1424 484 rebus
1456 448 1733 497 temporalibus

421 515 487 543 aut
547 508 724 544 adversis
785 507 976 555 oriantur,
1039 520 1147 543 nemo
1198 507 1415 557 frangitur
1472 507 1731 542 adversarum

423 566 597 601 molestia
630 566 694 613 qui
725 577 1011 614 prosperarum
1052 565 1306 601 delectacione
1339 577 1411 600 non
1444 564 1609 613 capitur.
1651 564 1767 599 Hec5

421 623 682 671 Augustinus.

142 695 209 721 God
231 698 344 729 tempts
364 701 399 720 us
479 681 648 717 Videtur
672 681 792 717 istum
812 689 997 717 sanctum
1023 681 1197 729 disgredi
1212 689 1295 717 tam
1312 680 1466 727 diffuse,
1490 687 1533 716 ut
1557 678 1736 715 securius

166 730 291 791 ⁰310ssssss
308 737 376 791 ¹51¹?
424 748 595 787 exponat
639 741 714 775 hoc
758 741 922 775 verbum
970 738 1153 775 Domini:
1202 740 1255 775 Et
1300 751 1347 776 ne
1392 751 1459 775 nos
1502 738 1661 774 inducas
1699 737 1735 772 in

424 797 738 846 temptacionem;
789 805 826 833 et
868 797 1026 833 videtur
1069 796 1201 844 ipsum
1255 796 1386 844 primo
1441 796 1573 832 dicere
1627 796 1736 843 quod

424 855 612 904 temptari
652 856 893 903 quandoque
931 864 1047 891 sonat
1080 854 1120 891 in
1153 857 1317 901 bonum,
1356 863 1398 890 ut
1431 857 1515 891 Deo
1548 852 1736 890 convenit
1756 866 1794 887 10

423 914 483 949 vel
527 926 597 961 per
640 925 680 949 se
723 914 785 949 vel
823 925 893 961 per
931 913 1108 961 aliquam
1149 921 1390 960 creaturam,
1431 921 1468 948 et
1506 912 1573 948 illo
1615 912 1735 947 modo

425 973 531 1007 Deus
575 971 788 1020 temptavit
820 972 1025 1008 Abraham
1067 979 1104 1007 et
1144 980 1303 1008 sanctos
1344 971 1442 1007 alios
1481 979 1526 1006 ut
1558 977 1736 1015 coronet,

425 1031 668 1078 quandoque
708 1038 841 1066 autem
882 1038 1080 1077 temptare
1124 1038 1240 1066 sonat
1284 1029 1324 1065 in
1370 1029 1535 1075 malum,
1576 1028 1738 1076 quando

425 1088 610 1124 diabolus
657 1087 886 1135 specialiter
931 1096 1102 1136 temptat
1147 1087 1329 1124 homines
1373 1096 1417 1123 ut
1463 1085 1736 1135 dampnificet.

429 1148 474 1181 Et
502 1146 610 1193 prior
642 1146 862 1194 temptacio
896 1145 1078 1193 procedit
1111 1158 1133 1182 a
1168 1145 1417 1182 misericordi
1451 1145 1586 1182 animo
1620 1146 1796 1192 atque15

426 1203 544 1250 iusto,
577 1205 751 1240 secunda
784 1204 1004 1252 temptacio
1036 1203 1219 1251 procedit
1252 1216 1274 1240 a
1307 1203 1557 1240 seduccionis
1593 1214 1740 1250 propo-

426 1261 503 1298 sito
538 1270 574 1298 et
608 1261 759 1310 iniquo.
794 1264 841 1298 Et
873 1274 944 1310 per
977 1263 1053 1298 hoc
1087 1270 1196 1309 patet
1219 1263 1425 1309 quomodo
1459 1260 1740 1309 intelligendus

426 1328 483 1355 est
505 1321 677 1356 Jacobus
700 1320 877 1368 capitulo
912 1322 960 1366 10,
992 1320 1052 1365 13,
1083 1321 1245 1368 quando
1276 1319 1391 1356 dicit:
1425 1320 1532 1356 Deus
1554 1318 1739 1355 neminem

426 1385 598 1427 temptat.
636 1379 720 1427 Ipse
752 1379 849 1414 enim
884 1385 1095 1427 temptator
1127 1379 1321 1414 malorum
1355 1385 1422 1424 est,
1463 1386 1500 1414 et
1533 1390 1623 1414 cum
1657 1384 1739 1412 tam

426 1436 485 1471 lex
532 1444 644 1472 vetus
692 1449 813 1484 quam
867 1449 970 1473 nova
1019 1444 1219 1473 testantur
1263 1437 1371 1484 quod
1417 1437 1522 1472 Deus
1570 1442 1741 1482 temptat
1758 1446 1800 1466 20

429 1493 611 1530 homines
644 1496 712 1530 sed
746 1496 795 1530 ad
829 1495 934 1531 hunc
967 1494 1085 1530 finem
1119 1494 1347 1543 specialiter
1378 1502 1421 1529 ut
1454 1502 1630 1530 coronet.

173 1558 377 1605 Temptatimi
490 1554 567 1588 Sed
601 1553 776 1588 secundo
799 1552 956 1589 videtur
979 1552 1224 1600 Augustinus
1254 1552 1401 1589 sentire
1425 1553 1532 1599 quod
1554 1551 1743 1588 inducere

174 1602 254 1663 ἕζξᾏ
274 1594 311 1655 Ξῖ
329 1596 378 1655 {2¹1
432 1609 469 1645 in
504 1610 815 1658 temptacionem
842 1619 973 1658 potest
1003 1623 1086 1646 esse
1116 1610 1343 1659 dupliciter,
1372 1609 1433 1646 vel
1462 1610 1502 1646 in
1530 1617 1741 1658 peccatum

244 1664 310 1690 ΝΠ
432 1667 608 1704 notabile
653 1670 760 1716 quod
805 1677 941 1705 tamen
988 1670 1102 1705 cedet
1147 1677 1345 1716 temptato
1397 1676 1434 1705 et
1479 1667 1646 1704 ecclesie
1694 1666 1743 1702 ad

431 1727 594 1771 bonum,
621 1728 740 1763 modo
766 1740 845 1774 quo
869 1726 941 1762 fuit
968 1723 971 1779 4
996 1728 1133 1762 Petrus
1158 1726 1344 1763 inductus
1367 1725 1406 1761 in
1428 1725 1743 1774 temptacionem
1793 1725 1872 1758 386ἢ

430 1786 592 1831 quando
631 1793 690 1820 ter
728 1784 887 1832 negavit
926 1784 1159 1831 Dominum,
1198 1785 1258 1821 vel
1297 1784 1412 1820 aliter
1456 1785 1617 1832 quando
1657 1781 1746 1830 quis

429 1842 634 1878 inducitur
662 1842 702 1878 in
730 1852 939 1890 peccatum
966 1842 1094 1879 finalis
1118 1842 1423 1890 impenstencie:
1454 1844 1561 1891 quod
1584 1852 1745 1878 necesse

430 1908 486 1935 est
519 1901 680 1936 credere
714 1900 879 1937 inducto
912 1902 962 1937 ad
995 1901 1333 1948 dampnacionem
1359 1909 1610 1949 perpetuam,
1645 1911 1744 1946 quo-

432 1959 551 1994 modo
586 1958 771 1995 Scarioth
803 1959 878 1994 fuit
911 1958 1099 1995 inductus
1132 1958 1172 1994 in
1204 1958 1535 2006 temptacionem.

195 2020 307 2080 ¹5]ssss
328 2020 408 2081 {eim
487 2016 631 2053 Tercio
675 2017 831 2053 videtur
876 2018 980 2053 hunc
1033 2026 1215 2053 sanctum
1268 2017 1434 2053 innuere
1486 2017 1594 2065 quod
1639 2017 1744 2050 Deus
1762 2017 1802 2048 30

142 2063 326 2116 puumgprtlsn
374 2063 401 2080 ⁰¹
432 2074 695 2122 approbative
724 2074 876 2111 inducit
900 2075 1083 2111 homines
1113 2075 1152 2111 in
1181 2075 1495 2123 temptacionem
1528 2075 1568 2111 in
1600 2086 1742 2121 penam

432 2133 584 2180 peccati
619 2133 780 2181 prioris,
820 2133 922 2169 sicut
955 2133 1156 2170 induravit
1191 2134 1440 2169 Pharaonem
1481 2141 1518 2169 ct
1552 2134 1746 2180 dampnat

434 2191 646 2237 prescitos;
691 2204 764 2227 nec
808 2192 882 2228 hoc
928 2200 1044 2227 sonat
1089 2194 1172 2227 Deo
1218 2192 1257 2227 in
1305 2191 1548 2227 iniusticiam
1594 2191 1660 2226 sed
1707 2189 1746 2224 in

433 2248 578 2285 iustam
614 2262 759 2297 penam
785 2262 905 2298 quam
932 2252 1037 2285 Deus
1067 2251 1310 2298 quandoque
1342 2248 1486 2296 infligit
1520 2261 1589 2296 per
1621 2249 1746 2284 bonos

432 2307 595 2354 spiritus
648 2316 685 2344 et
737 2309 980 2356 quandoque
1032 2320 1103 2355 per
1155 2308 1300 2350 malos;
1358 2320 1478 2355 quam
1535 2305 1745 2343 materiam
1764 2305 1802 2338 35

432 2365 677 2413 Augustinus
723 2378 803 2402 non
848 2367 967 2402 audet
1006 2374 1158 2402 temere
1197 2365 1381 2411 diffinire,
1430 2364 1504 2401 nisi
1549 2365 1748 2412 scriptura

502 2560 526 2579 2.
551 2553 666 2580 codd:
687 2553 801 2580 seduci.
887 2561 913 2586 7.
934 2553 961 2579 A
983 2552 1012 2579 iu
1035 2560 1148 2587 marg:
1169 2551 1335 2579 johannes.
1428 2559 1456 2586 9.
1479 2552 1506 2578 A
1526 2551 1556 2577 in
1579 2558 1692 2585 marg:
1715 2558 1748 2581 1,-

434 2587 473 2613 ib.
496 2589 539 2614 A:
560 2589 650 2614 istum
666 2588 778 2622 primo.
871 2594 908 2614 12.
930 2588 956 2613 A
977 2587 1005 2613 in
1029 2595 1142 2622 marg:
1171 2587 1252 2614 Nota
1279 2586 1364 2621 quod
1388 2586 1552 2621 temptacio
1577 2585 1747 2620 aliquando

432 2625 522 2649 sonat
548 2623 577 2649 in
605 2623 714 2649 [vonum
734 2626 762 2649 el
781 2622 948 2657 aliquando
969 2625 1061 2648 sonat
1086 2622 1116 2648 iu
1137 2622 1264 2653 malum,-
1292 2622 1313 2647 Β
1344 2621 1372 2648 in
1400 2629 1514 2655 marga
1547 2620 1747 2655 (lem)p!acr'o.

438 2656 473 2683 13.
496 2659 523 2684 A
546 2658 572 2683 in
597 2665 709 2691 marg:
732 2663 760 2683 2.
869 2664 914 2683 20.
936 2657 979 2683 A:
1001 2659 1143 2683 leslmur.
1252 2663 1294 2683 2?-
1317 2657 1344 2682 A
1365 2656 1392 2682 in
1417 2664 1530 2689 marg:
1560 2654 1640 2682 Nota
1666 2655 1749 2690 quod

434 2693 540 2719 induci
563 2692 593 2718 in
621 2692 851 2726 lenrptacionem
879 2694 982 2725 polest
1009 2699 1073 2717 esse
1105 2691 1276 2725 dupliciler.
1397 2698 1443 2722 24.
1471 2692 1497 2716 A
1524 2690 1553 2716 in
1583 2697 1696 2722 marg:
1724 2697 1746 2715 l.

434 2729 480 2753 2⁴).
505 2728 526 2753 A
552 2727 578 2753 iu
604 2735 715 2761 maren:
739 2734 766 2752 2.
842 2725 886 2752 Ὦ).
908 2728 934 2752 A
955 2727 984 2753 ἱιι
1009 2734 1122 2759 marga
1144 2734 1177 2760 3.

511 2799 558 2828 18.
584 2798 701 2828 jacobi
724 2798 746 2836 1,
771 2799 823 2830 13:
859 2797 980 2831 Nemo,
1013 2807 1088 2828 cum
1118 2801 1288 2833 tentatur,
1317 2796 1411 2827 dicat
1439 2795 1604 2836 quoniam
1630 2805 1651 2826 α
1674 2795 1747 2826 Deo

436 2849 605 2875 tentatur.
