2003 3322
174 706 189 738 5

154 1004 192 1024 10

156 1282 192 1315 15

155 2149 196 2180 30

205 238 440 291 CAP.xxvn]
724 249 860 279 ΙἾΗΜΑ
890 249 1015 280 PARS

207 356 294 403 plus
328 356 666 392 communicando
700 357 804 391 bona
837 355 1072 401 diffundere,
1119 355 1212 402 quia
1252 368 1273 391 a
1313 357 1396 390 Deo
1429 355 1516 390 luce

206 413 336 462 prima
370 415 562 450 docemur
594 415 911 462 unumquodque
944 415 1162 449 secundum
1189 412 1271 449 eius
1295 412 1513 448 bonitatem

207 471 384 519 diligere.

685 596 824 637 CAP.
858 596 1044 636 XXVI.

265 707 416 750 Quarta
438 713 570 740 autem
598 703 698 740 lucis
722 704 948 751 proprietas
973 712 1030 740 est
1053 705 1161 752 quod
1187 703 1377 739 instinctu
1401 712 1514 738 natu-

206 762 279 798 rali
303 770 360 798 est
389 761 541 798 homini
571 761 671 798 inter
697 761 910 810 qualitates
933 761 1177 810 gratissima3
1209 763 1314 809 quod
1340 769 1448 808 patet
1472 773 1515 796 ex

206 820 345 866 tribus,
369 819 500 867 primo
524 819 564 855 in
587 819 720 855 anima
745 832 821 867 que
844 819 1080 856 naturaliter
1103 820 1324 855 delectatur
1353 827 1514 854 actuare

206 877 428 914 subiectum
453 878 615 925 plenum
643 877 784 913 lucidis
818 877 1037 925 spiritibus,
1072 877 1215 926 quibus
1248 876 1404 913 siccatis
1436 889 1517 912 non

208 944 387 984 expectat
410 944 574 984 propter
598 937 806 972 horrorem
835 935 1035 972 terrestris
1069 935 1205 983 opaci3
1239 936 1344 971 unde
1367 936 1516 971 nedum

208 993 390 1030 homines
422 996 490 1030 sed
523 1003 560 1030 et
583 995 756 1041 pecudes
789 1003 831 1029 ut
854 993 976 1030 simee
999 995 1236 1042 perhorrent
1270 993 1309 1029 in
1342 992 1517 1029 tenebris

209 1061 245 1088 et
279 1052 381 1088 aeris
414 1051 566 1088 lumine
599 1060 784 1088 serenato
817 1051 1056 1088 naturaliter
1078 1051 1361 1088 iocundantur.
1402 1051 1518 1087 Unde

208 1112 428 1146 secundum
473 1110 630 1158 regulas
677 1109 925 1146 medicorum
973 1123 1070 1146 aura
1114 1108 1400 1157 pestilencialis
1447 1116 1517 1154 est,

209 1170 371 1217 quando
403 1167 562 1204 videtur
594 1168 731 1215 pluere
769 1177 804 1204 et
836 1180 916 1204 non
948 1167 1062 1215 pluit,
1111 1180 1156 1204 eo
1190 1168 1297 1215 quod
1331 1175 1426 1202 tunc
1463 1174 1520 1202 est

209 1226 317 1274 regio
351 1226 487 1274 opacis
521 1225 775 1262 terrestribus
815 1235 1023 1273 occupata,
1071 1235 1106 1261 et
1152 1238 1223 1274 per
1269 1236 1520 1272 consequens

210 1286 258 1321 ab
291 1283 559 1320 irradiacione
594 1283 747 1320 celestis
780 1283 942 1319 luminis
975 1293 1184 1331 tamquam
1225 1296 1292 1319 aer
1325 1282 1365 1318 in
1397 1291 1520 1330 puteo

210 1342 431 1390 prepedita.
461 1341 656 1378 Homines
675 1342 800 1378 eciam
816 1350 982 1389 propter
997 1341 1304 1389 generacionem
1321 1342 1519 1377 bonorum

210 1399 422 1448 spirituum
458 1413 480 1436 a
514 1400 665 1436 mundo
699 1399 850 1436 cibario
883 1401 1174 1447 productorum
1216 1407 1450 1435 recreantur
1482 1397 1522 1434 in

209 1458 358 1494 viribus
407 1459 696 1505 membrorum,
742 1457 1015 1494 exhilarantur
1055 1458 1094 1493 in
1135 1457 1343 1494 affectibus
1383 1457 1522 1493 volun-

209 1525 336 1552 tatum
383 1525 418 1552 et
465 1515 705 1564 generaliter
749 1515 1018 1553 fortificantur
1063 1515 1102 1551 in
1142 1515 1328 1552 omnibus
1372 1514 1522 1551 viribus

210 1574 453 1610 animorum.
487 1576 542 1609 Ex
575 1573 754 1610 efficacia
789 1573 913 1610 eciam
939 1573 1101 1610 luminis
1126 1573 1166 1609 in
1189 1573 1316 1609 tribus
1340 1571 1522 1621 proprie-

208 1632 357 1668 tatibus
394 1631 670 1679 superioribus
708 1631 919 1668 declaratis
952 1631 1047 1667 satis
1082 1632 1204 1668 claret
1238 1631 1361 1668 racio.
1405 1631 1519 1667 Unde

208 1690 273 1725 lux
319 1689 422 1725 inter
466 1689 679 1737 qualitates
725 1702 939 1738 corporeas
983 1691 1100 1726 debet
1145 1702 1228 1726 esse
1278 1687 1520 1737 gratissima.

210 1748 286 1784 Sed
320 1747 445 1784 tercio
469 1747 696 1795 specialiter
719 1756 829 1795 patet
852 1760 923 1796 per
947 1748 1022 1784 hoc
1046 1749 1150 1796 quod
1177 1759 1316 1784 omnes
1340 1746 1521 1783 homines

210 1814 353 1841 natura
386 1805 486 1842 scire
520 1805 747 1842 desiderant
787 1818 829 1842 ex
868 1806 1000 1854 primo
1033 1806 1318 1853 Metaphysice‚
1354 1806 1420 1840 sed
1458 1804 1521 1840 lux

210 1863 313 1899 inter
329 1863 542 1911 qualitates
559 1872 615 1899 est
637 1863 807 1899 maxime
823 1863 1130 1909 manifestativa,
1151 1863 1244 1912 quia
1256 1864 1455 1911 EphesV,
1474 1862 1516 1897 13

210 1920 347 1957 scribit
370 1922 604 1969 Apostolus:
646 1922 766 1958 Omne
798 1930 924 1958 autem
954 1923 1054 1970 quod
1086 1922 1362 1970 manifestatur
1396 1921 1521 1956 lumen

210 1987 277 2015 est.
331 1980 423 2015 Ideo
468 1979 630 2015 racione
671 1979 851 2016 doctrine
890 1979 968 2016 luci
1014 1979 1228 2016 afficimur.
1282 1980 1397 2015 Unde
1441 1991 1522 2014 non

212 2036 359 2073 mirum
409 2049 452 2073 ex
497 2036 604 2073 dicto
643 2037 769 2074 Tobie
808 2039 869 2084 IV,
910 2050 996 2086 cap.
1044 2047 1109 2074 12:
1165 2038 1289 2081 Quale
1333 2036 1521 2087 gaudium

212 2095 328 2131 michi
351 2095 424 2131 erit
447 2103 536 2141 etc.,
572 2094 665 2143 quia
696 2096 832 2131 lumen
865 2096 1073 2132 oculorum
1104 2096 1228 2143 (quod
1253 2103 1310 2131 est
1333 2107 1521 2130 sensuum

212 2151 532 2199 subtilissimum)
565 2166 646 2189 non
678 2154 859 2201 procedit
891 2153 931 2189 in
965 2162 1055 2190 actu
1095 2153 1170 2189 nisi
1203 2152 1354 2189 lumine
1389 2151 1522 2188 celesti

211 2210 330 2247 fuerit
363 2211 630 2258 superfusum.

270 2269 638 2316 Cot-respondentes
670 2269 804 2305 lumen
837 2269 1051 2317 sapiencie,
1092 2282 1170 2317 qua
1200 2271 1306 2305 Deus
1346 2267 1523 2315 diligitur

213 2335 270 2362 est
303 2326 464 2362 cuilibet
496 2326 581 2362 sani
615 2326 751 2362 iudicii
776 2327 1064 2374 gratissimum,
1101 2340 1191 2363 cum
1214 2326 1309 2363 facit
1334 2338 1521 2373 eroycum

214 2383 374 2420 celestia
420 2384 641 2432 sapientem
694 2396 763 2433 qne
805 2397 958 2421 sursum
999 2392 1085 2420 szmt
1124 2397 1283 2433 querere
1331 2387 1388 2427 (ut
1428 2382 1522 2419 dicit

182 2436 429 2489 prostolus
469 2442 600 2480 Colos.
632 2444 692 2488 ΙΙΙ,
741 2446 786 2487 1).
841 2443 941 2478 Cum
982 2451 1114 2479 autem
1157 2445 1263 2478 Deus
1301 2441 1350 2477 sit
1390 2440 1523 2477 anima

215 2499 336 2535 creati
370 2499 532 2548 spiritus
565 2512 635 2547 per
668 2501 802 2536 lumen
835 2500 980 2548 gracie,
1027 2500 1129 2536 sicut
1168 2500 1252 2547 ipse
1293 2508 1349 2535 est
1389 2498 1523 2535 anima

215 2557 394 2605 corporis
440 2560 643 2594 causando
682 2557 804 2594 vitam
842 2566 998 2604 nature⁷
1045 2567 1152 2605 patet
1199 2559 1306 2606 quod
1345 2556 1523 2593 increata

282 2726 305 2754 5.
327 2727 355 2754 A
375 2727 403 2753 in
426 2735 538 2761 marg:
559 2734 591 2760 4.
666 2736 699 2754 Η,
722 2727 837 2755 Codd.:
859 2735 941 2754 aere.
1017 2734 1053 2753 12.
1076 2727 1146 2754 Ain
1169 2735 1283 2761 marg:
1306 2726 1386 2754 Nola
1398 2726 1523 2762 quando

215 2764 260 2788 est
284 2769 364 2788 crura
380 2762 610 2796 pestz'lencialis.
684 2762 726 2789 25.
748 2763 785 2788 13:
808 2761 1066 2797 manifestis-sium.

289 2855 318 2887 5.
346 2855 397 2887 Cf.
425 2857 621 2896 Sermones,
650 2856 670 2887 1.
699 2867 726 2887 c.
754 2867 786 2898 p.
815 2855 891 2900 389,
919 2856 939 2887 l.
969 2857 1009 2897 37
1037 2863 1069 2887 et
1095 2866 1193 2898 seqq.

1551 722 1638 757 [eight
1658 722 1683 748 is
1705 726 1786 748 most

1578 758 1715 791 pleasant
1734 761 1765 783 to

1630 799 1711 818 man.

1575 1173 1731 1201 Darkness
1751 1173 1777 1200 is

1548 1209 1791 1236 unwholesome.

1577 1756 1669 1790 Light
1690 1756 1777 1790 lielps

1577 1790 1768 1825 knowledge,

1576 1825 1678 1853 which
1699 1833 1769 1852 men

1600 1860 1752 1896 naturally

1621 1895 1730 1922 desire.

1566 2275 1633 2303 The
1653 2276 1728 2311 light
1749 2276 1783 2302 of

1583 2311 1715 2337 wisdom
1737 2310 1762 2337 is

1602 2346 1749 2380 pleasant.
