2003 3322
158 225 208 261 82

178 879 202 897 ⁴2.
224 869 314 905 Light
334 868 360 895 is
380 869 429 895 the

174 910 255 932 most
276 903 430 932 universal

208 941 242 967 of
261 938 397 966 material

249 975 358 1001 forms.

205 1914 305 1942 There
325 1913 351 1940 is
372 1920 410 1939 no

219 1950 302 1984 place
322 1948 402 1975 from

229 1984 329 2011 which
351 1983 389 2009 its

213 2019 360 2046 inl-Iuence
381 2017 406 2044 is

231 2053 388 2081 excluded.

210 2389 233 2416 It
254 2389 313 2415 will
335 2388 411 2414 exist

256 2424 314 2450 and
338 2424 373 2450 be

207 2458 422 2492 strengthencd

862 230 979 262 opus
1006 228 1341 260 EVANGELICUM
1519 213 1626 268 [CAP.
1647 220 1758 250 xxiv.

446 338 547 388 ignis
587 345 770 388 congeret
807 349 924 385 super
957 343 1070 385 caput
1103 335 1221 371 eciam
1261 334 1404 370 inimici
1441 333 1566 369 instar
1599 331 1760 378 Christi,

446 405 488 432 ut
522 397 639 431 docet
673 394 840 443 Sapiens
872 396 986 430 Prov.
1010 395 1126 439 XXV,
1152 402 1218 428 22.
1252 394 1301 428 Et
1323 400 1366 427 ut
1389 390 1561 428 breviter
1583 390 1758 427 dicatur:

447 454 518 490 etsi
562 454 682 489 homo
712 465 933 501 numquam
964 451 1115 499 aliquid
1155 449 1340 487 didicerit
1369 458 1502 498 preter
1537 448 1761 485 doctrinam

445 512 560 547 istam
594 511 740 547 Christi
774 520 811 546 et
844 509 903 546 sui
937 509 1106 557 apostoli
1139 509 1186 544 de
1221 509 1323 555 luce,
1355 507 1554 544 sufficeret
1586 506 1660 543 sibi
1690 518 1764 554 pro

448 569 641 617 regimine
673 569 734 605 vie
767 577 804 604 et
836 568 977 616 patrie.
1012 568 1127 604 Unde
1149 567 1366 614 Apostolus
1390 578 1589 614 exponens
1613 562 1797 600 dietum5

450 641 566 663 suum
601 634 640 662 ut
661 627 742 677 filii
773 627 868 662 lucis
900 626 1094 662 ambulate
1116 625 1292 661 ostendit
1316 624 1428 661 cuius
1452 623 1551 660 lucis
1577 631 1614 659 et
1637 622 1766 659 cuius-

452 685 561 721 modi
602 684 672 721 filii
706 686 897 721 debemus
930 696 1026 721 esse.
1072 683 1220 730 Estote,
1258 682 1400 731 inquit,
1434 682 1647 717 imitatores
1678 681 1766 731 Dei,

453 744 549 779 sicut
569 743 651 791 filii
681 743 883 789 carissimi,
917 755 1004 778 nam
1033 742 1097 790 qni
1128 741 1257 792 diligit
1274 741 1503 790 proximum
1538 740 1662 790 legem
1695 739 1765 774 im-

452 802 585 851 plevit.

516 860 700 896 Secunda
732 858 831 895 lucis
869 857 1094 907 proprietas
1133 868 1382 905 consequens
1421 857 1471 893 ad
1503 855 1677 904 priorem
1712 863 1826 891 est10

458 919 563 967 quod
596 919 661 953 qu
694 925 751 953 est
782 916 824 952 in
853 915 1094 964 operacione
1126 913 1464 951 universalissima
1496 914 1599 950 inter
1631 925 1769 949 omnes

455 977 604 1012 formas
628 974 859 1011 huiusmodi
882 973 1128 1019 materiales;
1147 974 1255 1021 quod
1272 980 1383 1021 patet
1405 985 1449 1008 ex
1472 970 1769 1020 multiplicitate

455 1033 761 1082 operacionum‚
808 1045 851 1068 ex
885 1032 967 1068 eius
1001 1031 1228 1068 extensione
1261 1032 1395 1079 quoad
1427 1030 1561 1077 situm,
1609 1042 1652 1066 ex
1686 1029 1769 1065 eius

455 1091 673 1128 duracione
699 1092 833 1139 quoad
858 1103 986 1127 evum.
1022 1091 1151 1126 Habet
1173 1089 1278 1126 enim
1302 1097 1487 1125 naturam
1518 1086 1771 1136 producendi

454 1151 726 1199 quodcunque
760 1148 968 1185 materiale
1000 1148 1217 1184 sublunare
1250 1148 1469 1184 secundum
1504 1146 1768 1194 capacitatem
1790 1141 1827 1174 15

454 1208 635 1255 materie,
681 1216 724 1243 ut
768 1206 832 1243 hic
872 1214 1035 1254 generat
1078 1205 1282 1242 hominem
1324 1218 1368 1242 ex
1407 1209 1452 1241 20
1494 1203 1770 1252 Physicorum,

454 1266 507 1302 ibi
527 1266 695 1302 bestiam
723 1274 791 1302 aut
807 1266 1077 1313 quodcunque
1099 1264 1230 1301 vivum
1256 1264 1476 1300 secundum
1499 1261 1771 1299 variacionem

454 1323 618 1360 seminis
666 1324 773 1372 quod
817 1322 1005 1369 vivificat,
1053 1322 1158 1359 fovet
1211 1330 1248 1358 et
1299 1321 1422 1368 iuvat,
1477 1320 1541 1357 hic
1594 1319 1772 1357 dissolvit

454 1382 635 1430 glaciem,
682 1381 735 1417 ibi
769 1380 1007 1429 constringit
1039 1381 1182 1427 lutum,
1223 1379 1286 1416 hic
1326 1388 1463 1416 causat
1507 1378 1663 1425 iridem,
1708 1377 1773 1414 hic

455 1441 657 1487 halonem,
693 1448 730 1476 et
763 1443 820 1485 (ut
853 1439 1025 1475 breviter
1058 1438 1231 1486 dicatur)
1257 1451 1338 1474 non
1371 1446 1427 1474 est
1460 1438 1554 1473 dare
1588 1436 1772 1473 effectum
1789 1441 1831 1463 20

453 1499 680 1535 naturalem
715 1497 882 1534 alicuius
906 1496 1062 1545 generis
1087 1495 1309 1544 corporalis
1333 1497 1383 1532 ad
1407 1507 1526 1543 quem
1549 1507 1630 1531 non
1654 1495 1773 1531 habet

454 1558 518 1592 lux
552 1556 775 1593 efficaciam
810 1555 1059 1603 producendi
1100 1563 1136 1591 et
1177 1555 1421 1602 productum
1455 1553 1583 1589 inesse
1616 1564 1773 1589 conser-

454 1615 587 1652 vandi.
621 1617 723 1650 Nam
756 1613 995 1650 illustrando
1027 1612 1227 1660 triplicem
1252 1611 1437 1660 spiritum
1462 1610 1626 1648 animali
1649 1610 1772 1647 vitam

457 1673 540 1709 eius
591 1672 813 1718 continuat,
867 1681 909 1708 ut
948 1679 1057 1719 patet
1102 1670 1141 1706 in
1184 1670 1287 1706 libro
1337 1669 1457 1706 fontis
1500 1669 1591 1715 vite,
1636 1680 1773 1716 ymmo

457 1732 677 1767 secundum
716 1730 962 1766 Albumazar
1001 1729 1104 1765 libro
1144 1729 1191 1764 de
1232 1727 1391 1764 Iudiciis
1430 1728 1641 1764 Astrorum
1682 1726 1774 1763 alle-
1791 1720 1831 1753 25

457 1798 617 1837 gantem
652 1790 896 1836 Ipocratem:
931 1788 1004 1823 nisi
1034 1787 1239 1823 stellarum
1267 1787 1338 1822 lux
1361 1787 1407 1822 de
1429 1793 1538 1822 nocte
1558 1785 1776 1821 subtiliaret

461 1848 683 1884 densitatem
716 1847 831 1893 aeris,
865 1847 1082 1883 destrueret
1115 1857 1225 1881 omne
1257 1845 1396 1882 vivum.

520 1908 569 1941 Et
607 1906 742 1953 quoad
779 1904 876 1941 situs
914 1903 1187 1940 extencionem
1227 1902 1367 1939 dicunt
1405 1900 1635 1950 philosophi
1667 1901 1776 1949 quod

462 1977 483 2000 a
516 1976 675 1999 summo
722 1963 806 1999 celo
846 1961 1025 2010 empireo
1069 1973 1194 2009 usque
1234 1962 1284 1996 ad
1324 1959 1462 1996 mundi
1507 1959 1685 1996 medium
1718 1966 1777 1994 est

462 2021 624 2069 diffusa3
671 2029 781 2068 patet
820 2020 903 2056 eius
943 2019 1121 2056 efficacia
1154 2019 1194 2055 in
1228 2028 1340 2055 motu
1373 2017 1507 2065 maris,
1540 2017 1581 2053 in
1613 2028 1776 2065 genera·
1793 2011 1835 2043 30

462 2079 575 2116 cione
608 2079 788 2127 lapidum
813 2087 850 2114 et
874 2077 1141 2123 mineralium,
1176 2076 1217 2113 in
1250 2085 1353 2113 terre
1385 2075 1615 2125 visceribus,
1651 2083 1687 2111 et
1720 2073 1776 2110 sic

460 2137 517 2174 vis
552 2137 635 2173 eius
668 2137 760 2173 licet
792 2136 906 2173 nobis
940 2135 1178 2172 insensibilis
1202 2134 1392 2183 pertingit
1414 2133 1576 2182 ubique.
1610 2135 1665 2169 Ex
1697 2144 1777 2180 quo

462 2204 571 2243 patet
604 2196 712 2243 quod
750 2207 830 2231 non
865 2203 921 2231 est
954 2193 1155 2242 possibile,
1196 2192 1345 2229 alicubi
1378 2205 1462 2229 esse
1494 2204 1637 2240 puram
1670 2199 1778 2227 tene-

463 2256 590 2299 bram,
639 2253 732 2302 quia
764 2262 859 2289 tunc
892 2251 1037 2289 alicubi
1079 2260 1178 2288 esset
1220 2251 1387 2288 materia
1426 2249 1624 2295 informis3
1670 2248 1777 2297 quod

463 2324 543 2347 non
577 2320 633 2347 est
665 2310 927 2359 intelligibile.
1794 2299 1834 2334 35

522 2372 570 2405 Et
594 2370 727 2417 quoad
759 2368 1101 2405 universalitatem
1135 2366 1328 2416 temporis
1352 2374 1462 2415 patet
1485 2366 1592 2415 quod
1624 2365 1689 2400 lux
1721 2372 1779 2400 est

467 2436 648 2464 creatura
658 2427 787 2475 prime
803 2427 879 2463 diei
890 2428 1002 2472 (Gen.
1014 2428 1117 2473 I).Et
1133 2426 1172 2461 in
1187 2425 1270 2462 eius
1283 2424 1572 2461 fortificacione
1589 2421 1779 2459 termina-

178 2495 252 2521 nster
273 2494 322 2519 Ille
343 2493 400 2519 end
422 2496 451 2519 01
467 2485 572 2521 bitur
588 2485 726 2521 mundi
744 2485 955 2536 perfeccio,
976 2497 1067 2521 eum
1082 2484 1198 2520 Ysaie
1213 2485 1310 2530 XIII,
1329 2484 1395 2530 26,
1412 2482 1557 2519 dicitur
1572 2482 1678 2530 quod
1689 2487 1780 2530 post

222 2530 271 2555 the
292 2528 399 2555 world.

469 2686 582 2739 nvn-iro'·
599 2679 684 2740 &loia
699 2686 812 2713 marg:
838 2684 853 2703 2
873 2678 907 2704 B.
1015 2677 1055 2704 25.
1080 2675 1198 2704 Codd.:
1219 2676 1385 2703 secundum
1405 2674 1521 2702 Albnar.
1632 2674 1677 2701 26.
1699 2675 1726 2701 A
1748 2673 1777 2700 in

502 2732 506 2739 .
537 2734 581 2747 ᾖ..
689 2734 694 2739 ,

538 2807 569 2838 7.
596 2796 684 2837 Eph.
717 2798 756 2835 V,
801 2807 827 2827 1.
975 2807 1024 2827 ιο.
1065 2796 1117 2827 Cf.
1151 2797 1349 2835 Sermones,
1391 2794 1410 2825 l.
1443 2805 1470 2825 c.
1507 2804 1539 2834 p.
1576 2793 1649 2833 382,
1694 2792 1714 2823 l.
1748 2793 1777 2826 Β.

471 2843 522 2874 25.
550 2843 769 2881 Albumazar,
798 2844 817 2873 i.
845 2853 874 2873 e.
902 2842 1099 2873 Aibunazar
1125 2843 1217 2879 (Abu
1244 2843 1331 2872 Nasr
1358 2840 1536 2880 Alfarabi).
