2003 3322
165 861 202 881 10

164 1138 199 1170 15

161 1438 201 1459 20

155 2539 200 2569 40

217 214 305 243 CAP.
327 206 455 261 xxvi]
691 216 901 249 sEcuNDA
930 217 1056 248 PARS.

276 325 319 361 Si
349 325 445 362 enim
468 325 608 374 fenum
642 325 736 376 agri
766 325 867 374 quod
899 325 1011 361 hodie
1033 332 1088 361 est
1110 332 1145 361 et
1168 337 1257 361 cras
1279 325 1314 360 in
1339 325 1528 361 clibanum

218 383 395 427 mittitur,
426 384 533 420 Deus
554 383 608 420 sic
642 383 764 429 vestit,
796 391 938 433 quanto
972 383 1100 434 magis
1133 395 1199 419 vos
1232 383 1381 419 modice
1401 383 1531 433 fidei?

219 442 261 477 Si
291 454 388 492 ergo
401 441 571 492 floribus
593 441 647 477 sic
670 442 828 487 occurit,
862 441 926 490 qui
955 441 1009 478 sic
1042 441 1122 477 nati
1150 448 1250 487 sunt,
1291 449 1331 477 ut
1362 448 1529 477 tantum-

218 500 331 535 modo
371 500 574 535 videantur
616 507 651 535 et
689 507 864 549 pereant,
910 499 1081 535 homines
1120 499 1298 550 negligit,
1343 511 1437 547 quos
1474 500 1529 535 sic

218 557 375 601 creavit,
408 565 448 593 ut
478 570 551 593 non
580 569 655 605 pro
688 565 863 606 tempore
895 557 1100 593 videantur
1136 558 1206 593 sed
1238 564 1276 592 ut
1307 569 1461 606 semper
1492 557 1528 592 in

217 622 390 664 tempore
421 615 527 651 sint?
565 615 641 659 Qui
671 615 853 665 intelligit
874 615 966 664 quid
998 623 1053 651 est
1076 616 1202 661 homo,
1242 627 1314 650 non
1349 615 1530 664 desperat

218 673 264 709 de
295 673 392 719 Deo,
426 673 490 721 qui
509 680 633 708 autem
659 674 840 722 desperat
863 674 909 709 de
931 674 1027 720 Deo,
1062 673 1180 709 nescit
1202 672 1292 721 quid
1321 681 1377 708 est
1399 673 1525 718 homo,

216 731 393 779 quoniam
427 731 540 767 homo
574 738 629 766 est
661 738 696 766 et
728 731 834 767 Deus
868 731 904 767 in
937 731 1099 767 homine.
1135 732 1219 767 Hec
1243 730 1524 767 Crisostomus.

277 790 330 824 Ex
357 788 433 825 isto
463 787 695 825 testimonio
718 788 865 837 triplici
889 788 1040 825 scilicet
1063 788 1209 825 Christi
1234 797 1270 824 et
1294 797 1523 824 sanctorum

218 847 389 882 duorum
424 846 552 894 ipsum
592 846 881 894 exponencium
923 855 1033 894 patet
1073 859 1163 882 cum
1204 846 1310 882 facto
1349 845 1525 882 hominis

218 913 254 940 et
287 903 450 952 privatis
489 903 618 940 verbis
656 916 815 940 sensum
856 904 950 940 facti
989 903 1048 940 sui
1091 904 1378 952 exponentibus
1417 905 1526 952 quod

218 973 362 1009 magna
407 974 498 1009 pars
537 961 739 998 viancium
779 961 819 997 in
857 961 933 998 isto
978 962 1091 998 devio
1138 961 1178 997 in
1227 961 1304 997 fide
1351 962 1525 1006 deficiat,

218 1018 311 1067 quia
350 1019 578 1056 sollicitudo
613 1028 649 1056 et
687 1020 768 1056 vita
805 1019 1013 1056 hominum
1058 1028 1268 1065 testantur,
1315 1021 1423 1067 quod
1467 1020 1527 1056 vel

217 1078 399 1120 eredunt,
431 1079 538 1125 quod
562 1080 668 1113 Deus
692 1077 732 1113 in
755 1077 1015 1125 providencia
1039 1090 1108 1113 sua
1126 1078 1308 1114 dormiat
1330 1078 1390 1114 vel
1419 1078 1529 1125 quod

217 1134 397 1171 Christus
428 1135 469 1171 in
503 1148 620 1171 sensu
653 1135 729 1172 isto
763 1144 806 1171 ut
839 1135 986 1171 delirus
1019 1135 1193 1185 deficiat,
1233 1135 1327 1183 quia
1360 1147 1529 1172 connec-

217 1194 337 1229 tendo
383 1202 508 1229 totam
551 1192 669 1229 fidem
712 1193 842 1229 divine
884 1193 1140 1241 providencie
1182 1202 1218 1229 et
1252 1193 1347 1229 dicti
1381 1192 1529 1230 Christi

216 1250 424 1298 proposito
474 1251 682 1287 manifeste
722 1250 1025 1287 convinceretur
1065 1251 1282 1287 multitudo
1326 1250 1526 1287 viancium

217 1320 259 1344 ex
292 1321 437 1345 errore.
479 1310 570 1344 ldeo
612 1321 702 1345 cum
738 1309 918 1345 Christus
950 1321 1023 1345 nec
1057 1321 1100 1345 ex
1133 1308 1340 1345 divinitate
1378 1321 1451 1345 nec
1486 1321 1528 1344 ex

216 1366 467 1403 humanitate
500 1366 575 1402 isto
610 1367 780 1403 docente
810 1375 942 1415 potest
975 1366 1156 1412 deficere,
1192 1366 1402 1402 manifeste
1436 1379 1528 1403 con-

215 1423 389 1460 vincitur
433 1425 540 1473 quod
573 1433 782 1472 peccatum
826 1424 1033 1461 hominurn
1077 1433 1134 1461 est
1172 1424 1211 1461 in
1253 1437 1372 1461 causa
1405 1437 1528 1472 quare

216 1481 407 1518 deficiunt
430 1482 470 1518 in
493 1482 568 1518 ista
591 1481 863 1519 sollicitudine
886 1482 992 1519 circa
1017 1484 1222 1519 mundana
1244 1495 1320 1530 que
1344 1482 1528 1518 videntur

216 1552 298 1576 esse
322 1540 448 1588 magis
479 1540 718 1584 necessaria,
750 1539 974 1576 cuiusmodi
999 1550 1090 1577 sunt
1113 1540 1259 1577 cibaria
1287 1549 1323 1577 et
1347 1540 1527 1588 corporis

215 1607 459 1645 tegumenta.
495 1599 586 1634 Ideo
612 1611 701 1634 cum
727 1599 832 1634 Deus
856 1598 895 1634 in
918 1597 1177 1646 providencia
1200 1610 1272 1634 sua
1293 1611 1374 1634 non
1397 1607 1527 1646 potest

215 1655 399 1700 deficere,
447 1668 609 1692 necesse
650 1665 706 1692 est
745 1657 853 1703 quod
891 1665 1100 1703 peccatum
1142 1655 1343 1693 viancium
1392 1655 1441 1691 sit
1485 1656 1525 1691 in

215 1725 347 1759 causa,
382 1726 506 1761 quare
536 1722 594 1749 tot
618 1713 908 1750 sollicitudines
932 1723 1023 1750 sunt
1047 1723 1186 1750 contra
1210 1715 1337 1762 legem
1363 1713 1524 1750 Domini

214 1781 425 1819 usurpate;
472 1771 681 1807 hominum
728 1783 822 1819 ergo
868 1771 1080 1808 curiositas
1125 1784 1200 1820 que
1245 1771 1300 1808 sic
1344 1771 1525 1808 abutitur

215 1828 329 1865 bonis
363 1829 433 1866 Dei
467 1838 504 1865 et
536 1830 814 1865 laboratorum
849 1829 1048 1866 desideria
1084 1830 1190 1866 circa
1220 1830 1291 1866 hec
1321 1828 1524 1866 vescibilia

214 1896 306 1923 sunt
351 1887 389 1923 in
439 1899 571 1930 causa,
620 1899 743 1935 quare
774 1884 778 1939 1
807 1899 933 1935 genus
978 1887 1179 1924 viancium
1226 1896 1283 1924 est
1327 1886 1368 1923 in
1411 1896 1524 1923 tanta

215 1945 476 1993 desperancia
510 1946 645 1992 quoad
679 1957 824 1993 corpus
864 1954 901 1981 et
934 1945 1111 1982 animam
1152 1946 1191 1981 in
1224 1945 1299 1982 ista
1339 1945 1521 1981 materia.

272 2002 389 2039 Circa
428 2002 541 2039 cuius
582 2002 955 2039 consideracionem
1001 2005 1223 2040 notandum
1270 2004 1379 2051 quod
1423 2011 1522 2039 tem-

214 2060 367 2108 poralia
413 2060 639 2097 necessaria
681 2073 889 2109 nunquam
939 2061 1145 2108 deficiunt,
1192 2061 1267 2097 nisi
1313 2070 1522 2109 peccatum

214 2118 414 2154 viancium
448 2118 516 2166 qui
550 2131 665 2154 usum
698 2118 983 2166 temporalium
1017 2120 1212 2155 haberent
1245 2118 1294 2155 sit
1317 2119 1357 2154 in
1383 2131 1522 2164 causa;

214 2176 275 2212 vel
332 2176 436 2212 enim
491 2178 596 2213 Deus
648 2176 688 2212 in
741 2176 991 2224 providendo
1051 2177 1239 2213 deficeret
1290 2177 1350 2213 vel
1401 2177 1524 2212 homo

214 2235 421 2281 peccando
461 2234 522 2270 cui
564 2236 669 2270 Deus
708 2234 804 2270 talia
848 2234 1097 2282 provideret3
1143 2235 1341 2271 defectum
1391 2243 1523 2270 autem

185 2297 298 2327 ‘non
332 2301 461 2339 potest
495 2291 621 2328 fidelis
654 2294 739 2328 Deo
771 2291 992 2340 imponere,
1034 2305 1124 2329 curn
1164 2292 1213 2329 sit
1254 2291 1523 2340 omnipotens,

215 2349 456 2385 omnisciens
480 2358 518 2386 et
541 2349 786 2396 omnivolus;
820 2350 911 2386 ideo
947 2363 1029 2386 non
1059 2359 1251 2399 superest,
1277 2350 1352 2386 nisi
1376 2358 1418 2386 ut
1441 2358 1525 2386 tota

215 2408 333 2455 culpa
365 2407 519 2443 homini
552 2407 799 2455 imponatur.

273 2467 362 2502 Duo
407 2477 502 2512 ergo
542 2474 634 2501 sunt
672 2474 839 2514 peccata
886 2465 1047 2502 racione
1086 2478 1259 2514 quorum
1305 2466 1427 2502 homo
1467 2474 1524 2502 est

214 2522 346 2559 taliter
378 2523 617 2571 puniendus,
663 2523 837 2571 primurn
873 2525 982 2571 quod
1014 2524 1136 2560 horno
1169 2523 1289 2560 nimis
1322 2523 1523 2571 superflue

216 2589 252 2616 et
285 2580 440 2617 curiose
473 2581 651 2617 abutitur
685 2581 799 2617 bonis
833 2581 919 2627 Dei,
953 2590 990 2617 et
1018 2583 1239 2618 secundum
1270 2583 1378 2630 quod
1401 2582 1522 2618 homo

215 2647 354 2675 contra
403 2639 531 2686 legem
577 2638 739 2675 Domini
789 2638 829 2675 in
881 2638 1078 2675 desideria
1118 2640 1341 2686 volutatur;
1387 2648 1424 2675 et
1468 2639 1524 2675 sic

282 2782 311 2804 4-
334 2772 373 2799 B:
394 2775 425 2799 et
442 2775 584 2805 pareant.
674 2773 702 2799 6.
723 2773 827 2800 Recte:
850 2774 880 2800 in
898 2776 1050 2808 perpetuo
1069 2773 1139 2800 sint.
1230 2782 1257 2808 7.
1278 2774 1322 2800 A:
1343 2774 1399 2808 qui
1423 2776 1525 2801 autem

213 2806 358 2842 desperat
369 2807 406 2834 de
420 2807 485 2834 Deo
501 2807 592 2834 deest.
666 2808 708 2835 25.
723 2809 767 2835 A:
784 2808 815 2835 in
827 2808 896 2843 lege
917 2807 945 2834 D
960 2808 1051 2835 mini.
1124 2815 1171 2843 29.
1186 2808 1231 2835 A:
1253 2808 1523 2843 ‹it-temperanda.

215 2848 261 2875 42.
283 2841 322 2868 13:
345 2842 463 2868 desidia
485 2843 652 2869 volutatur.

1740 206 1810 254 341

1560 786 1655 814 Meu's
1676 792 1757 814 want
1777 789 1811 815 of

1550 822 1640 856 faith;
1664 823 1733 849 how
1753 822 1810 850 few

1569 862 1616 884 act
1636 865 1675 884 on
1696 857 1782 884 these

1598 892 1703 919 words
1723 892 1757 918 of

1623 925 1739 954 Christ.

1552 1653 1727 1680 Daiutiness
1747 1654 1805 1681 and

1557 1688 1657 1715 desire
1678 1688 1804 1716 mislead

1655 1731 1699 1750 us.

1560 2000 1588 2026 If
1605 2000 1793 2026 necessaries

1544 2034 1593 2061 fai!
1616 2042 1651 2060 us
1673 2035 1693 2061 it
1715 2035 1739 2061 is
1759 2035 1807 2061 the

1567 2069 1661 2096 result
1681 2070 1716 2096 of
1732 2070 1790 2097 sin.

1590 2473 1651 2502 We
1671 2478 1764 2500 waste

1557 2508 1654 2536 God's
1675 2509 1746 2543 gitts
1765 2509 1796 2535 in

1537 2551 1594 2571 our
1605 2548 1814 2570 wantonncss.
