2003 3322
180 268 199 293 ἱ.)

211 260 227 295 m

238 270 256 294 KQ

860 263 979 294 opos
1004 263 1340 296 EVANGELICUM
1599 252 1706 307 [CAP.
1726 262 1779 290 ιν.

462 369 717 418 pecuniarum
757 369 881 405 solent
910 369 1062 417 femine
1103 382 1195 417 esse,
1243 370 1361 406 lateat
1393 382 1470 416 eas,
1516 382 1602 406 cum
1634 370 1781 419 aliquid

467 426 775 463 misericorditer
813 427 944 477 egenis
982 428 1206 477 impendunt
1244 428 1320 463 viri
1350 440 1484 463 earum
1512 435 1679 477 propter
1711 429 1779 464 do-

467 484 645 520 mesticas
683 485 779 522 lites.
832 485 954 528 Quasi
991 498 1082 521 vero
1113 486 1188 521 soli
1219 485 1294 521 viri
1330 485 1533 521 christiani
1566 493 1667 532 sunt,
1706 498 1779 522 non

466 542 538 578 hoc
564 550 791 591 preceptum
824 543 943 578 eciam
965 543 1130 591 feminis
1152 544 1283 579 datum
1307 550 1373 579 est.
1414 543 1486 578 Cui
1506 543 1603 579 enim
1626 544 1781 579 sinistre

466 600 617 635 iubetur
636 601 791 649 femina
825 601 1020 636 occultare
1047 613 1143 650 opus
1165 601 1430 637 misericordie
1451 601 1547 637 sue?
1578 601 1635 637 An
1659 601 1778 637 eciam
1796 603 1812 636 5

469 658 529 693 vir
560 658 719 694 sinistra
752 660 826 694 erit
846 658 1030 707 femine?
1061 659 1163 707 quod
1194 659 1473 695 absurdissime
1505 659 1657 695 dicitur.
1704 658 1780 694 Aut

465 716 500 751 si
530 715 717 765 quispiam
736 723 850 765 putat
882 716 1042 752 invicem
1075 717 1147 752 sibi
1175 717 1353 753 sinistros
1385 729 1478 764 esse,
1510 717 1543 753 si
1573 717 1620 752 ab
1652 717 1779 753 altero

467 773 519 808 ita
552 781 740 824 erogetur
771 774 919 822 aliquid
952 775 998 810 de
1027 775 1293 823 refamiliari‚
1327 782 1366 809 ut
1388 775 1436 811 sit
1458 782 1594 810 contra
1617 775 1779 811 alterius

468 831 714 877 voluntatem,
769 845 841 868 non
886 831 960 868 erit
1003 832 1256 868 christianum
1301 833 1378 868 tale
1424 832 1659 883 coniugium,
1710 833 1779 868 sed

468 901 619 926 necesse
652 897 707 925 est
739 897 778 925 ut
806 890 973 938 quisquis
996 902 1128 926 eorum
1153 890 1417 940 elemosynam
1432 890 1576 938 facere
1599 890 1777 934 voluerit,
1799 904 1837 925 10

467 959 518 983 ex
544 955 730 996 precepto
753 948 839 993 Dei,
873 960 1131 997 quemcunque
1158 949 1365 984 adversum
1397 948 1573 984 habuerit
1604 948 1779 984 inimicus

466 1005 517 1040 sit
549 1013 734 1054 precepto
767 1005 843 1041 Dei
879 1013 915 1041 et
952 1006 1035 1042 ideo
1074 1006 1174 1042 inter
1211 1006 1383 1055 infideles
1422 1006 1648 1055 deputetur:
1685 1018 1779 1055 pre-

467 1070 617 1112 ceptum
656 1070 710 1099 est
748 1070 873 1099 autem
909 1064 955 1099 de
986 1064 1137 1110 talibus,
1183 1071 1223 1099 ut
1254 1064 1350 1100 hona
1383 1076 1452 1100 sua
1485 1064 1780 1100 conversacione

467 1128 534 1156 aut
566 1121 738 1157 moribus
769 1122 911 1157 sanctis
946 1122 1172 1170 lucrifaciat
1206 1133 1370 1158 uxorem
1395 1122 1586 1171 infidelem
1614 1121 1780 1158 maritus

455 1179 592 1228 fidelis
630 1180 691 1215 vel
728 1179 910 1214 maritum
950 1179 1140 1229 infidelem
1181 1180 1322 1216 mulier
1347 1180 1496 1229 fidelis,
1541 1184 1835 1229 quapropter15

468 1249 540 1273 non
571 1237 644 1273 sibi
674 1238 809 1273 debent
841 1238 1036 1274 occultare
1068 1250 1186 1286 opera
1219 1238 1315 1273 bona
1348 1250 1416 1273 sua
1450 1238 1582 1286 quibus
1605 1237 1782 1273 imitandi

466 1302 554 1330 sunt
575 1296 621 1330 ab
645 1295 805 1331 invicem
831 1303 870 1330 ut
891 1296 993 1331 alter
1014 1296 1180 1332 alterum
1191 1296 1316 1345 possit
1329 1296 1511 1345 adfidem
1527 1295 1779 1332 christianam

466 1360 501 1388 et
540 1354 843 1389 communionem
885 1353 1061 1391 invitare.
1110 1354 1190 1389 Nec
1219 1354 1339 1401 furta
1368 1353 1557 1402 facienda
1595 1360 1695 1396 sunt,
1740 1360 1780 1388 ut

469 1411 575 1447 Deus
592 1419 881 1460 promereatur.
922 1412 1036 1456 Quod
1056 1411 1091 1447 si
1111 1412 1381 1448 occultandum
1401 1418 1456 1448 est
1477 1411 1624 1460 aliquid
1646 1423 1778 1460 quam-

468 1469 532 1504 diu
570 1469 732 1506 alterius
770 1469 975 1519 infirmitas
1012 1481 1105 1518 equo
1143 1470 1271 1505 animo
1305 1482 1376 1506 non
1411 1477 1540 1519 potest
1576 1469 1778 1516 sustinere,
1795 1484 1838 1505 20

467 1528 569 1575 quod
601 1539 685 1563 cum
719 1540 792 1563 non
825 1527 961 1563 iniuste
992 1534 1106 1576 atque
1137 1527 1267 1563 illicite
1286 1527 1352 1577 fit,
1392 1540 1464 1563 non
1497 1534 1623 1563 tamen
1655 1527 1778 1576 ipsam

468 1597 565 1621 nunc
608 1585 805 1621 sinistram
850 1585 1069 1636 significari
1110 1585 1232 1621 tocius
1270 1585 1431 1635 capituli
1467 1585 1779 1622 consideracione

459 1643 586 1691 facile
608 1650 784 1692 apparet,
807 1643 843 1679 in
859 1655 931 1692 qua
949 1643 1066 1679 simul
1081 1643 1294 1680 invenietur
1308 1655 1419 1692 quam
1443 1643 1639 1679 sinistram
1660 1649 1778 1680 vocet.

178 1710 245 1738 The
266 1711 411 1746 meaning
428 1710 454 1738 is
532 1701 686 1745 Cavete,
726 1700 869 1749 inquit⁷
903 1701 1091 1738 iusticiam
1126 1709 1294 1737 vestram
1317 1702 1463 1750 facere
1492 1713 1626 1737 coram
1659 1700 1781 1736 homi-

213 1747 303 1780 clear,
325 1745 350 1772 if
367 1754 413 1772 we

209 1780 355 1808 consider
375 1782 426 1807 the

187 1816 287 1843 whole
307 1815 442 1851 chapter.

470 1758 590 1803 nibus,
625 1766 665 1794 ut
698 1759 906 1795 videamini
935 1760 981 1795 ab
1014 1760 1088 1795 eis:
1118 1759 1286 1808 alioquin
1320 1759 1535 1795 mercedem
1569 1771 1642 1795 non
1668 1758 1779 1794 habe·
1798 1765 1837 1796 25

469 1817 555 1853 bitis
599 1818 704 1866 apud
737 1824 905 1866 patrem.
957 1817 1204 1853 Generaliter
1242 1817 1302 1853 hic
1333 1817 1523 1853 iusticiam
1556 1816 1779 1861 nominavit,

470 1875 606 1911 deinde
644 1875 945 1924 particulariter
989 1875 1224 1923 exsequitur.
1271 1875 1343 1911 Est
1381 1875 1478 1911 enim
1513 1887 1613 1924 pars
1651 1874 1779 1922 aliqua

468 1933 614 1968 iusticie
645 1945 741 1982 opus
772 1933 875 1981 quod
900 1945 976 1982 per
1013 1933 1258 1969 elemosinam
1285 1933 1360 1983 fit;
1398 1940 1433 1969 et
1471 1932 1556 1968 ideo
1595 1931 1782 1968 connectit

469 1991 650 2026 dicendo:
687 1991 781 2027 Cum
815 1991 940 2041 igitur
961 1991 1071 2039 facis
1102 1992 1381 2041 elemosynam,
1414 1990 1493 2027 noli
1521 1990 1610 2026 tuba
1643 2001 1782 2026 canere

469 2056 557 2084 ante
589 2056 636 2094 te,
681 2049 779 2085 sicut
802 2049 992 2099 ypocrite
1012 2049 1173 2097 faciunt
1205 2049 1240 2084 in
1273 2048 1496 2099 synagogis
1529 2055 1564 2084 et
1597 2047 1700 2094 vicis,
1740 2054 1780 2083 ut
1797 2049 1839 2081 30

468 2106 743 2157 glorificentur
774 2108 820 2142 ab
854 2107 1079 2143 hominibus.
1114 2107 1176 2142 Ad
1207 2106 1278 2142 hoc
1302 2106 1459 2156 respicit
1481 2106 1583 2155 quod
1602 2105 1782 2155 superius

470 2165 632 2200 dicitur:
669 2165 810 2201 Cavete
826 2165 970 2213 facere
992 2165 1181 2201 iusticiam
1206 2171 1374 2201 vestram
1398 2176 1531 2200 coram
1555 2163 1782 2210 hominihus,

469 2230 509 2258 ut
531 2223 740 2259 videamini
759 2223 806 2258 ab
830 2223 893 2259 eis.
935 2223 1050 2266 Quod
1072 2235 1163 2259 vero
1185 2223 1378 2271 sequitur:
1409 2222 1529 2258 Amen
1554 2222 1639 2257 dico
1663 2221 1782 2266 vobis,

470 2287 701 2330 receperunt
733 2281 951 2317 mercedem
983 2292 1106 2327 suam,
1139 2281 1191 2316 aa'
1223 2281 1322 2316 illud
1354 2280 1509 2329 respicit
1538 2280 1640 2328 quod
1660 2291 1781 2328 supra

465 2339 617 2388 posuit:
660 2338 838 2387 Alioquin
879 2339 1095 2374 mercedem
1138 2351 1210 2374 non
1250 2338 1435 2374 habebitis
1472 2339 1577 2387 apud
1610 2337 1838 2387 patrem.35

470 2397 621 2432 Deinde
663 2397 855 2445 sequitur:
899 2397 950 2432 Te
993 2403 1121 2432 autem
1160 2396 1336 2445 faciente
1376 2396 1634 2432 elemosinam.
1685 2394 1780 2430 Cum

470 2455 580 2490 dicit:
625 2455 675 2489 Te
712 2462 852 2500 autem,
898 2454 989 2502 quid
1031 2455 1140 2490 aliud
1184 2454 1275 2490 dicit
1306 2466 1419 2503 quam
1466 2454 1552 2489 Non
1593 2452 1782 2502 quomodo

469 2512 556 2547 illi?
600 2512 704 2556 Quid
735 2512 858 2562 igitur
890 2512 989 2548 iubet
1021 2512 1144 2548 mihi?
1188 2513 1239 2548 Te
1270 2519 1395 2548 autem
1425 2511 1612 2560 faciente,
1650 2510 1782 2560 inquit,

538 2690 565 2715 4.
583 2681 604 2709 B
617 2680 804 2718 :femininis.
879 2689 919 2715 ¹4-
935 2681 982 2708 A:
997 2688 1036 2708 ac
1049 2680 1201 2713 moribus;
1214 2680 1255 2707 ib.
1271 2681 1314 2707 A:
1329 2680 1446 2718 sanctis
1460 2679 1560 2713 deest;
1576 2678 1658 2718 ib3A
1670 2688 1675 2706 :
1689 2678 1783 2705 lucri-

460 2713 573 2751 facio;
602 2717 641 2744 ib.
662 2717 707 2744 A:
729 2716 882 2749 infidelem
903 2716 1002 2748 deest;
1036 2715 1057 2742 B
1078 2715 1107 2742 in
1130 2723 1243 2750 marg:
1264 2714 1370 2742 Add1t.
1489 2713 1525 2741 15.
1547 2714 1591 2741 A:
1612 2712 1780 2748 infidelem;

472 2752 492 2778 Β
512 2751 542 2778 in
564 2760 677 2787 marg:
699 2751 805 2778 Addit.
926 2750 965 2778 18.
997 2751 1041 2778 A:
1074 2750 1218 2782 imitare;
1250 2749 1287 2776 B:
1322 2751 1449 2776 mutare.
1564 2748 1603 2782 18,
1624 2755 1667 2780 ιο.
1688 2747 1726 2774 Β;
1750 2750 1782 2774 ut

470 2786 629 2848 Plo-mininis.
714 2793 757 2813 22.
779 2787 822 2812 A:
843 2785 976 2821 signari.
1062 2783 1105 2812 32.
1127 2785 1164 2812 B:
1185 2784 1299 2812 dicitur
1319 2783 1411 2810 deest.
1493 2781 1539 2811 38.
1561 2783 1598 2810 B:
1623 2779 1782 2818 Quomodo

469 2829 479 2847 ι
505 2829 515 2847 ι
534 2829 563 2848 vt
588 2829 603 2848 e
619 2829 666 2847 ur.

541 2891 594 2922 24.
621 2880 739 2912 Matth.
765 2882 821 2921 VI,
854 2891 881 2912 1.
955 2890 1008 2923 29.
1035 2881 1078 2911 ib.
1108 2890 1137 2911 2.
1214 2880 1265 2912 32.
1293 2879 1337 2910 ib.
1365 2880 1394 2910 3.
1469 2877 1522 2911 36.
1548 2878 1593 2909 ib.
1618 2888 1650 2918 4.
