2003 3322
231 203 454 256 CAP.Lvn]
748 216 888 246 PRMMA
916 216 1040 249 PARS.
1756 220 1832 255 200

225 321 331 356 Dens
353 320 429 357 illis
453 321 613 356 mandat
636 321 699 368 qui
721 321 847 371 magis
871 322 1038 372 diligunt
1060 323 1184 358 Deum
1210 335 1321 371 quam
1346 324 1543 360 mundum.

224 378 325 413 Nam
348 378 413 426 qui
442 378 593 414 lucrum
626 378 750 414 anime
784 392 967 429 magnum
1001 379 1211 427 existimat,
1246 381 1454 429 dampnum
1489 383 1546 417 rei

224 435 414 471 modicum
443 442 568 484 putat.
602 436 654 470 Et
682 436 747 485 qui
779 437 988 485 dampnum
1024 437 1081 472 rei
1112 450 1298 488 magnum
1332 438 1540 485 existimat,

223 493 373 528 lucrum
406 493 531 528 anime
562 493 753 529 modicum
784 502 907 542 putat.
960 495 1036 538 Qui
1067 495 1190 545 igitur
1225 495 1426 544 difficilius
1459 509 1539 532 rem

190 552 205 584 5
216 557 329 599 putat
373 550 565 586 dimittere
608 562 720 598 quam
766 552 801 586 in
835 552 1015 588 iudicium
1050 552 1225 598 introire,
1275 553 1342 589 lzec
1383 554 1538 603 cogitet,

221 608 305 656 quia
339 608 539 658 difficilius
571 616 625 644 est
659 609 705 644 de
737 609 875 645 iudicio
907 610 987 646 sine
1015 618 1173 658 peccato
1206 610 1328 647 exire.
1368 611 1539 648 Facilius
1585 618 1793 659 Djfticusty'ot

220 665 316 700 enim
357 673 411 701 est
455 677 535 701 rem
582 674 669 701 ante
716 666 896 702 iudicium
941 667 1133 703 dimittere
1172 680 1283 716 quant
1324 669 1359 703 in
1401 669 1538 705 iudicio
1555 654 1818 724 frgsshiiigzggzinogff

219 723 364 758 evitare
390 731 604 772 peccatum.
639 725 739 759 Nam
773 732 860 760 ante
882 725 1062 761 iudicium
1087 725 1201 773 (sicut
1225 725 1414 773 diximus)
1440 739 1536 762 vana

218 792 332 816 causa
366 781 535 817 avaricie
567 789 602 816 te
634 782 842 830 compellit,
878 790 968 831 post
1006 783 1225 833 ingressum
1266 784 1385 819 eciam
1420 797 1535 820 causa

165 838 389 886 iopudoris.
424 838 476 873 Et
508 839 572 887 qui
602 851 714 874 unam
738 852 892 875 causam
919 841 1071 876 vincere
1094 853 1165 876 non
1186 841 1351 889 potuisti
1367 849 1535 891 propter

217 895 393 931 timorem
426 896 511 941 Dei,
546 897 641 933 duas
673 898 862 945 quomodo
902 898 1063 934 vincas?
1104 899 1218 948 Ergo
1258 899 1356 934 sicut
1392 899 1532 948 Joseplz

217 953 360 989 dimisit
414 954 579 1002 pallium
637 954 672 989 in
728 967 842 990 manu
905 956 1120 992 meretricis
1182 963 1217 991 et
1270 957 1386 1007 fugit
1448 969 1531 992 cum

216 1010 374 1046 meliore
430 1011 553 1060 pallio
616 1012 815 1058 castitatis,
877 1013 931 1048 sic
993 1020 1027 1049 et
1088 1021 1127 1048 tu
1185 1014 1320 1062 proice
1366 1014 1530 1063 pallium

215 1068 251 1103 in
304 1081 418 1103 manu
472 1069 769 1118 calumpniantis
821 1077 855 1105 et
905 1070 1012 1120 fuge
1062 1083 1146 1106 cum
1201 1071 1361 1109 meliore
1406 1073 1530 1120 pallio

163 1125 372 1172 15iusticie‚
421 1139 465 1161 ne
507 1127 622 1175 forte
674 1128 764 1162 dum
808 1128 864 1164 vis
902 1128 1108 1164 vendicare
1157 1136 1298 1164 vesfem
1352 1130 1530 1178 corporis

208 1183 537 1232 preciosissimznn
590 1185 853 1220 vestimentum
897 1186 1022 1222 anime
1061 1186 1220 1234 perdas.
1281 1187 1453 1235 Denique
1497 1188 1532 1224 si
1547 1194 1698 1233 [nflqence
1713 1196 1816 1224 ofour

214 1240 380 1277 viderint
433 1241 604 1291 infideles
657 1250 691 1277 te
742 1242 992 1279 christianum
1036 1256 1112 1292 pro
1165 1244 1315 1280 iniuriis
1367 1245 1529 1281 iniurias
1546 1232 1819 1293 bsslcss‘f'ssfoglffissffs

214 1299 425 1347 rependere
467 1300 688 1349 graviores,
723 1312 799 1348 pro
838 1301 1002 1337 terrenis
1030 1301 1292 1349 facultatibus
1336 1309 1371 1337 et
1414 1315 1529 1351 usque

212 1356 265 1391 ad
309 1356 519 1405 perniciem
573 1357 699 1393 anime
750 1358 942 1393 secularia
990 1358 1154 1408 pulsare
1206 1359 1345 1395 iudicia
1397 1367 1531 1396 contra

157 1426 198 1447 20
214 1413 449 1462 direptorem
479 1414 672 1460 iniustum,
707 1416 896 1463 quomodo
926 1417 1087 1452 credunt
1116 1428 1221 1465 spem
1249 1417 1364 1467 regni
1384 1418 1531 1454 celestis

212 1483 292 1507 esse
315 1483 446 1507 veram
462 1484 575 1520 quam
595 1473 803 1520 predicant
822 1473 1052 1509 christiani?
1072 1474 1205 1509 Facile
1228 1474 1324 1509 enim
1345 1483 1531 1524 spernunt

213 1536 369 1565 terrena
401 1529 466 1577 qui
496 1530 649 1565 celestia
682 1537 852 1579 sperant,
902 1531 966 1579 qui
1002 1538 1127 1567 autem
1166 1538 1323 1567 terrena
1367 1545 1528 1583 magno-

206 1598 303 1635 pere
349 1587 667 1636 complectuntur,
712 1588 835 1624 nescio
884 1589 918 1624 si
948 1588 1126 1638 firmiter
1169 1589 1323 1625 celestia
1366 1591 1529 1626 credunt

206 1644 417 1693 promissa.
463 1645 549 1681 Non
593 1646 716 1681 solum
750 1658 847 1696 ergo
884 1653 1051 1695 propter
1089 1646 1268 1682 lesionem
1307 1648 1525 1684 animarum

155 1704 433 1738 afinostrarum
472 1703 757 1751 percucientem
803 1704 991 1740 sustinere
1023 1705 1205 1740 dehemus
1245 1711 1281 1740 et
1331 1706 1529 1754 auferenti

210 1772 281 1808 que
312 1768 445 1795 nostra
477 1768 564 1796 sunt
587 1773 659 1796 non
682 1773 918 1811 repugnare,
950 1760 1019 1797 sed
1041 1762 1160 1798 eciam
1180 1770 1348 1810 propter
1371 1764 1524 1799 demon-

208 1817 438 1853 stracionem
472 1818 775 1854 indubitabilium
805 1819 953 1855 Christi
976 1819 1292 1868 promissionum,
1316 1828 1355 1856 ut
1378 1821 1442 1857 ille
1464 1822 1528 1870 qui

210 1874 350 1910 viderit
381 1882 417 1911 te
448 1876 609 1912 iniurias
636 1877 825 1925 proprias
866 1877 1141 1927 negligentem,
1186 1884 1363 1915 terrenas
1404 1879 1522 1914 eciam

210 1944 272 1968 res
304 1933 412 1980 quasi
442 1933 559 1969 nichil
588 1941 829 1983 spernentem
863 1934 1069 1984 intelligat,
1103 1935 1190 1983 quia
1223 1947 1316 1972 vera
1352 1944 1407 1972 est
1439 1949 1521 1973 cer-

152 1990 193 2022 30
209 1989 354 2025 tissima
397 2003 483 2040 spes
527 1992 827 2028 clzristianormn
874 1992 908 2027 in
955 1993 1045 2028 celis
1085 1992 1305 2042 preciosior
1350 1995 1523 2030 omnibus

208 2048 320 2083 rebus
353 2049 520 2085 terrenis
553 2056 587 2084 et
622 2049 699 2084 vita
732 2049 934 2086 iocundior
966 2050 1069 2086 omni
1092 2050 1294 2099 fruicione
1317 2052 1391 2088 vite
1412 2052 1520 2088 istius

207 2105 390 2141 carnalis.
426 2108 509 2143 Hec
544 2105 831 2143 Crisostomus.

698 2253 837 2294 CAP.
871 2253 1017 2294 LVII.

262 2359 454 2404 Quamvis
488 2368 623 2396 autem
648 2362 767 2397 verba
800 2361 968 2397 moralia
1002 2361 1119 2398 huius
1152 2361 1278 2399 sancti
1307 2362 1517 2399 videantur
1550 2369 1620 2397 Itis
1641 2371 1780 2410 olyjected

147 2421 186 2455 35
203 2416 377 2453 salubria
412 2425 534 2465 atque
567 2417 742 2465 subtilia,
777 2418 991 2456 difficultas
1024 2428 1159 2456 tamen
1194 2428 1251 2456 est
1284 2421 1391 2468 apud
1423 2433 1515 2457 eon·
1552 2405 1788 2469 tpfiatetnlffstopffiiz

203 2474 401 2511 tenciosos
434 2477 639 2523 quomodo
680 2477 729 2512 ad
768 2476 925 2513 literam
965 2486 1057 2513 sunt
1095 2479 1302 2514 servanda.
1347 2477 1515 2515 Videtur
1559 2475 1768 2508 punishment.

203 2532 308 2568 enim
341 2534 449 2580 quod
481 2534 702 2569 seeundum
735 2534 862 2582 legem
886 2534 959 2571 Dei
991 2548 1109 2572 nemo
1142 2536 1259 2573 debet
1290 2544 1512 2584 percutere,

202 2589 297 2638 quia
328 2590 533 2638 percussio
572 2603 649 2640 que
688 2591 845 2628 videtur
886 2605 968 2629 esse
1005 2592 1082 2641 legi
1120 2593 1208 2641 plus
1252 2606 1429 2630 consona
1467 2607 1513 2631 ac

269 2755 293 2784 3.
317 2757 354 2785 B:
376 2757 454 2785 Nam
474 2758 534 2793 qui.
625 2759 649 2786 5.
671 2760 715 2786 A:
738 2758 863 2787 iudicio.
954 2768 998 2787 20.
1022 2760 1060 2787 B:
1081 2760 1250 2788 crederent.
1354 2761 1395 2789 25,
1417 2764 1461 2789 A:
1483 2766 1511 2789 et

201 2792 293 2819 deest.
395 2791 441 2825 34.
462 2794 490 2820 A
509 2793 540 2820 in
563 2801 675 2829 marga
695 2793 861 2822 lohannes.
976 2793 1022 2822 36.
1044 2796 1072 2823 A
1092 2795 1122 2823 in
1143 2803 1230 2831 marg
1251 2805 1257 2823 :
1277 2796 1508 2833 Argumentum.

200 2825 244 2855 38-
264 2828 308 2855 A:
330 2827 532 2863 repercussio.

1328 2890 1367 2919 m
