2003 3322
197 1037 277 1064 How
298 1039 347 1064 the
368 1037 452 1064 truth

186 1072 247 1099 will
282 1073 317 1099 be
349 1073 460 1099 known

186 1111 214 1134 at
234 1109 284 1134 the
304 1107 463 1142 iudgment

288 1143 356 1179 day.

191 1663 254 1691 The
283 1663 463 1691 talsehoods

225 1699 259 1726 os
276 1700 325 1726 the
347 1703 428 1725 sects

189 1734 250 1761 will
268 1734 303 1761 be
318 1733 463 1768 exposed.

887 229 1004 260 opus
1030 229 1364 261 EVANGELICUM
1562 218 1670 272 [CAP.
1694 228 1785 256 μνη.

475 335 557 371 dax
588 342 657 381 est,
691 347 883 384 nunquam
916 334 1053 371 desinit
1097 347 1177 370 esse
1209 335 1379 371 mendax
1410 347 1528 384 neque
1561 343 1651 385 post
1684 347 1788 373 mor-

474 400 562 429 tem.
617 393 719 428 Nam
763 404 870 429 mors
914 392 1082 428 animam
1131 393 1281 441 quidem
1326 405 1348 428 a
1400 405 1567 442 corpore
1617 402 1789 443 separat,

474 451 599 487 anime
619 458 745 487 autem
762 450 1006 500 propositum
1038 462 1110 486 non
1143 450 1295 486 amittit.
1328 451 1389 487 Vis
1409 451 1542 486 scire?
1578 451 1792 488 Considera

476 521 540 545 eos
562 508 680 545 eciam
700 516 790 558 post
819 515 983 545 mortem
1017 508 1273 545 mencientes?
1303 508 1470 544 Domine
1490 508 1526 544 in
1549 509 1699 545 nomine
1729 516 1793 546 tuo

476 567 547 603 hoc
579 574 613 602 et
645 567 717 602 hoc
751 566 938 615 fecimus.
991 566 1190 614 Numquid
1232 566 1449 602 nesciebant
1494 566 1566 615 ipsi
1606 567 1713 616 apud
1753 572 1825 604 se5

475 624 562 674 quia
596 636 786 672 nunquam
832 624 1053 660 dilexerant
1090 623 1286 660 Christum
1331 636 1398 660 nec
1431 624 1616 672 fecerant
1662 625 1793 660 volun-

476 690 592 718 tatem
638 682 746 718 eius?
797 683 874 718 Sed
900 689 1040 731 putant
1071 692 1123 729 se,
1156 682 1254 718 sicut
1284 681 1320 717 in
1353 681 1424 717 hoc
1461 682 1589 718 seculo
1622 682 1794 719 homines

477 741 720 790 deceperunt,
758 740 812 776 sic
844 747 879 776 et
910 739 961 775 ibi
990 740 1116 776 Deum
1140 740 1298 788 fallere
1324 746 1499 788 possunt.
1551 740 1642 776 Ideo
1674 740 1792 777 eciam

477 811 550 835 non
581 798 681 834 dixit
711 797 806 833 illis:
838 798 1036 833 Discedite
1056 810 1079 834 a
1102 810 1162 834 me
1181 797 1247 847 qui
1267 797 1419 846 operati
1447 797 1537 833 estis
1559 798 1793 847 iniquitatem

477 857 546 892 sed
575 856 640 905 qui
671 855 900 905 operamini,
933 855 1020 904 quia
1053 855 1170 904 iniqui
1201 867 1273 891 non
1301 862 1392 904 post
1421 862 1583 892 mortem
1618 856 1794 893 desinunt
1812 871 1853 892 10

478 926 559 950 esse
591 914 721 962 iniqui,
755 913 843 962 quia
876 914 947 949 etsi
971 926 1138 963 peccare
1160 926 1232 949 non
1251 920 1425 962 possunt,
1460 920 1587 949 tamen
1605 914 1797 963 peccandi

473 972 721 1021 propositum
753 978 890 1009 tenent.
926 973 1010 1008 Hec
1043 971 1329 1008 Crisostomus.

536 1032 590 1066 Ex
622 1029 697 1066 ista
729 1029 936 1066 sentencia
980 1029 1096 1066 huius
1140 1028 1268 1066 sancti
1307 1027 1462 1076 excerpi
1495 1036 1666 1077 possunt
1699 1027 1793 1065 fide-

477 1087 582 1124 libus
615 1087 735 1124 flores
769 1086 884 1123 multi
917 1087 1107 1124 notabilis
1139 1085 1330 1124 veritatis.
1383 1086 1483 1134 Capi
1528 1085 1634 1122 enim
1676 1086 1794 1122 debet

477 1145 609 1194 primo
642 1158 665 1182 a
697 1145 880 1182 fidelibus
903 1153 1029 1182 status
1062 1144 1139 1182 diei
1172 1143 1324 1190 iudicii,
1359 1145 1564 1192 quomodo
1597 1152 1692 1180 tunc
1724 1149 1850 1192 per15

478 1217 518 1241 se
551 1212 845 1252 cognoscentur
876 1216 898 1239 a
931 1203 1115 1239 fidelibus
1144 1202 1330 1239 veritates
1352 1210 1571 1250 presentes,
1605 1201 1795 1250 preterite

479 1271 515 1299 et
548 1262 691 1300 future.
731 1263 824 1298 Ideo
858 1260 899 1296 in
930 1260 999 1298 illo
1032 1260 1181 1297 iudicio
1213 1273 1294 1297 non
1328 1268 1444 1296 erunt
1481 1259 1794 1297 vociferaciones

477 1320 691 1357 veritatum
740 1319 973 1355 huiusmodi
1026 1320 1095 1356 sed
1140 1318 1225 1354 sine
1268 1317 1564 1355 vociferacione
1608 1317 1795 1354 veritates

477 1379 575 1415 tales
621 1387 738 1414 erunt
771 1376 930 1426 cognite
963 1385 1045 1414 tam
1099 1375 1372 1413 iudicantibus
1411 1388 1533 1424 quam
1576 1375 1703 1412 eciam
1736 1375 1795 1412 iu-

477 1435 629 1473 dicatis.
664 1437 719 1472 Ex
751 1448 830 1484 quo
864 1443 986 1483 patet⁷
1020 1447 1111 1472 cum
1143 1435 1245 1471 foret
1278 1434 1540 1482 superfluum,
1575 1434 1683 1482 quod
1714 1446 1795 1470 non
1811 1448 1852 1470 20

477 1502 593 1531 erunt
626 1506 698 1542 pro
746 1493 980 1530 recusandis
1024 1492 1206 1541 reprobis
1240 1490 1440 1538 advocati,
1474 1500 1511 1528 et
1543 1491 1661 1528 istam
1694 1491 1795 1528 veri-

478 1561 601 1589 tatem
647 1551 887 1588 catholicam
940 1563 1013 1599 pro
1066 1550 1326 1587 rectificanda
1379 1548 1633 1586 consciencia
1678 1550 1795 1586 debet

478 1610 606 1647 fidelis
639 1610 822 1646 sollerter
855 1608 978 1646 menti
1010 1608 1255 1657 imprimere.

537 1669 722 1705 Secundo
768 1667 924 1704 videtur
956 1667 1063 1703 hunc
1103 1675 1287 1703 sanctum
1336 1665 1467 1702 dicere
1512 1665 1620 1713 quod
1652 1664 1693 1701 in
1725 1663 1793 1701 illo

480 1726 543 1762 die
586 1728 828 1762 verebuntur
861 1727 1052 1762 demones
1096 1724 1294 1761 seminare
1339 1722 1561 1769 mendacia,
1595 1731 1792 1771 temptare
1809 1728 1849 1761 25

481 1783 638 1832 aliquos
670 1784 729 1820 vel
762 1796 834 1831 pro
868 1782 954 1820 aliis
986 1795 1216 1831 procurare.
1270 1781 1380 1818 Sicut
1421 1780 1526 1818 enim
1560 1792 1667 1817 nunc
1700 1793 1793 1828 sepe

481 1842 681 1879 seminant
731 1841 940 1878 veritatem
994 1849 1031 1877 et
1075 1840 1334 1888 postmodum
1383 1840 1471 1887 plus
1517 1839 1695 1876 colorate
1728 1840 1793 1875 de-

481 1899 645 1948 cipiant,
699 1899 755 1936 sic
799 1898 921 1935 nichil
964 1898 1117 1935 faciunt
1161 1897 1236 1934 nisi
1280 1909 1354 1945 pro
1400 1896 1477 1933 fine
1521 1896 1657 1945 aliquo
1702 1895 1795 1933 licet

481 1958 600 1996 malo.
635 1959 683 1994 Et
714 1957 755 1993 in
788 1957 863 1993 isto
895 1957 1261 1993 verecundarentur
1283 1957 1355 1991 hee
1378 1964 1483 1991 secte
1506 1963 1680 2003 quatuor
1711 1963 1794 1991 tam

479 2015 637 2064 spissim
683 2015 882 2052 seminare
928 2014 1153 2051 incolorata
1198 2013 1419 2051 mendacia.
1470 2014 1572 2049 Nam
1614 2014 1853 2051 Romanasso

481 2074 592 2110 curia
636 2073 732 2110 dicit
779 2074 888 2121 quod
936 2085 1041 2121 papa
1085 2073 1203 2109 habet
1250 2079 1487 2119 potestatem
1527 2083 1600 2118 pro
1632 2070 1700 2106 illo
1733 2069 1796 2106 die

479 2131 754 2179 indulgencias
808 2130 1055 2167 concedendi
1100 2139 1137 2170 et
1179 2129 1424 2178 dampnandi
1468 2129 1662 2176 reprobos
1693 2127 1797 2164 sicut

479 2190 631 2238 placet3
681 2198 718 2225 et
750 2198 884 2225 tamen
920 2197 1072 2225 certum
1109 2196 1165 2224 est
1198 2200 1242 2224 ex
1274 2187 1351 2223 fide
1385 2187 1492 2235 quod
1525 2198 1568 2223 ex
1602 2186 1693 2223 ficta
1725 2198 1796 2222 sua

479 2246 743 2284 simulacione
788 2255 825 2283 et
870 2247 1025 2283 defectu
1072 2245 1242 2282 docendi
1289 2257 1380 2282 oves
1424 2243 1535 2293 sequi
1589 2243 1794 2280 Christum

481 2314 647 2354 propter
680 2304 865 2341 sinistros
899 2317 1030 2341 mores
1063 2317 1144 2340 non
1179 2303 1340 2340 habebit
1373 2311 1468 2339 tunc
1492 2301 1722 2350 potenciam
1755 2313 1796 2338 se
1812 2305 1849 2339 35

480 2364 610 2412 ipsum
631 2376 653 2400 a
677 2362 973 2410 dampnacione
997 2370 1190 2410 perpetua
1206 2361 1432 2398 excusandi.
1457 2362 1504 2396 Et
1521 2361 1660 2396 eodem
1674 2360 1795 2395 modo

481 2421 629 2458 dicitur
662 2422 709 2457 de
742 2420 859 2457 sectis
892 2419 1164 2468 sequentibus.
1197 2421 1312 2456 Tunc
1345 2418 1450 2455 enim
1475 2418 1665 2454 clarescet
1687 2418 1796 2465 quod

480 2480 633 2516 sincere
682 2478 899 2515 christiana
944 2478 1084 2526 religio
1129 2490 1250 2525 supra
1281 2477 1378 2513 istos
1424 2475 1603 2525 privatos
1634 2474 1795 2512 ordines

481 2536 709 2586 prevalebit.
762 2538 862 2573 Nam
910 2536 1002 2573 ficta
1050 2534 1285 2572 obediencia
1319 2535 1422 2571 facta
1454 2533 1683 2570 hominibus
1716 2545 1796 2569 non

480 2596 585 2632 valet
626 2596 675 2631 ad
720 2593 1010 2631 beatitudinem
1057 2592 1365 2641 adquirendum,
1426 2591 1501 2628 nisi
1554 2593 1601 2628 de
1645 2599 1854 2639 quanto4o

481 2653 645 2689 inclinat
664 2654 713 2689 ad
738 2651 1015 2688 obedienciam
1034 2651 1180 2687 summi
1204 2650 1346 2687 iudicis
1369 2649 1609 2696 faciendum,
1643 2657 1680 2686 et
1702 2657 1795 2685 tunc

549 2829 574 2882 Ξ
597 2821 634 2859 li:
655 2829 674 2847 a
701 2829 805 2847 carne.
887 2821 914 2847 6.
938 2820 975 2846 B:
1006 2819 1160 2846 Christum
1180 2818 1273 2846 deest.
1331 2817 1368 2845 13.
1390 2819 1418 2846 A
1437 2813 1469 2845 in
1490 2825 1603 2852 marg.:
1625 2816 1794 2844 Jonannes.

481 2864 527 2889 ει.
598 2864 625 2882 ιη
650 2863 763 2890 marg:
785 2863 812 2882 2.
