2003 3322
154 215 233 250 206
865 220 982 251 opus
1008 219 1345 251 EVANGELICUM
1547 206 1653 259 [CAP.
1676 215 1755 242 Lvl.

443 342 525 366 esse
585 330 712 376 legem
769 326 924 362 timoris
980 325 1131 362 servilis
1191 327 1241 361 ad
1296 325 1413 361 fidem
1468 325 1755 372 expectandam

442 386 660 424 distancius
703 384 955 431 incitantem,
1009 385 1078 420 sed
1116 384 1174 420 lex
1213 383 1345 431 gracie
1385 391 1442 419 est
1480 383 1540 418 lex
1579 381 1758 418 caritatis

442 445 660 482 volutivam
694 443 923 492 potenciam
958 444 1030 478 sub
1064 443 1231 479 obtentu
1270 440 1573 489 propinquioris
1615 440 1758 489 premii

443 503 662 540 excitantis.

500 564 548 598 Et
589 573 632 597 ex
671 560 858 597 omnibus
897 559 980 595 istis
1026 567 1158 607 potest
1198 558 1325 595 fidelis
1366 558 1617 606 perpendere
1661 570 1759 605 quo-

444 622 564 656 modo
598 632 619 655 a
652 627 835 667 tempore
869 616 1190 653 conversacionis
1224 616 1372 653 Christi
1410 616 1566 652 defectu
1605 614 1697 651 fidei
1737 628 1759 651 a

444 678 524 715 suis
559 676 723 713 monitis
762 688 899 712 sumus
932 675 1046 723 lapsi.
1102 674 1141 711 Si
1181 674 1287 711 enirn
1328 686 1504 710 essemus
1536 682 1619 710 tam
1653 672 1757 709 firmi

443 737 484 773 in
517 736 594 772 fide
622 744 659 771 et
682 747 764 783 spe,
798 733 901 770 sicut
924 742 1037 770 erant
1061 733 1247 780 apostoli,
1280 732 1504 769 viveremus
1527 732 1568 768 in
1592 731 1759 768 caritate

442 795 565 831 vitam
600 792 873 838 consimilem;
923 793 992 827 sed
1025 803 1114 839 spes
1147 799 1285 827 nostra
1319 790 1498 838 dispersa
1532 790 1571 826 in
1603 798 1759 837 tempo-

444 852 594 889 ralibus
643 853 693 888 ad
744 863 820 899 que
871 849 990 886 nimis
1043 849 1290 886 attendimus
1342 849 1402 884 vel
1455 847 1647 895 extinguit
1700 847 1760 884 vel

446 909 633 947 diminuit
677 910 747 946 has
790 908 976 953 virtutes;
1022 907 1063 943 in
1108 906 1219 943 cuius
1265 907 1423 955 signum
1463 905 1598 942 v-ivens
1636 905 1759 942 vitam

446 967 719 1017 propinquam
743 966 963 1015 apostoiice
997 973 1228 1003 censeretur
1260 965 1379 1002 hodie
1413 977 1435 1001 a
1468 963 1762 1000 communitate

445 1026 656 1063 hominum
691 1025 858 1062 stolidus
893 1032 930 1061 et
963 1023 1123 1062 delirus.
1158 1025 1207 1059 Et
1240 1025 1312 1059 hec
1336 1022 1445 1059 racio
1469 1034 1594 1070 quare
1626 1021 1762 1058 fideles

445 1093 603 1121 tantum
637 1092 780 1120 notant
805 1083 968 1119 Latinos
1003 1083 1188 1118 doctores
1222 1081 1325 1118 inter
1349 1093 1449 1129 quos
1474 1081 1603 1116 fuerat
1628 1081 1762 1128 Augu-

446 1143 571 1179 stinus
602 1142 816 1191 precipuus
851 1150 888 1177 et
919 1142 1103 1177 doctores
1138 1141 1286 1176 Grecos
1319 1139 1423 1176 inter
1462 1151 1562 1186 quos
1595 1138 1763 1174 florebat

448 1201 734 1237 Crisostomus.

185 1262 407 1290 Chrvsosiom:
506 1260 621 1295 Unde
669 1257 939 1294 Crisostomus
984 1255 1052 1291 ubi
1097 1268 1218 1303 supra
1263 1255 1319 1292 sic
1369 1253 1591 1290 sentenciat
1643 1253 1764 1290 istum

182 1297 415 1358 iiixixiriiibrllxietss
449 1326 618 1353 textum:
666 1317 862 1360 Quintum,
904 1314 1047 1362 inquit,
1088 1314 1315 1350 mandatum
1350 1313 1547 1349 minimum
1582 1321 1764 1361 quantum

165 1367 431 1428 [nexionnddgtisssoid
448 1376 499 1411 ad
532 1375 703 1411 homines
736 1374 915 1410 crudeles
948 1372 1012 1421 qui
1043 1384 1209 1420 peccare
1246 1385 1286 1408 se
1325 1383 1397 1407 non
1437 1370 1685 1406 arbitrantur
1731 1378 1766 1406 et

205 1432 211 1436 ⁸
260 1436 327 1462 law.
447 1434 481 1470 si
495 1433 738 1469 reddiderint
754 1432 856 1467 mala
868 1444 943 1481 pro
960 1430 1072 1466 malis
1096 1442 1168 1465 non
1192 1430 1480 1466 considerantes
1495 1441 1564 1477 que
1588 1429 1767 1465 dicuntur

448 1493 483 1528 in
518 1492 696 1527 Psalmo:
728 1491 770 1526 Si
802 1489 960 1526 reddidi
991 1488 1289 1524 retribuentibus
1321 1487 1417 1523 milti
1437 1487 1555 1531 mala,
1590 1487 1764 1523 decidam

448 1550 585 1586 merito
618 1550 664 1584 ab
687 1548 849 1584 inimicis
872 1547 965 1583 meis
989 1546 1124 1582 inanis.
1166 1547 1397 1595 Quecunque
1419 1545 1516 1580 enim
1541 1546 1767 1581 denumerat

448 1608 584 1645 merito
628 1619 668 1643 se
709 1607 796 1656 pati
838 1606 977 1641 debere
1020 1604 1054 1640 si
1098 1604 1315 1640 reddiderit
1355 1603 1654 1639 retribuentibus
1697 1603 1771 1639 sibi

448 1668 564 1712 mala,
604 1665 727 1702 sciant
760 1664 963 1700 christiani
990 1662 1115 1698 omnia
1144 1663 1210 1698 illa
1241 1662 1380 1698 merito
1401 1674 1442 1697 se
1464 1673 1545 1697 esse
1562 1674 1766 1710 passuros,

447 1726 482 1761 si
513 1724 758 1761 reddiderint
792 1721 1093 1758 retribuentibus
1125 1721 1198 1757 sibi
1229 1721 1344 1756 mala.
1380 1720 1481 1755 Nam
1517 1727 1551 1755 et
1582 1719 1616 1755 si
1637 1720 1770 1755 casuri

447 1790 534 1819 sunt
567 1783 612 1818 ab
647 1781 809 1817 inimicis
841 1780 920 1816 suis
952 1780 1082 1815 inanes
1123 1786 1157 1814 et
1191 1785 1473 1827 persecuturus
1505 1785 1561 1814 est
1594 1777 1768 1813 inimicus

448 1842 599 1877 animas
645 1852 777 1876 eorum
826 1846 860 1874 et
905 1837 1255 1886 comprehensurus
1307 1844 1342 1872 et
1386 1836 1685 1872 conculcaturus
1731 1836 1767 1871 in

449 1907 556 1935 terra
602 1898 717 1934 vitam
758 1909 891 1933 eorum
933 1903 967 1931 et
1003 1895 1175 1946 gloriam
1216 1907 1349 1931 eorum
1389 1894 1424 1929 in
1459 1894 1663 1942 pulverem
1704 1894 1767 1929 de-

450 1958 650 2001 ducturus,
685 1963 811 1991 tamen
834 1955 914 1990 sine
937 1954 1008 1989 lzoc
1031 1953 1187 1988 minimo
1212 1953 1394 1988 mandato
1420 1951 1519 2001 legis
1541 1952 1766 1987 mandatum

450 2028 522 2052 non
545 2021 669 2064 potest
692 2021 811 2059 stare,
844 2012 1023 2062 quoniam
1049 2011 1114 2047 lex
1132 2011 1352 2060 precipiens
1375 2011 1525 2046 oculum
1544 2021 1621 2058 pro
1645 2009 1767 2053 oculo,

451 2075 599 2109 dentem
630 2084 706 2121 pro
741 2072 851 2107 dente
882 2071 959 2105 tale
998 2070 1109 2105 liabet
1136 2069 1395 2118 propositum,
1436 2075 1476 2103 ut
1515 2067 1769 2116 unusquisque

451 2133 540 2167 dum
574 2131 681 2166 timet
704 2130 750 2165 de
772 2141 840 2165 suo
864 2128 1036 2164 membro
1055 2134 1199 2176 parcat
1223 2127 1384 2162 alterius
1407 2126 1578 2161 membro
1601 2133 1636 2161 et
1659 2137 1768 2161 nemo

450 2190 575 2225 malus
599 2188 827 2224 inveniatur.
856 2187 933 2221 Sed
954 2186 1041 2235 quia
1066 2197 1110 2221 ve
1126 2185 1268 2220 mundo
1284 2185 1330 2220 ab
1353 2184 1561 2229 scandalis,
1585 2183 1767 2232 quamdiu

451 2248 547 2284 enim
596 2246 759 2281 vivimus
806 2245 841 2279 in
888 2244 958 2280 lzoc
1002 2243 1145 2278 mundo
1191 2243 1252 2278 cui
1296 2242 1472 2278 diabolus
1505 2241 1766 2290 principatur,

451 2317 603 2341 necesse
635 2311 690 2340 est
721 2303 922 2338 abundare
960 2301 1243 2347 maledicentes,
1273 2300 1538 2349 percucientes
1570 2306 1605 2334 et
1632 2310 1767 2347 perse-

450 2370 615 2413 quentes.
669 2361 711 2397 Si
753 2361 877 2410 igitur
909 2359 1110 2408 incipimus
1147 2359 1355 2394 secundmn
1401 2358 1499 2407 legis
1543 2357 1767 2392 mandatum

453 2421 626 2457 omnibus
659 2420 826 2455 reddere
858 2418 1001 2453 malum
1022 2429 1098 2466 pro
1128 2416 1253 2463 malis,
1288 2428 1418 2452 omnes
1451 2415 1646 2465 efficimur
1676 2414 1772 2449 mali

453 2487 487 2515 et
519 2479 685 2514 solutum
727 2484 781 2512 est
816 2476 1061 2525 propositum
1103 2475 1213 2524 legis.
1269 2474 1321 2509 Et
1360 2474 1449 2509 dum
1492 2473 1611 2509 voluit
1649 2472 1767 2508 eciam

453 2537 576 2572 malos
599 2536 744 2584 facere
781 2536 899 2570 bonos
931 2534 1049 2569 eciam
1090 2533 1206 2568 bonos
1233 2532 1335 2580 fecit
1374 2532 1510 2567 malos.
1565 2530 1607 2565 Si
1642 2537 1767 2566 autem

523 2695 549 2723 8.
572 2696 612 2722 A:
635 2697 665 2721 et
684 2694 795 2724 specie.
897 2701 935 2727 17.
958 2694 985 2719 A
1006 2693 1036 2719 in
1059 2699 1174 2726 marg:
1199 2690 1415 2717 Cris-ostomus.
1520 2697 1560 2722 19-
1582 2690 1625 2715 A:
1646 2688 1675 2715 si
1694 2696 1766 2715 non.

454 2739 501 2763 21,
518 2731 558 2757 25.
576 2732 618 2756 A:
642 2730 750 2755 Sciant
765 2744 796 2747 —
811 2728 891 2754 mala
908 2728 1000 2755 deest.
1077 2726 1117 2758 35,
1132 2726 1176 2753 2313.
1196 2726 1231 2752 15:
1248 2725 1468 2760 percucientes.
1556 2722 1600 2751 38.
1618 2724 1655 2750 13:
1672 2723 1768 2749 eciam

455 2766 548 2792 dcesr

530 2836 576 2867 1‘3.
612 2838 678 2878 Op.
708 2837 801 2877 Imp.7
834 2835 853 2866 l.
882 2845 908 2866 c.
936 2845 968 2876 p.
995 2834 1074 2864 801.
1173 2843 1224 2863 21.
1253 2832 1377 2863 Psalm.
1405 2831 1477 2870 vu,
1506 2830 1533 2862 5.

1780 862 1819 883 10

1784 1141 1820 1173 15

1783 1440 1824 1461 20

1784 1719 1824 1751 25

1785 2010 1827 2041 30

1785 2297 1824 2331 35
