2003 3322
187 209 277 237 CAP.
299 200 424 253 Lvm]
664 211 877 242 sEcuNDA
905 211 1030 243 PARS.

187 330 269 354 non
300 325 550 366 perstrepent
582 316 864 353 contenciones
897 318 1078 353 Fratrum
1115 318 1162 353 de
1195 317 1415 354 mendaciis
1448 318 1505 354 in-

188 374 388 423 cepcionis
422 384 459 411 et
491 374 741 423 prevalencie
774 374 832 410 sui
870 374 1023 411 ordinis
1047 387 1136 411 cum
1162 374 1248 411 aliis
1282 376 1506 412 mendaciis

186 445 312 481 usque
345 434 395 469 ad
418 433 517 469 illud
549 432 743 468 iudicium
777 432 984 469 seminatis
1037 434 1086 468 Et
1119 445 1161 470 ex
1185 433 1260 469 hoc
1293 443 1505 470 moventur

186 491 351 539 quidam
375 491 555 539 garrulas
588 503 703 527 voces
736 489 935 527 dimittere
969 499 1006 526 et
1038 490 1139 527 iuste
1170 490 1250 527 vite
1283 490 1504 538 intendere,

154 549 279 597 5quia
325 561 368 584 ex
405 549 480 585 hoc
519 557 556 584 et
596 560 677 584 non
711 561 755 585 ex
787 548 910 596 priori
943 547 1127 585 homines
1159 548 1199 584 in
1243 548 1311 584 illo
1354 549 1506 586 iudicio

186 615 278 643 sunt
309 606 500 643 salvandi.
534 608 582 642 Et
604 606 679 642 hoc
713 615 845 642 movet
868 605 1037 654 aliquos,
1061 618 1110 642 ne
1143 607 1308 644 credant
1342 619 1505 644 erronee

186 664 226 700 in
259 665 333 700 hac
365 664 440 709 via,
475 665 582 712 quod
616 665 782 701 credant
814 663 1012 712 scripture
1046 672 1082 700 et
1115 677 1197 700 non
1228 664 1337 701 falsis
1360 665 1505 702 fabulis

187 734 260 758 nec
312 723 420 770 glose
472 721 711 758 infundabili
756 723 824 758 sed
869 721 1170 758 conversacioni
1215 722 1370 759 domini
1413 725 1505 759 Jesu

188 779 346 825 Christi,
381 779 475 828 quia
506 780 610 816 facta
644 781 739 816 dant
772 780 891 816 fidem
927 779 1195 816 efficaciorem
1229 793 1349 828 quam
1373 793 1503 817 voces.

136 850 173 870 10
244 837 389 874 Tercio
422 837 577 874 videtur
610 838 716 874 hunc
749 846 932 874 sanctum
968 837 1176 874 intendere
1221 839 1330 886 quod
1363 840 1503 887 damp-

187 895 310 931 nandi
342 895 382 931 in
415 895 477 932 die
510 895 646 932 iudicii
680 896 813 932 dicent
845 896 886 931 in
920 904 1052 932 mente
1085 904 1123 932 et
1155 904 1267 944 gestu
1297 899 1503 944 quomodo

188 953 367 989 fecerunt
401 954 526 990 multa
558 954 664 990 bona
698 955 744 990 de
777 966 921 1001 genere
955 955 1023 989 sed
1057 953 1141 990 sine
1174 954 1302 990 vocali
1335 955 1505 1003 strepitu

188 1013 293 1047 Deus
327 1024 393 1048 eos
426 1024 468 1048 ex
501 1024 572 1048 sua
604 1011 776 1059 ypocrisi
810 1020 848 1047 et
881 1012 1037 1047 defectu
1079 1011 1139 1048 sui
1172 1011 1328 1048 servicii
1367 1025 1506 1049 secun-

188 1070 283 1105 dum
317 1069 445 1117 legem
471 1069 741 1117 evangelicam
774 1069 988 1115 iudicabit;
1023 1078 1060 1105 et
1092 1078 1205 1106 notat
1239 1071 1409 1107 multum
1443 1070 1507 1107 hic

135 1129 349 1163 15sanctus
381 1129 586 1175 quomodo
619 1127 867 1175 dampnandi
901 1127 1035 1164 dicent
1064 1129 1171 1176 quod
1215 1129 1508 1176 prophetarunt

189 1184 230 1220 in
261 1184 424 1221 nomine
444 1185 592 1222 Christi
615 1185 859 1233 superficiali
876 1185 1119 1234 apparencia
1135 1187 1270 1234 quoad
1295 1188 1506 1233 mundum,

191 1243 260 1278 sed
293 1255 375 1278 non
390 1252 559 1291 possunt
583 1244 750 1279 evadere
773 1256 890 1279 suum
925 1244 1126 1280 defectum
1159 1244 1220 1280 vel
1245 1243 1507 1281 omissionem

189 1300 229 1336 in
280 1300 357 1337 isto
409 1303 544 1349 quoad
589 1301 870 1349 obliquitatem
925 1301 1180 1348 intencionis‚
1233 1304 1366 1350 quoad
1418 1303 1508 1338 sub—

190 1358 384 1395 stanciam
439 1359 535 1395 dicti
588 1368 625 1395 et
687 1360 821 1407 quoad
882 1359 1196 1407 occupacionem
1261 1361 1507 1397 mundanam

133 1429 174 1451 20
189 1416 543 1464 evangelizacionis
582 1416 863 1453 rectitudinem
889 1418 1177 1454 excludentem.
1212 1417 1253 1454 Si
1286 1430 1379 1466 ergo
1404 1420 1509 1454 Deus

189 1474 315 1511 nescit
358 1474 447 1511 illos
491 1487 576 1511 esse
622 1476 670 1511 de
704 1475 883 1522 ecclesia,
917 1484 1068 1524 quanto
1104 1475 1229 1524 magis
1269 1485 1509 1524 pompantes

190 1533 404 1569 modernos
435 1533 572 1569 falsius
604 1542 832 1581 operantes.

251 1592 404 1635 Quarto
437 1599 552 1627 notat
584 1590 615 1627 is
647 1600 809 1627 sanctus
833 1592 940 1639 quod
964 1592 1013 1628 ad
1037 1590 1345 1627 discernendum
1371 1592 1510 1640 damp-

191 1649 344 1684 nandos
389 1648 430 1684 in
478 1649 539 1685 die
585 1648 723 1685 iudicii
769 1649 895 1686 fidelis
940 1650 1057 1685 debet
1101 1658 1241 1685 notare
1280 1658 1362 1685 tam
1396 1662 1507 1686 suam

136 1708 175 1740 25
193 1706 543 1743 conversacionem
575 1720 695 1755 quarn
720 1720 834 1743 suam
867 1706 1174 1743 confessionem.
1209 1708 1380 1755 Oportet
1403 1707 1509 1743 enirn

192 1765 300 1811 quod
354 1773 638 1801 conversentur
677 1766 924 1802 excludendo
963 1764 1181 1813 ypocrisim
1227 1774 1346 1813 atque
1400 1778 1508 1802 men-

193 1821 367 1868 dacium,
413 1822 509 1870 quia
542 1822 725 1859 Christus
757 1823 825 1872 qui
859 1832 916 1859 est
948 1823 1094 1859 veritas
1126 1823 1253 1859 nescit
1291 1823 1391 1859 tales
1425 1836 1508 1860 esse

192 1892 326 1916 servos
359 1892 451 1916 suos
485 1880 620 1917 fideles
653 1883 721 1918 sed
753 1880 893 1929 pocius
925 1880 999 1918 scit
1031 1880 1292 1930 contrarium,
1337 1894 1428 1917 curn
1468 1881 1509 1917 in

190 1936 365 1985 ypocrisi
399 1948 669 1986 perseverant.
712 1940 804 1976 Ideo
828 1939 1031 1987 signanter
1063 1939 1128 1975 isti
1157 1939 1337 1987 ypocrite
1369 1940 1509 1988 legun-

135 1999 177 2031 30
192 2004 256 2031 tur
288 2007 483 2044 pompare
514 1996 607 2032 licet
639 1998 737 2033 false
760 1999 807 2033 de
831 1997 1057 2034 eminencia
1090 1996 1151 2033 sui
1183 2006 1328 2045 status;
1353 2006 1391 2034 et
1413 2007 1509 2034 tunc

193 2053 369 2089 creditur
402 2055 509 2102 quod
546 2056 747 2091 Romanus
784 2055 963 2103 pontifex
1007 2068 1097 2091 cum
1139 2055 1411 2092 cardinalibus
1444 2057 1510 2092 de-

193 2110 335 2147 litebit.
370 2114 452 2148 Nec
483 2112 598 2148 video
631 2114 740 2161 quod
772 2122 852 2149 tres
885 2121 990 2149 secte
1022 2113 1098 2150 alie
1131 2122 1169 2149 et
1191 2113 1334 2150 fratres
1357 2112 1509 2161 specia-

191 2168 282 2205 liter
314 2178 409 2206 tunc
443 2183 485 2206 ex
520 2183 592 2206 suo
626 2179 732 2207 statu
763 2171 824 2207 vel
846 2184 967 2219 opere
990 2171 1275 2208 laudabuntur.
1310 2171 1350 2208 Si
1374 2180 1508 2207 autem

192 2235 340 2263 statum
374 2227 488 2264 illum
522 2241 566 2265 ex
605 2228 858 2266 consciencia
890 2237 998 2265 recta
1032 2229 1266 2278 reliquerint
1298 2238 1334 2265 et
1361 2237 1509 2266 statum

136 2289 175 2323 35
193 2297 310 2333 quern
346 2286 528 2323 Christus
560 2286 733 2323 instituit
770 2296 814 2323 ut
846 2287 927 2324 veri
963 2286 1170 2323 christiani
1205 2287 1508 2336 assumpserint,

192 2351 288 2380 tunc
340 2354 505 2391 possunt
557 2345 759 2381 confidere
813 2347 861 2381 de
906 2345 1052 2381 Christi
1105 2346 1311 2382 fructuosa
1362 2345 1510 2381 noticia

192 2400 261 2437 illo
295 2401 371 2439 die.

681 2480 821 2522 CAP.
850 2481 1023 2522 LVIII.

252 2552 442 2601 Sequitur
474 2553 515 2589 in
552 2562 660 2590 textu
700 2554 914 2602 evangelii:
968 2554 1104 2591 Omnis
1148 2566 1247 2605 ergo
1293 2554 1358 2603 qui
1401 2555 1511 2590 audit

134 2623 179 2653 40
197 2610 312 2646 verba
352 2623 435 2647 mea
480 2611 548 2647 hec
595 2619 630 2648 et
664 2612 771 2661 facit
815 2624 858 2648 ea
903 2612 1184 2649 assimilabitur
1229 2612 1315 2648 viro
1347 2612 1513 2662 sapienti

265 2729 306 2747 10.
326 2722 354 2748 A
374 2721 404 2748 in
426 2729 542 2756 marg:
562 2729 596 2756 3.
724 2731 759 2750 11.
782 2722 899 2750 Codd.:
922 2725 1027 2759 gustu.
1169 2722 1213 2750 23.
1233 2724 1262 2750 A
1284 2723 1314 2750 in
1336 2731 1449 2757 marg:
1471 2729 1504 2756 4.

195 2763 244 2788 40.
269 2756 315 2782 A:
337 2763 404 2782 mea
426 2755 521 2783 deest.

267 2817 320 2858 39.
348 2815 468 2848 Matth.
495 2817 566 2857 VII,
595 2827 648 2858 24,
678 2818 729 2849 25.

1710 202 1791 249 459

1530 844 1555 871 It
1576 844 1636 870 will
1660 844 1695 870 be
1715 842 1785 870 vain

1543 882 1573 905 to
1595 878 1683 912 plead
1705 879 1769 905 that

1538 921 1626 940 some
1646 913 1680 940 of
1696 913 1776 940 their

1555 948 1659 975 works
1679 956 1760 974 were

1532 983 1614 1017 good
1642 983 1671 1010 in
1693 982 1776 1009 kind.

1543 1596 1623 1630 High
1646 1595 1781 1629 position

1534 1630 1565 1658 in
1586 1631 1638 1658 the
1660 1630 1786 1658 Church

1548 1665 1608 1692 will
1631 1665 1666 1692 be
1686 1665 1721 1692 of
1737 1673 1776 1691 no

1612 1700 1701 1727 avail.
