2003 3322
173 215 262 243 CAP.
283 205 424 259 xxxv]
683 217 823 247 PRIMA
850 217 977 248 PARS,

174 332 232 361 est
264 336 387 372 parva
419 323 460 359 in
493 322 650 369 merito,
696 322 799 359 sicut
831 335 912 359 non
956 322 1140 360 occidere
1185 324 1246 361 vel
1295 323 1489 360 mechari.

1705 208 1775 244 123

177 381 359 418 Christus
393 389 525 417 autem
559 380 599 417 in
633 382 709 417 hoc
733 381 911 429 capitulo
937 382 1053 418 docet
1083 394 1103 418 a
1128 380 1280 418 levibus
1315 382 1489 429 peccatis
1506 389 1612 417 Christ
1626 397 1729 416 warns
1745 397 1780 416 us

1522 428 1553 450 to
1575 424 1664 451 avoid
1686 424 1761 451 little

175 452 251 488 que
283 448 375 476 sunt
407 438 560 475 radices
583 438 761 486 gravium
788 439 1002 476 abstinere.
1048 441 1096 475 Et
1118 448 1201 475 tum
1228 440 1349 476 homo
1374 441 1490 476 debet
1506 458 1581 493 sins,
1603 459 1703 486 which
1730 466 1781 485 are

175 509 315 534 cavere
348 498 397 534 ab
429 496 507 533 illis
541 498 613 533 sub
646 498 813 533 obtentu
848 497 983 545 magni
1009 497 1153 545 premii
1178 505 1216 533 et
1239 498 1330 545 fuga
1355 497 1489 546 magni

143 554 354 603 §periculi‚
388 563 431 590 ut
465 563 575 603 patet
608 554 648 591 in
680 555 810 591 tribus
845 555 998 592 actibus
1032 555 1322 592 comitantibus
1358 555 1489 592 homi-

176 613 325 649 cidium
359 612 426 661 qui
460 621 694 661 sequuntur.

639 736 779 778 CAR
812 737 1031 781 XXXV.

233 833 423 881 Sequitur
455 833 495 869 in
528 841 636 869 textu
671 833 884 881 evangelii:
929 834 1029 870 Dico
1070 842 1196 870 autem
1243 834 1348 870 vobis
1391 835 1491 882 quia,

176 892 248 928 nisi
279 892 562 927 habundaverit
595 892 741 927 iusticia
776 899 906 928 vestra
935 893 1026 941 plus
1059 904 1171 941 quam
1205 892 1423 928 scribarum
1457 900 1492 928 et

122 950 459 999 10plzariseorum,
495 961 567 985 non
600 950 794 986 intrabitis
839 950 874 985 in
909 962 1074 1000 regnum
1121 951 1305 987 celorum.
1361 952 1489 998 Super

176 1020 255 1056 quo
288 1006 553 1055 Augustinus:
588 1008 634 1042 Id
667 1014 735 1050 est,
767 1008 801 1043 εἰ
831 1020 903 1043 non
943 1008 1067 1043 solum
1103 1008 1168 1043 illa
1201 1008 1359 1043 minima
1393 1008 1492 1058 legis

170 1072 355 1115 precepta
388 1065 639 1114 impleveritis
664 1077 732 1114 que
752 1066 931 1101 inchoant
963 1066 1152 1102 hominem
1185 1067 1253 1102 sed
1275 1066 1394 1102 eciam
1418 1066 1489 1102 ista

176 1135 245 1172 que
276 1136 297 1159 a
331 1136 390 1159 me
421 1123 632 1168 adduntur,
667 1123 730 1171 qui
760 1136 832 1158 non
867 1123 952 1159 veni
981 1123 1133 1160 solvere
1165 1124 1290 1174 legem
1323 1124 1392 1160 sed
1420 1124 1490 1159 im-

172 1182 298 1230 plere,
330 1193 402 1217 non
436 1181 627 1216 intrabitis
660 1181 694 1216 in
720 1193 883 1231 regnum
919 1181 1100 1217 celorum.
1136 1182 1213 1217 Sed
1236 1181 1350 1217 dicis:
1383 1182 1426 1216 Si
1447 1182 1493 1217 de

123 1239 252 1285 15z'llis
296 1239 488 1274 mandatis
539 1239 716 1285 minimis,
762 1251 845 1274 cum
890 1239 1068 1287 superius
1112 1239 1346 1287 loqueretur,
1394 1239 1493 1275 dixit

176 1297 372 1333 minimum
406 1297 540 1332 vocari
569 1296 606 1332 in
645 1309 768 1347 regno
800 1297 971 1332 celorum
1004 1297 1170 1345 quisquis
1210 1310 1324 1333 unum
1360 1309 1492 1333 eorum

176 1355 336 1391 solverit
367 1361 402 1390 et
432 1355 640 1390 secundum
673 1367 780 1390 suam
813 1354 1044 1390 solucionem
1080 1355 1275 1400 docuerit;
1307 1368 1492 1406 magnum

177 1420 302 1448 autem
338 1412 470 1448 vocari
492 1412 659 1460 quisquis
691 1425 733 1448 ea
757 1412 905 1461 fecerit
937 1420 972 1448 et
1002 1413 1057 1449 sic
1090 1413 1275 1459 docuerit,
1310 1420 1345 1449 et
1369 1425 1420 1449 ex
1451 1425 1493 1449 eo

178 1471 252 1506 iam
297 1471 331 1505 in
373 1482 495 1520 regno
529 1471 698 1506 celorum
723 1470 910 1518 futurum
957 1483 1038 1507 esse
1082 1471 1168 1519 quia
1215 1483 1381 1521 magnus
1426 1478 1494 1517 est,

122 1553 163 1574 20
178 1528 268 1577 quid
300 1540 394 1576 opus
426 1535 481 1564 est
525 1528 619 1563 addi
656 1528 852 1577 preceptis
896 1528 994 1578 legis
1039 1529 1218 1575 minimis,
1261 1529 1294 1565 si
1337 1529 1411 1564 iam
1457 1529 1493 1564 in

180 1598 301 1636 regno
334 1586 504 1621 celorum
532 1593 660 1635 potest
691 1598 784 1632 esse,
818 1586 903 1634 quia
939 1599 1105 1636 magnus
1150 1593 1206 1622 est
1238 1586 1406 1635 quisquis
1451 1599 1493 1622 ea

168 1644 315 1693 fecerit
347 1651 381 1679 et
416 1643 619 1679 docuerit?
663 1644 913 1693 Quapropter
955 1644 1010 1680 sic
1057 1644 1279 1693 accipienda
1327 1652 1382 1681 est
1428 1645 1494 1680 illa

178 1701 388 1738 sentencia:
406 1702 482 1745 Qui
494 1709 619 1738 autem
630 1702 777 1749 fecerit
793 1709 827 1737 et
842 1702 1015 1738 docuerit
1032 1702 1091 1738 hic
1113 1714 1279 1752 magnus
1298 1703 1497 1738 vocabitur

180 1760 215 1795 in
250 1772 373 1809 regno
408 1760 591 1803 celorum,
624 1760 664 1794 id
696 1767 763 1803 θεῖ,
797 1772 869 1795 non
892 1761 1098 1796 secundum
1133 1761 1199 1795 illa
1225 1761 1396 1805 minima,
1428 1761 1497 1796 sed

123 1831 162 1863 25
178 1818 385 1853 secundum
419 1830 488 1866 que
521 1818 694 1853 dicturus
733 1830 829 1853 sum.
883 1818 966 1861 Que
997 1825 1084 1854 sunt
1127 1825 1253 1854 autem
1299 1819 1401 1854 ista?
1450 1818 1497 1854 Ut

178 1876 343 1911 abundet
375 1875 524 1911 iusticia
557 1882 699 1921 vestra,
734 1876 864 1924 inquit⁷
898 1888 1016 1924 super
1047 1877 1264 1912 scribarum
1299 1884 1334 1912 et
1357 1876 1495 1925 phari-

178 1945 346 1977 seorum,
382 1934 467 1981 quia
500 1934 572 1969 nisi
601 1934 869 1979 abundaverit,
915 1946 986 1969 non
1027 1933 1218 1970 intrabitis
1256 1934 1291 1969 in
1331 1946 1495 1984 regnum

179 1992 362 2027 celorum.
404 1991 480 2035 Qui
510 1991 633 2041 igitur
662 1992 824 2027 solverit
855 1992 921 2026 illa
955 1991 1111 2027 minima
1143 1999 1178 2027 et
1225 1992 1279 2028 sic
1324 1992 1498 2028 docuerit

180 2049 357 2084 minimus
390 2050 610 2093 vocabitur;
640 2049 705 2097 qui
724 2057 848 2084 autem
873 2049 1022 2097 fecerit
1053 2056 1087 2084 et
1111 2050 1283 2085 docuerit
1315 2062 1387 2085 non
1421 2050 1496 2085 iam

123 2123 164 2154 30
180 2119 346 2157 magnus
379 2107 575 2143 habendus
598 2114 653 2143 est
675 2114 710 2143 et
732 2107 890 2143 idoneus
914 2119 1037 2157 regno
1062 2108 1247 2153 celorum,
1280 2108 1348 2144 sed
1370 2115 1496 2143 tamen

181 2176 252 2200 non
299 2172 375 2200 tam
422 2165 601 2201 minimus
647 2177 759 2213 quam
793 2165 857 2201 ille
904 2165 968 2213 qui
1016 2165 1143 2211 solvit,
1190 2172 1228 2200 ut
1271 2172 1396 2201 autem
1450 2165 1499 2201 sit

181 2234 349 2272 magnus
380 2229 414 2258 et
446 2222 504 2258 illi
535 2235 658 2273 regno
691 2230 804 2271 aptus
827 2223 970 2270 facere
1003 2222 1110 2258 debet
1143 2230 1177 2259 et
1211 2224 1362 2269 docere,
1402 2223 1499 2259 sicut

182 2292 278 2315 nunc
316 2280 494 2316 Christus
547 2282 666 2326 docet,
712 2281 751 2315 id
794 2287 863 2327 θεῖ,
908 2287 947 2315 ut
994 2280 1186 2317 habundet
1231 2281 1377 2317 iusticia
1422 2281 1501 2317 eius

62 2353 140 2396 367⁰
181 2350 298 2386 super
328 2338 546 2374 scribarum
579 2346 614 2374 et
631 2338 922 2386 phariseorum.
955 2338 1115 2374 Justicia
1144 2339 1419 2388 phariseorum
1446 2346 1500 2375 θεῖ

125 2411 165 2444 35
183 2402 221 2430 ut
254 2408 326 2431 non
374 2395 562 2442 occidant,
608 2396 757 2432 iusticia
785 2392 789 2447 Ι
818 2408 951 2432 eorum
996 2396 1060 2444 qui
1102 2397 1289 2432 intraturi
1330 2404 1419 2432 sunt
1464 2397 1499 2432 in

183 2466 347 2503 regnum
381 2454 551 2489 celorum
586 2461 625 2489 ut
657 2466 729 2489 non
762 2454 985 2490 irascantur
1015 2454 1094 2490 sine
1133 2467 1261 2493 causa.
1295 2454 1499 2490 Minimum

183 2519 238 2547 est
269 2523 366 2561 ergo
399 2523 471 2547 non
505 2512 702 2557 occidere;
733 2519 768 2548 et
799 2513 862 2560 qui
883 2512 981 2547 illud
1001 2512 1162 2548 solverit
1186 2513 1363 2548 minimus
1387 2524 1499 2549 voca-

250 2687 284 2707 11.
304 2680 333 2706 A
351 2679 382 2706 in
404 2687 517 2715 marg:
537 2678 739 2715 Augustinus.
831 2688 869 2707 12.
890 2681 936 2707 A:
957 2688 1015 2715 que
1034 2680 1176 2708 iniciant.
1283 2680 1322 2708 18.
1344 2681 1389 2708 A:
1411 2683 1442 2708 et
1458 2681 1502 2708 sic

181 2721 218 2740 ex
237 2722 284 2741 eo.
356 2712 396 2741 31.
417 2714 455 2741 B:
476 2714 607 2742 minime.
680 2714 725 2742 36.
747 2715 792 2742 A:
814 2723 944 2752 regnum
964 2715 1032 2742 Dei.

253 2785 285 2817 8.
312 2786 430 2818 Matth.
450 2788 491 2826 V,
519 2797 571 2818 20.
681 2798 729 2819 11.
757 2789 790 2819 S.
809 2787 1005 2829 Augustini,
1032 2788 1083 2818 De
1110 2797 1274 2819 sermone
1300 2787 1441 2818 Domini
1469 2787 1503 2818 in

182 2839 312 2873 monte,
340 2833 360 2864 1.
388 2843 415 2864 c.
443 2844 474 2876 p.
507 2834 583 2876 173.

1539 494 1589 520 the
1611 498 1694 520 roots
1715 493 1750 520 of

1534 536 1643 564 graver
1664 536 1749 555 ones.

1551 839 1735 875 Augustine.

1534 957 1602 984 The
1622 958 1680 984 law
1700 965 1746 983 we

1530 996 1614 1019 must
1634 992 1708 1026 keep
1730 992 1756 1018 is

1553 1026 1617 1053 that
1636 1027 1743 1058 taught

1559 1062 1597 1097 by
1620 1061 1734 1088 Christ.
