2003 3322
190 238 268 273 230

229 877 377 904 Contrast
396 877 431 903 of

189 911 271 947 body
290 912 349 938 and
372 912 449 938 soul.

898 245 1015 276 opos
1042 244 1377 275 EVANGELICUM
1571 232 1676 285 [cem
1698 240 1790 267 [χιι.

476 350 709 386 continencia
742 358 777 386 et
809 351 905 386 bona
938 350 1167 399 operacione
1199 350 1344 386 iusticie
1376 349 1669 385 irracionabiles
1703 361 1788 385 cor-

470 408 582 456 poris
603 415 729 445 motus
741 408 907 458 frangit
939 415 974 444 et
1004 408 1037 444 si
1068 420 1231 457 corpore
1262 407 1505 456 concupiscit,
1538 407 1689 442 animus
1711 406 1790 442 eius

477 478 549 501 non
582 466 808 515 concupivit.
845 466 888 501 Si
917 473 1043 502 autem
1076 466 1311 502 consenserit
1342 465 1515 514 implere,
1550 464 1652 514 quod
1683 464 1788 515 cogi-

478 530 595 570 tatur,
629 531 717 560 tunc
750 536 840 560 vere
873 524 1015 559 dicitur
1046 524 1197 560 animus
1229 524 1521 572 concupiscere;
1551 523 1620 559 sed
1651 522 1688 557 in
1720 523 1791 558 hoc

479 582 562 617 loco
606 594 698 618 caro
743 582 895 630 quidem
940 582 1133 618 inimicum
1177 594 1287 617 suum
1334 581 1500 631 diligere
1544 593 1616 617 non
1650 580 1823 629 potest,5

478 640 799 687 quemadmodum
839 652 905 675 nec
943 646 998 675 est
1031 640 1216 688 possibile
1253 646 1292 674 ut
1331 639 1511 675 iniuriam
1545 651 1617 675 non
1648 638 1792 675 senciat

476 697 549 733 sibi
579 697 739 733 illatam.
779 697 916 733 Anima
950 704 1075 733 autem
1110 697 1302 733 inimicum
1337 697 1504 747 diligere
1531 704 1671 745 potest,
1705 697 1791 745 quia

477 755 635 790 dileccio
669 756 729 791 vel
760 756 887 792 odium
923 756 1052 791 carnis
1085 755 1120 790 in
1153 767 1265 791 sensu
1300 762 1368 799 est,
1414 755 1539 790 anime
1583 762 1708 790 autem
1754 754 1790 789 in

476 813 679 849 intellectu.

535 871 719 907 Preterea
763 871 891 906 anima
930 871 1080 919 quidem
1120 871 1329 907 secundum
1371 870 1564 906 racionem
1614 870 1790 917 vertitur,
1811 882 1851 903 10

477 941 570 964 caro
627 936 753 964 autem
813 924 1040 965 inuertibilis
1091 929 1126 964 in
1167 929 1348 977 passione
1397 935 1559 975 tenetur,
1612 928 1790 976 quoniam

476 982 604 1022 anima
656 987 778 1023 libera
828 994 863 1022 et
909 987 977 1023 sub
1017 986 1239 1036 principatu
1284 986 1360 1022 Dei
1403 993 1472 1031 est,
1524 998 1616 1022 caro
1663 993 1789 1022 autem

478 1045 629 1094 captiva
676 1052 711 1080 et
755 1045 823 1081 sub
863 1045 1085 1093 principatu
1127 1045 1271 1080 diaboli
1307 1051 1375 1091 est⁷
1419 1045 1516 1080 sicut
1555 1051 1589 1080 et
1628 1045 1792 1080 mundus

477 1103 606 1151 quiin
640 1103 815 1153 maligno
851 1103 1001 1151 positus
1042 1110 1110 1149 est,
1150 1103 1327 1151 quoniam
1369 1109 1404 1138 et
1442 1102 1525 1151 ipsa
1566 1102 1612 1137 de
1650 1102 1791 1138 mundo

478 1168 543 1197 est.
596 1161 761 1204 Quando
794 1173 892 1211 ergo
926 1173 1107 1197 vocemur
1139 1161 1184 1196 ab
1217 1161 1344 1209 aliquo
1390 1160 1461 1196 etsi
1504 1160 1655 1196 odimus
1693 1173 1791 1207 eum,
1813 1167 1847 1199 15

477 1231 550 1255 non
582 1226 708 1255 tamen
742 1219 971 1267 exequimur
1003 1219 1130 1255 odium
1165 1226 1353 1265 nostrum,
1398 1218 1685 1255 considerantes
1719 1218 1794 1254 Dei

479 1277 682 1323 iusticiam,
729 1277 798 1312 sed
842 1277 971 1327 magis
1003 1277 1295 1326 confringentes
1328 1283 1454 1312 motus
1488 1276 1638 1313 doloris
1670 1276 1795 1312 nostri

479 1342 514 1370 et
545 1335 804 1371 benedicimus
836 1342 869 1370 et
897 1335 1170 1383 benefacimus,
1204 1347 1393 1386 cognosce
1416 1335 1501 1383 quia
1525 1347 1617 1370 caro
1640 1334 1790 1383 quidem

479 1400 610 1429 nostra
643 1393 723 1429 odit
755 1393 948 1429 inimicum
977 1405 1087 1429 suum
1120 1405 1190 1442 que
1222 1392 1345 1429 nocita
1371 1393 1537 1443 diligere
1560 1405 1632 1428 non
1650 1399 1790 1441 potest,

477 1451 604 1486 anima
624 1459 750 1487 autem
770 1451 901 1501 diligit
919 1451 1127 1498 inimicum,
1152 1451 1320 1500 alioquin
1339 1451 1373 1486 si
1395 1450 1650 1499 unusquisque
1667 1457 1792 1486 motus
1807 1467 1849 1488 20

478 1510 607 1545 carnis
657 1522 724 1545 sue
767 1509 996 1552 consideret,
1042 1509 1188 1545 nullum
1235 1509 1373 1545 bonnm
1403 1509 1546 1557 facere
1584 1508 1790 1554 invenitur,

479 1568 564 1616 quia
588 1580 699 1603 omne
721 1567 873 1614 bonum,
897 1568 1129 1603 adversante
1158 1567 1287 1603 carnis
1309 1574 1462 1613 natura,
1486 1566 1792 1602 contradicentes

479 1625 663 1661 nobismet
680 1625 772 1674 ipsis
789 1626 1003 1674 explemus.
1024 1625 1174 1660 Deinde
1192 1625 1255 1674 qui
1269 1632 1304 1660 te
1318 1625 1552 1661 innocentem
1570 1624 1791 1669 iniuriatnr,

478 1683 512 1719 si
550 1683 711 1732 incipias
750 1684 1001 1720 considerare
1039 1684 1229 1731 quomodo
1262 1696 1283 1718 a
1319 1683 1470 1719 diabolo
1499 1682 1726 1731 possidetur
1758 1689 1792 1718 et

478 1741 626 1791 agitur,
642 1742 832 1789 quomodo
858 1741 1091 1778 voluntatem
1114 1754 1223 1777 suam
1242 1740 1429 1790 adimplet
1446 1753 1521 1790 per
1536 1740 1790 1776 ministerium
1809 1747 1847 1778 25

479 1799 570 1845 eius,
616 1811 688 1835 non
729 1800 850 1837 solum
892 1811 963 1835 non
1002 1799 1189 1835 irasceris
1221 1799 1255 1835 ei
1283 1799 1351 1835 sed
1388 1799 1515 1834 adhuc
1548 1798 1793 1835 misereberis

480 1857 579 1902 eius;
622 1857 823 1894 miseracio
862 1864 988 1893 autem
1023 1864 1129 1893 creat
1161 1858 1351 1906 affectum.
1400 1856 1462 1892 Vis
1494 1869 1591 1907 ergo
1626 1856 1793 1907 diligere

480 1915 673 1951 inimicum
707 1916 846 1951 tuum?
893 1916 936 1951 Si
967 1915 1148 1951 iniuriam
1178 1915 1340 1964 pateris,
1382 1915 1460 1951 noli
1491 1915 1672 1950 iniuriam
1701 1927 1793 1964 pre-

478 1980 620 2009 sentem
654 1974 830 2022 aspicere
861 1974 930 2009 sed
962 1973 1167 2010 considera
1188 1973 1361 2023 gloriam
1386 1984 1497 2021 quam
1516 1985 1593 2021 pro
1617 1973 1793 2008 mercede

479 2032 514 2066 in
560 2031 698 2068 iudicio
750 2039 1023 2068 consecuturus
1073 2044 1124 2068 es.
1179 2031 1221 2066 Si
1262 2031 1515 2079 equanimiter
1558 2037 1793 2080 supportare
1809 2038 1851 2069 30

482 2089 661 2136 volueris,
707 2090 741 2125 si
772 2091 981 2139 dampnum
1013 2102 1153 2138 passus
1176 2089 1323 2137 fueris,
1369 2089 1449 2124 noli
1480 2090 1549 2125 hoc
1583 2089 1791 2138 dampnum

479 2147 653 2196 aspicere
695 2149 764 2184 sed
808 2148 906 2183 illud
944 2147 1140 2197 paciencie
1183 2147 1347 2184 lucrum.
1402 2147 1486 2182 Illis
1531 2147 1628 2183 enim
1673 2153 1791 2183 totum

480 2206 632 2241 videtur
683 2206 842 2255 difficile
895 2206 958 2254 qui
1002 2205 1297 2241 retribucionem
1349 2217 1421 2240 non
1466 2212 1623 2253 sperant
1657 2204 1795 2253 futuri

480 2264 621 2299 iudicii¹

537 2322 588 2357 Et
632 2321 842 2370 benefacite
885 2321 957 2357 hiis
995 2321 1057 2369 qui
1095 2321 1259 2357 oderunt
1301 2333 1379 2357 vos.
1435 2321 1567 2357 Sciens
1604 2321 1795 2357 Dominus
1811 2328 1848 2360 33

480 2380 568 2428 quia
615 2380 744 2415 carnis
789 2379 945 2415 dileccio
991 2391 1041 2414 ex
1085 2379 1272 2428 beneficiis
1317 2380 1489 2415 nascitur
1533 2386 1567 2415 et
1612 2379 1794 2425 nutritur,

480 2437 597 2473 eciam
644 2438 708 2473 ubi
749 2450 820 2472 non
858 2437 987 2485 fuerit
1026 2437 1153 2485 prius,
1199 2437 1283 2473 ideo
1323 2437 1422 2472 iubet
1461 2448 1528 2473 nos
1567 2437 1794 2484 benefacere

481 2494 652 2541 inimicis,
699 2502 737 2530 ut
782 2508 913 2531 eorum
955 2495 1041 2530 odia
1081 2495 1269 2544 beneficiis
1308 2495 1449 2531 nostris
1488 2502 1790 2544 compescantur.

481 2553 523 2588 Si
560 2553 655 2589 enim
700 2554 826 2589 dando
866 2560 900 2588 et
938 2553 1159 2602 accipiendo
1199 2553 1373 2589 amicicia
1413 2555 1583 2589 nascitur
1621 2565 1690 2602 que
1722 2564 1793 2588 non

550 2777 571 2795 1.
593 2768 629 2794 B:
652 2768 731 2795 bona
749 2768 840 2795 dcem.
915 2776 939 2795 3,
962 2768 999 2796 13:
1022 2773 1120 2795 motus
1135 2777 1252 2796 carnis.
1328 2768 1350 2795 3.
1367 2769 1410 2795 A:
1428 2770 1560 2804 explere,
1636 2777 1667 2796 11.
1685 2770 1728 2796 A:
1750 2769 1794 2795 t'n-

480 2803 647 2834 nectibilz's;
668 2803 706 2829 ib.
730 2805 772 2830 A:
795 2804 878 2838 quia.
996 2812 1034 2831 12.
1056 2804 1175 2831 Codd.:
1197 2804 1295 2831 libera
1317 2808 1370 2830 cst.
1489 2805 1530 2830 ιώ.
1553 2805 1596 2830 A:
1620 2804 1680 2830 Dei
1699 2804 1792 2830 deest.

481 2838 518 2864 18,
534 2839 558 2864 Α
572 2847 576 2863 :
590 2836 826 2869 benefaciamus.
894 2839 1173 2871 1‹,.A:‹uutdee„st;
1187 2838 1226 2865 ib.
1240 2840 1282 2865 A:
1296 2839 1415 2865 nociva.
1481 2846 1523 2865 22.
1534 2839 1576 2865 A:
1590 2838 1793 2865 condicentes.

481 2874 526 2899 26,
549 2868 665 2899 (jvdd.':
687 2880 747 2899 uon
770 2873 872 2900 before
893 2874 1044 2900 irasceris
1064 2874 1158 2899 deest.
1179 2873 1306 2900 Addidl.
1381 2876 1426 2900 28.
1448 2875 1492 2900 A:
1510 2873 1663 2908 paciaris.
