2003 3322
182 246 232 280 66

882 249 1000 282 OPUS
1025 248 1360 280 EVANGELICUM
1585 236 1691 290 [CAP.
1711 244 1776 272 xx.

468 369 586 407 spem,
618 370 705 406 spes
736 364 862 392 autem
897 368 968 392 non
1001 356 1216 404 confundit,
1250 356 1335 403 quia
1370 355 1513 391 caritas
1536 354 1612 390 Dei
1641 355 1777 402 diffusa

470 422 525 451 est
557 416 592 450 in
626 415 806 450 cordibus
838 415 980 450 nostris
1014 427 1089 464 per
1121 414 1309 462 Spiritum
1344 413 1524 448 Sanctum
1566 412 1629 460 qui
1668 413 1780 447 datus

470 480 525 508 est
557 473 674 510 nobis.
709 473 795 508 Non
829 472 925 508 enim
959 473 1025 507 illa
1054 471 1474 521 perpetifructuosum
1508 477 1576 518 est,
1608 470 1677 506 sed
1708 470 1779 505 ista

465 543 542 580 pro
588 530 734 566 Christi
771 530 920 566 nomine
959 543 1031 566 non
1070 530 1194 565 solum
1235 541 1328 577 equo
1373 528 1500 564 animo
1542 528 1611 564 sed
1662 527 1779 563 eciam

471 601 555 624 cum
602 588 845 624 exultacione
888 588 1069 623 tolerare.
1130 587 1231 623 Nam
1280 587 1393 622 multi
1434 586 1592 622 heretici
1633 585 1814 621 nomine5

471 646 681 682 christiano
720 646 869 682 animas
908 646 1136 695 decipientes
1175 645 1300 681 multa
1334 645 1425 680 talia
1454 644 1678 693 paciuntur,
1716 644 1783 679 sed

472 704 555 740 ideo
594 704 858 739 excluduntur
896 704 941 739 ab
980 704 1051 739 ista
1097 704 1285 749 mercede,
1330 702 1416 751 quia
1449 714 1521 738 non
1555 702 1695 737 dictum
1730 708 1784 737 est

473 769 642 797 tantum:
674 762 787 797 Beati
818 761 881 810 qui
906 761 1218 810 persecucionem
1247 761 1470 809 paciuntur,
1509 759 1578 795 sed
1609 759 1782 795 additum

473 827 551 855 est:
595 820 765 868 Propter
811 819 1010 855 iusticiam.
1064 819 1136 854 Ubi
1172 826 1297 854 autem
1338 830 1431 854 sana
1459 817 1566 867 fides
1605 829 1677 852 non
1717 823 1784 859 ests,

474 877 621 913 iusticia
655 889 735 913 esse
767 889 840 913 non
868 884 1008 926 potest,
1042 877 1127 925 quia
1162 877 1282 912 iustus
1314 888 1365 912 ex
1384 876 1470 925 fide
1503 875 1605 911 vivit.
1652 875 1783 923 Neque
1806 888 1843 907 10

473 935 710 971 schismatici
739 935 885 983 aliquid
915 935 987 970 sibi
1017 946 1068 970 ex
1099 935 1170 970 ista
1206 934 1383 970 mercede
1409 933 1653 983 promittant,
1699 932 1784 981 quia

473 993 652 1029 similiter
690 993 753 1028 ubi
789 993 932 1028 caritas
976 1005 1048 1028 non
1094 999 1161 1037 est,
1212 992 1360 1027 iusticia
1405 1004 1485 1028 esse
1528 1003 1600 1027 non
1639 998 1787 1040 potest:

474 1051 646 1086 Dileccio
686 1050 783 1086 enim
818 1051 998 1099 proximi
1035 1050 1178 1085 malum
1220 1062 1292 1085 non
1340 1057 1535 1098 operatur.
1592 1049 1716 1092 Quam
1756 1048 1789 1083 si

475 1109 677 1153 haberent,
710 1121 782 1144 non
807 1109 1040 1144 dilaniarent
1063 1120 1204 1156 corpus
1232 1107 1389 1152 Christi,
1415 1107 1516 1155 quod
1538 1113 1593 1142 est
1614 1106 1786 1143 ecclesia.

539 1166 663 1216 Qteri
693 1173 818 1202 autem
846 1173 974 1215 potest
1006 1166 1096 1214 quid
1128 1165 1278 1201 intersit
1310 1166 1411 1213 quod
1442 1165 1516 1200 ait:
1553 1164 1647 1199 Cum
1685 1164 1789 1200 vobis
1809 1167 1844 1199 15

476 1224 704 1260 maledicent
742 1232 777 1259 et
815 1224 959 1260 Dicunt
996 1236 1105 1259 omne
1142 1224 1286 1259 malum
1327 1224 1534 1259 adversum
1569 1235 1657 1258 vos:
1704 1234 1787 1257 cum

477 1282 721 1328 maledicere,
755 1282 825 1318 lzoc
855 1282 917 1327 sit,
949 1282 1093 1317 malum
1128 1282 1266 1317 dicere.

535 1341 613 1376 Sed
643 1340 758 1376 aliter
789 1340 1034 1376 maledictum
1068 1340 1237 1374 iactatur
1268 1351 1351 1374 cum
1386 1338 1614 1374 contumelia
1656 1350 1787 1373 coram

477 1398 543 1434 illo
587 1398 648 1433 cui
691 1398 947 1445 maledicitur,
998 1398 1095 1433 sicut
1138 1397 1306 1433 Domino
1351 1404 1483 1432 nostro
1530 1397 1672 1431 dictum
1717 1403 1791 1431 est:

478 1457 614 1492 Nonne
632 1468 764 1491 verum
786 1456 947 1491 dicimus
970 1468 1037 1491 nos
1056 1455 1142 1503 quia
1161 1455 1431 1490 Samaritanus
1454 1467 1492 1490 es
1515 1461 1549 1490 et
1573 1454 1787 1490 demonium
1807 1468 1849 1489 20

479 1514 623 1550 habes?
671 1514 796 1549 Aliter
833 1526 916 1549 cum
956 1513 1121 1549 absentis
1154 1513 1271 1561 fama
1312 1513 1467 1557 leditur‚
1505 1513 1602 1548 sicut
1642 1512 1687 1547 de
1725 1512 1790 1547 illo

477 1572 682 1607 scribitur:
732 1572 811 1607 Alii
854 1572 1027 1607 dicebant
1071 1571 1156 1619 quia
1197 1571 1389 1619 propheta
1435 1578 1502 1617 est,
1555 1570 1623 1606 alii
1665 1577 1789 1605 autem

480 1630 673 1666 dicebant:
707 1630 806 1676 Non,
839 1630 908 1665 sed
937 1630 1085 1665 seducit
1117 1629 1264 1666 turbas.

536 1687 704 1723 Videtur
736 1687 856 1723 istum
892 1696 1074 1723 sanctum
1110 1686 1242 1723 dicere
1267 1688 1374 1734 quod
1399 1686 1638 1723 maledicere
1671 1685 1721 1722 sit
1753 1685 1793 1721 in

481 1745 690 1794 presencia
722 1745 866 1781 inferre
896 1745 1049 1781 homini
1080 1744 1365 1781 contumeliam
1391 1746 1459 1780 sed
1483 1744 1616 1780 dicere
1640 1744 1790 1780 malum
1811 1748 1848 1780 25

481 1805 669 1840 adversus
702 1816 792 1839 eum
827 1812 884 1839 est
918 1802 1182 1848 communius,
1217 1802 1297 1838 sive
1331 1804 1405 1838 hoc
1439 1802 1507 1838 fiat
1539 1803 1579 1838 in
1612 1815 1682 1839 sua
1705 1813 1793 1850 pre-

481 1861 615 1898 sencia
646 1861 725 1897 sive
758 1861 957 1897 absencia.

539 1920 735 1968 Persequi,
768 1919 898 1967 inquit
921 1917 1178 1966 Augustinus,
1208 1926 1263 1954 est
1286 1919 1360 1954 vim
1384 1918 1534 1966 inferre
1556 1919 1616 1954 vel
1636 1917 1795 1954 insidias

482 1985 664 2027 appetere
695 1978 796 2026 quod
817 1978 919 2025 fecit
956 1977 1021 2026 qui
1058 1989 1141 2012 eum
1176 1977 1339 2012 tradidit
1376 1984 1411 2012 et
1448 1976 1511 2025 qui
1548 1989 1630 2012 eum
1671 1975 1793 2011 cruci-

473 2036 667 2085 fixerunt.
715 2036 815 2070 Sane
853 2036 923 2071 lzoc
961 2048 1033 2071 non
1072 2041 1128 2070 est
1160 2035 1259 2070 nude
1285 2035 1470 2083 positum,
1511 2041 1550 2069 ut
1583 2035 1796 2070 diceretur:
1813 2040 1853 2071 30

482 2094 536 2129 Et
568 2094 698 2129 dicunt
729 2105 838 2129 omne
870 2093 1013 2128 malum
1047 2093 1254 2128 adversum
1289 2104 1377 2136 2¹os5
1413 2092 1482 2128 sed
1514 2092 1688 2127 additum
1722 2098 1798 2127 est:

484 2151 729 2187 Mencientes.
782 2151 954 2186 Additur
999 2150 1140 2186 eciam.-
1182 2151 1352 2199 Propter
1395 2162 1466 2186 me.
1519 2150 1688 2199 Propter
1734 2161 1797 2186 eos

484 2209 657 2253 additur,
684 2216 793 2257 puto,
839 2209 903 2257 qui
943 2209 1074 2244 volunt
1108 2208 1153 2243 de
1180 2207 1516 2256 persecucionibus
1548 2215 1583 2243 et
1615 2208 1661 2242 de
1683 2208 1798 2255 same

484 2280 550 2303 sue
582 2267 820 2316 turpitudine
851 2266 1045 2317 gloriari;
1089 2273 1123 2301 et
1155 2266 1238 2301 ideo
1279 2267 1406 2301 dicere
1445 2266 1497 2301 ad
1534 2278 1574 2301 se
1600 2266 1798 2314 pertinere

487 2325 602 2360 verba
632 2325 791 2369 Clzristi,
825 2325 911 2373 quia
944 2324 1063 2359 multa
1099 2324 1144 2358 de
1176 2324 1252 2359 illis
1285 2324 1465 2359 dicuntur
1496 2324 1612 2368 mala,
1647 2336 1730 2359 cum
1764 2328 1853 2361 et35

488 2395 579 2418 vera
614 2383 804 2427 dicantur,
839 2383 990 2431 quando
1023 2382 1069 2416 de
1101 2381 1256 2417 illorum
1292 2393 1429 2417 errore
1461 2382 1663 2426 dicuntur,-
1700 2388 1734 2416 et
1765 2381 1799 2416 si

487 2440 694 2488 aliquando
728 2441 845 2476 eciam
871 2439 1053 2475 nonnulla
1068 2438 1180 2486 salsa
1214 2440 1420 2485 iactantur,
1454 2440 1554 2487 quod
1585 2439 1799 2475 temeritate

488 2498 682 2533 hominum
712 2499 942 2546 plerumque
973 2497 1125 2539 accidit,
1159 2509 1230 2533 non
1264 2505 1388 2532 tamen
1407 2503 1574 2545 propter
1601 2497 1796 2532 Christum

560 2690 599 2716 1¹⁴».
622 2691 664 2717 A:
687 2698 750 2717 nos.
877 2698 915 2717 21.
938 2690 1055 2717 Codd.:
1078 2689 1116 2716 Et
1136 2690 1240 2716 aliter.
1366 2687 1408 2715 33.
1430 2690 1474 2716 A:
1495 2688 1634 2715 additum
1653 2691 1697 2715 est
1711 2690 1798 2723 pum.

489 2722 534 2751 30.
559 2725 596 2751 13:
619 2728 647 2751 el
667 2725 704 2751 de
724 2725 858 2751 illorum.

560 2830 592 2861 9.
619 2820 782 2850 Habacuc
809 2820 846 2858 II7
873 2829 905 2859 4.
1012 2830 1061 2850 10.
1087 2819 1189 2849 Rom.
1218 2819 1239 2857 Ι,
1272 2829 1323 2860 17.
1432 2819 1480 2849 1¹3.
1507 2818 1610 2849 Rom.
1634 2818 1719 2857 XIII,
1752 2827 1801 2848 10.

494 2874 547 2896 20.
572 2865 649 2895 joh.
677 2866 764 2905 VIII,
790 2866 845 2905 48.
943 2875 996 2896 22.
1021 2865 1098 2896 joh.
1126 2865 1196 2904 VII,
1229 2875 1277 2895 12.

1512 3146 1538 3170 vj?
