2003 3322
193 240 266 266 122
893 240 1010 272 opos
1036 238 1372 271 EVANGELICUM
1523 226 1628 284 [CAP.
1648 236 1786 265 xxxw.

462 346 591 394 facile
622 353 688 382 est.
721 346 810 395 Ipsa
843 346 940 382 enim
980 345 1152 382 criminis
1194 345 1423 395 magnitudo
1457 346 1690 382 voluntatem
1714 346 1785 395 fa-

473 404 598 440 ciendi
634 404 855 453 repercutit,
902 411 938 440 et
975 404 1059 440 ideo
1092 415 1163 439 non
1204 403 1315 439 hahet
1348 404 1499 440 laudem
1533 404 1596 452 qui
1626 404 1787 440 abstinet

471 473 511 497 se
542 462 587 497 ab
621 461 711 508 illis,
743 461 830 510 quia
864 474 937 498 non
982 469 1037 498 est
1084 461 1195 497 labor
1237 461 1427 497 abstinere
1470 462 1515 497 ab
1549 461 1635 498 illis.
1682 462 1784 498 Nam

473 531 582 555 omne
628 519 771 555 malum
817 527 956 568 quanto
1001 519 1165 570 gravius
1216 526 1270 554 est
1314 519 1472 565 crimen,
1518 526 1622 555 tanto
1667 520 1787 557 levius

473 577 626 612 videtur
657 578 709 612 ad
739 589 812 613 non
847 577 1076 625 faciendum
1110 584 1145 612 et
1175 577 1340 627 gravius
1362 577 1467 625 facit
1494 585 1710 626 peccatum,
1754 578 1820 614 si5

463 635 594 683 fuerit
614 635 784 683 sactum.
825 636 912 671 Non
945 635 1063 671 irasci
1093 642 1218 670 autem
1252 647 1324 670 non
1347 635 1474 682 facile
1505 642 1560 671 est
1606 636 1641 671 in
1685 643 1786 682 actu,

472 692 559 741 quia
594 693 683 728 dum
719 693 812 729 levis
830 694 941 742 culpa
960 700 1136 742 putatur,
1163 704 1234 728 non
1259 692 1385 740 facile
1406 699 1590 729 servatur
1611 706 1632 729 a
1656 694 1787 731 multis

473 758 508 786 et
539 751 700 786 multum
735 751 971 787 laboriosum
1004 758 1058 787 est
1085 762 1201 800 posse
1239 763 1311 786 non
1345 751 1474 797 irasci,
1509 751 1595 799 quia
1628 758 1786 787 natura-

473 808 561 844 liter
592 809 627 844 in
661 809 874 845 hominibus
906 809 1107 845 iracundia
1141 815 1195 844 est
1222 809 1414 857 plantata,
1455 815 1490 844 et
1522 809 1606 845 ideo
1654 809 1689 844 in
1723 822 1783 846 re-

472 867 742 903 muneracione
773 880 917 917 magna
949 874 1049 911 sunt,
1088 866 1173 915 quia
1208 866 1366 916 difficile
1397 873 1432 902 et
1463 866 1699 903 laboriosum
1732 874 1787 904 est
1806 879 1846 900 10

472 924 665 961 abstinere
696 925 742 960 ab
775 925 838 961 eis.

531 983 715 1018 Preterea
749 983 819 1019 etsi
856 983 979 1019 iratus
1006 982 1136 1031 fuerit
1180 982 1293 1018 homo
1347 988 1412 1017 aut
1456 982 1691 1031 concupierit
1732 990 1787 1019 est

473 1040 623 1088 quidem
652 1048 852 1089 peccatum
885 1041 970 1090 quia
1004 1040 1147 1076 malum
1181 1047 1256 1084 est;
1288 1052 1360 1075 non
1393 1047 1518 1076 tamen
1564 1047 1619 1076 est
1659 1053 1787 1091 grave

468 1105 684 1147 peccatum,
717 1099 802 1146 quia
837 1099 997 1149 difficile
1019 1105 1075 1134 est
1102 1098 1293 1134 abstinere
1315 1098 1360 1133 ab
1394 1097 1458 1133 eis.
1492 1098 1606 1148 Ergo
1629 1098 1785 1134 minima

474 1157 657 1191 mandata
690 1156 761 1192 ista
795 1157 895 1193 dixit
932 1156 1080 1192 Christi
1109 1156 1312 1191 mandata:
1355 1156 1441 1191 Non
1475 1156 1672 1199 irascaris,
1712 1169 1785 1193 non
1805 1158 1841 1191 15

475 1214 734 1263 concupiscas,
768 1226 837 1263 que
880 1215 916 1250 in
950 1214 1189 1251 observando
1223 1214 1372 1262 quidem
1418 1226 1561 1264 magna
1605 1221 1706 1261 sunt,
1749 1215 1785 1250 in

471 1279 630 1321 peccato
674 1279 800 1308 autem
853 1273 1008 1308 minima
1060 1273 1239 1308 videntur
1282 1278 1462 1320 quantum
1507 1272 1559 1307 ad
1601 1272 1786 1309 homines.

476 1330 732 1381 Negligentes
763 1343 861 1381 ergo
894 1331 952 1366 illi
973 1331 1037 1379 qui
1057 1330 1154 1366 levia
1172 1336 1332 1379 peccata
1356 1329 1608 1377 committunt,
1641 1331 1788 1366 minimi

475 1395 562 1424 sunt
604 1389 640 1423 in
685 1401 809 1438 regno
843 1389 930 1433 Dei,
975 1389 1014 1424 id
1055 1395 1122 1433 est,
1156 1388 1219 1436 qui
1260 1388 1383 1423 iratus
1415 1388 1545 1436 fuerit
1588 1395 1623 1423 et
1664 1388 1786 1424 iratus

475 1446 630 1496 grande
656 1454 857 1495 peccatum
890 1459 962 1483 non
984 1446 1144 1495 fecerit,
1176 1459 1197 1481 a
1226 1458 1325 1494 pena
1355 1445 1503 1493 quidem
1536 1458 1696 1482 securus
1718 1453 1784 1492 est,
1802 1457 1844 1479 20

476 1517 549 1541 non
599 1511 724 1540 tamen
774 1512 830 1541 est
877 1505 913 1540 in
957 1504 1102 1555 gloria,
1157 1504 1229 1540 etsi
1286 1503 1381 1539 nihil
1434 1504 1511 1539 tale
1571 1504 1785 1552 committit,

477 1562 562 1611 quia
595 1569 746 1599 secutus
777 1570 832 1599 est
865 1562 963 1598 iram
986 1575 1093 1598 suam
1119 1569 1154 1597 et
1176 1574 1248 1597 non
1272 1561 1378 1597 illam
1403 1562 1588 1610 repressit
1611 1562 1646 1597 in
1669 1563 1787 1598 corde

475 1632 556 1667 suo,
575 1620 763 1669 peccavit.
801 1621 909 1656 Unde
943 1621 1042 1656 iubet
1074 1632 1141 1656 nos
1159 1619 1373 1669 propheta:
1406 1620 1449 1655 Si
1464 1620 1557 1655 irati
1570 1620 1783 1668 fuerimus,

477 1686 516 1714 ut
539 1678 756 1727 compuncti
781 1679 816 1714 in
850 1679 1031 1714 cordibus
1064 1678 1207 1714 nostris
1239 1677 1478 1713 iracundiam
1513 1678 1786 1727 reprimamus,

475 1736 598 1773 sciens
626 1736 801 1785 quoniam
834 1736 869 1772 si
884 1749 959 1786 per
980 1736 1220 1772 iracundiam
1242 1736 1303 1771 vel
1329 1735 1465 1771 leviter
1480 1736 1784 1785 peccaverimus,
1802 1737 1842 1770 25

470 1801 697 1844 peccatores
738 1807 880 1831 sumus.
926 1795 1034 1840 Item,
1068 1794 1131 1842 qui
1161 1793 1392 1842 concupiscit
1430 1794 1500 1830 etsi
1543 1806 1615 1829 non
1639 1794 1786 1842 fecerit

470 1852 656 1901 peccavit.
697 1852 859 1897 Quare?
905 1852 1005 1896 Quia
1037 1852 1188 1888 omnino
1221 1851 1349 1887 voluit.
1402 1851 1477 1895 Qui
1507 1864 1603 1902 ergo
1650 1852 1787 1888 doctor

475 1918 530 1946 est
560 1910 595 1946 si
625 1911 670 1946 ab
704 1911 875 1946 omnibus
907 1910 1133 1946 abstinuerit
1170 1921 1336 1959 magnus
1367 1916 1433 1945 est.
1483 1910 1525 1944 Si
1561 1917 1687 1945 autem
1726 1911 1786 1946 vel

475 1969 510 2003 in
563 1968 660 2004 levia
713 1969 781 2005 hec
821 1968 1041 2017 peccaverit
1083 1968 1178 2003 nihil
1228 1968 1285 2003 illi
1321 1967 1484 2016 prodest
1532 1968 1787 2004 sacerdotalis

477 2026 648 2076 dignitas
679 2027 770 2068 eius,
816 2027 885 2062 sed
910 2026 1109 2075 proiectus
1140 2026 1186 2061 ab
1214 2025 1345 2074 primo
1377 2025 1631 2061 ecclesiastico
1666 2026 1785 2062 choro
1803 2028 1844 2060 30

464 2084 517 2134 fit
549 2084 647 2120 inter
678 2097 741 2120 eos
773 2084 835 2132 qui
866 2097 932 2119 nec
955 2084 989 2119 in
1009 2096 1108 2133 pena
1141 2090 1240 2128 sunt,
1264 2083 1349 2131 quia
1373 2095 1440 2119 nec
1454 2084 1641 2130 fecerunt
1660 2096 1787 2134 grave

471 2149 686 2191 peccatum,
709 2155 781 2178 non
804 2149 929 2178 tamen
952 2149 1039 2178 sunt
1061 2142 1096 2177 in
1119 2141 1264 2191 gloria,
1289 2141 1374 2189 quia
1385 2141 1536 2190 peccati
1557 2154 1698 2192 rugam
1722 2149 1787 2177 aut

476 2200 666 2235 maculam
697 2207 957 2249 susceperunt.
992 2201 1075 2236 Hec
1108 2199 1393 2236 Crisostomus.

532 2258 700 2294 Videtur
732 2260 837 2294 hune
871 2266 1053 2294 sanctum
1088 2257 1295 2293 intendere
1328 2259 1435 2304 quod
1460 2256 1641 2293 Christus
1674 2270 1786 2293 man—

477 2317 544 2352 dat
572 2324 736 2364 peccata
771 2328 922 2362 cavere,
958 2328 1033 2364 que
1060 2315 1151 2351 licet
1174 2315 1254 2351 sint
1279 2315 1437 2351 modica
1460 2314 1499 2350 in
1523 2324 1626 2362 actu,
1650 2323 1785 2351 tamen
1802 2317 1840 2350 35

477 2385 615 2409 eorum
665 2373 865 2410 contraria
912 2382 1002 2409 sunt
1051 2386 1195 2421 magna
1248 2373 1287 2408 in
1335 2372 1491 2419 merito,
1545 2372 1647 2409 sicut
1694 2382 1785 2409 sunt

477 2431 608 2477 irasci,
655 2431 848 2477 desidere,
896 2440 931 2467 et
976 2444 996 2467 a
1037 2432 1143 2467 mala
1189 2430 1525 2478 concupiscencia
1573 2430 1782 2467 abstinere.

476 2489 591 2525 Talia
624 2489 786 2538 quidem
821 2489 1022 2526 contraria
1056 2498 1147 2525 sunt
1172 2502 1317 2536 magna
1340 2488 1380 2525 in
1404 2489 1546 2525 merito
1570 2490 1638 2525 sed
1663 2501 1784 2536 parva

477 2547 516 2582 in
550 2559 684 2594 opere.
719 2547 807 2583 Alia
841 2556 973 2583 autem
1010 2556 1176 2595 peccata
1221 2555 1363 2583 contra
1403 2548 1638 2583 mandatum
1672 2548 1784 2594 Moy-

477 2604 627 2641 saicurn
660 2614 751 2642 sunt
774 2605 907 2641 facilia
944 2605 982 2641 in
1015 2605 1266 2652 abstinendo,
1301 2613 1338 2641 et
1363 2617 1500 2641 eorum
1536 2604 1784 2641 abstinencia
1798 2616 1843 2647 40

545 2749 569 2777 3.
590 2751 634 2777 A:
655 2751 698 2777 eis
713 2751 816 2778 before
830 2752 912 2786 quia.
986 2751 1014 2778 6.
1036 2751 1082 2777 A:
1105 2750 1204 2777 irasci
1220 2752 1321 2777 autem
1340 2749 1479 2784 dificile.
1552 2757 1590 2784 21,
1607 2756 1650 2777 22.
1665 2750 1709 2777 A:
1724 2757 1784 2777 non

476 2788 576 2811 lamen
596 2800 628 2803 Η
648 2788 768 2812 seculus
787 2788 830 2812 est
851 2785 943 2812 deest.
1018 2784 1063 2818 34.
1086 2786 1113 2812 A
1135 2785 1164 2812 in
1186 2792 1299 2820 marg:
1320 2784 1356 2812 Jo
1370 2792 1487 2811 tannes.

547 2857 598 2889 23.
626 2856 752 2887 Psalm.
780 2857 834 2896 IV,
864 2856 891 2887 5.
