2003 3322
176 246 251 282 326
878 251 996 283 opus
1021 249 1357 282 EVANGELICUM
1532 235 1639 290 [CAP.
1661 243 1772 272 xxm.

459 358 769 408 concupiscenda
809 365 964 394 terrena
990 356 1095 405 facit
1127 356 1250 405 ipsum
1291 355 1419 405 magis
1456 355 1660 391 sollicitum
1695 366 1775 390 esse

459 430 531 452 non
581 417 705 452 solum
751 428 796 451 ne
840 415 986 450 minuat
1035 415 1122 450 inde
1164 414 1232 450 sed
1269 422 1308 449 ut
1346 413 1474 463 magis
1512 419 1679 462 augeat;
1720 412 1774 448 sic

460 482 495 510 et
527 473 591 523 qui
622 474 862 526 thesaurizat
899 473 934 508 in
975 473 1054 508 celo
1093 472 1175 521 ipsa
1214 470 1523 521 concupiscenda
1561 469 1775 520 spiritualis

451 532 559 580 facit
580 545 664 568 eum
693 532 897 568 sollicitum
932 543 1004 566 non
1037 530 1161 566 solum
1196 537 1235 565 ut
1266 542 1339 566 non
1364 529 1510 579 perdat
1530 528 1632 578 quod
1664 528 1777 563 habet

460 591 529 626 sed
559 591 686 626 adhuc
719 597 759 625 ut
790 596 934 639 augeat
964 600 1083 637 super
1116 588 1214 624 illud
1245 588 1347 636 quod
1378 587 1501 623 habet.
1536 587 1620 622 Hec
1643 585 1809 622 Criso-5

461 656 626 684 stomus.

937 771 1076 812 CAP.
1109 771 1303 812 XXIII.

178 886 283 914 Defect
302 888 336 914 of
351 887 427 914 saith
520 868 689 905 Videtur
723 868 841 904 istum
877 876 1058 904 sanctum
1094 867 1301 903 intendere
1334 868 1441 915 quod
1475 867 1650 903 defectus
1685 866 1775 902 fidei

173 922 449 984 assffllgffiffeffl¹-Vessllc
466 935 501 962 et
546 926 766 963 metafisice
811 925 905 962 facit
948 925 1101 962 viantes
1146 934 1183 962 et
1227 924 1453 973 specialiter
1505 924 1710 973 religiosos
1755 937 1777 960 a

213 993 293 1018 from
317 991 413 1031 (jod‘s
467 984 650 1021 doctrina
669 984 833 1020 Domini
857 983 1028 1020 deviare.
1053 985 1253 1020 Debemus
1277 982 1381 1019 enim
1407 991 1450 1019 ut
1475 983 1593 1019 fidem
1619 983 1778 1019 firmam
1798 999 1836 1020 10

236 1027 386 1054 doen-me.
466 1054 692 1090 supponere
725 1043 832 1090 quod
867 1041 1031 1090 spiritus
1064 1050 1221 1078 nostros
1254 1053 1415 1078 necesse
1448 1041 1497 1077 sit
1529 1040 1570 1077 in
1593 1053 1697 1089 pena
1719 1041 1780 1077 vel

466 1100 592 1148 gloria
624 1109 820 1148 perpetuo
854 1101 1085 1148 perdurare.
1133 1100 1319 1136 Secundo
1359 1100 1550 1135 debemus
1583 1107 1626 1135 ut
1659 1099 1777 1135 fidem

465 1171 691 1207 supponere
731 1159 839 1207 quod
883 1158 915 1194 si
959 1157 1295 1204 beatificabimus,
1336 1158 1412 1194 hoc
1452 1157 1526 1193 erit
1558 1158 1779 1194 secundum

465 1216 599 1263 fidem,
633 1228 745 1265 spem
778 1224 815 1252 et
849 1215 1057 1252 caritatem
1092 1215 1236 1264 quibus
1268 1215 1488 1252 meruimus
1528 1214 1591 1251 hic
1630 1214 1670 1251 in
1701 1215 1777 1252 via.

466 1276 514 1310 Et
546 1274 670 1311 tercio
704 1287 747 1310 ex
780 1274 857 1310 fide
891 1283 927 1310 et
961 1273 1225 1322 metaphisica
1257 1273 1453 1321 scripture
1493 1274 1683 1310 debemus
1717 1277 1835 1310 ca-15

465 1344 558 1380 pere
597 1333 706 1381 quod
745 1345 827 1368 non
873 1340 930 1368 est
969 1331 1159 1380 possibile
1197 1344 1269 1368 nos
1309 1331 1373 1368 hic
1411 1331 1633 1380 quidquam
1680 1332 1780 1368 bene

465 1402 596 1438 agere,
643 1389 720 1426 nisi
757 1390 854 1426 illud
889 1392 995 1426 Deus
1034 1389 1264 1426 eternaliter
1296 1391 1528 1426 recordetur
1575 1398 1612 1426 et
1650 1398 1780 1426 stante

466 1447 752 1496 permanencia
786 1449 883 1484 illud
917 1457 1158 1484 remuneret.
1193 1449 1280 1484 Hoc
1314 1456 1370 1484 est
1394 1447 1498 1484 enim
1523 1448 1631 1496 quod
1653 1449 1778 1495 Apoc.

465 1508 564 1552 XIV,
592 1506 634 1542 13
658 1506 823 1542 dicitur:
851 1506 981 1555 Opera
999 1506 1097 1542 enim
1115 1506 1273 1542 illorum
1296 1513 1506 1554 sequuntur
1528 1506 1626 1542 illos.
1651 1508 1700 1542 Et
1718 1505 1781 1542 hic

465 1564 632 1600 Matthei
664 1565 727 1610 VI,
769 1577 813 1611 17
850 1564 1013 1600 dicitur:
1054 1565 1156 1613 quod
1188 1564 1367 1600 dehemus
1399 1564 1668 1616 thesaurizare
1700 1565 1779 1600 tlze-
1797 1577 1840 1599 20

464 1635 625 1658 sauram
660 1630 832 1659 nostrum
867 1622 902 1657 in
935 1622 1029 1669 celo,
1062 1623 1137 1658 hoc
1170 1630 1228 1658 est
1260 1623 1480 1658 secundum
1512 1621 1779 1670 Augustinum

466 1679 506 1716 in
539 1680 655 1716 firma
688 1680 765 1716 fide
798 1689 835 1716 et
868 1680 1035 1717 caritate
1068 1692 1217 1728 ponere
1249 1692 1360 1728 spem
1394 1679 1521 1716 nostri
1554 1679 1700 1728 premii
1740 1679 1781 1715 in

467 1740 550 1774 Deo
597 1738 666 1786 qui
713 1751 797 1774 non
837 1746 969 1786 potest
1015 1738 1105 1774 talis
1153 1737 1285 1774 meriti
1330 1737 1524 1774 oblivisci.
1578 1740 1627 1774 Et
1672 1746 1782 1785 patet

465 1795 667 1832 sentencia
701 1796 951 1834 Crisostomi.
1003 1797 1116 1832 Patet
1154 1795 1319 1844 insuper
1358 1797 1466 1844 quod
1507 1795 1703 1832 mundani
1744 1804 1781 1831 et

468 1853 603 1901 cupidi
627 1853 819 1890 deficiunt
844 1853 884 1889 in
909 1854 998 1899 fide,
1023 1866 1092 1902 spe
1116 1862 1152 1890 et
1177 1854 1360 1901 caritate3
1387 1862 1423 1890 et
1445 1853 1485 1889 in
1509 1853 1584 1890 isto
1609 1853 1779 1890 crimine
1796 1858 1836 1890 25

466 1920 558 1948 sunt
593 1912 707 1947 multi
741 1920 778 1948 et
811 1911 1039 1960 specialiter
1072 1911 1248 1960 religiosi
1290 1911 1473 1948 moderni
1512 1920 1652 1948 contra
1691 1924 1780 1960 pro-

466 1969 681 2006 fessionem
716 1969 923 2018 propriam
959 1970 1163 2007 maculati.

524 2027 714 2076 Sequitur
747 2037 880 2064 autem
914 2028 955 2064 in
988 2036 1096 2064 textu
1130 2027 1343 2076 evangelii:
1385 2028 1563 2064 Lucerna
1602 2028 1781 2076 corporis

467 2085 523 2121 tui
552 2093 606 2121 est
638 2086 770 2122 oculus
802 2094 911 2131 tuus;
946 2086 982 2122 si
1012 2087 1143 2122 oculus
1175 2094 1261 2123 tuus
1284 2086 1415 2135 suerit
1445 2085 1627 2135 simplex,
1661 2092 1779 2121 totum

467 2156 607 2192 corpus
640 2151 744 2179 tuum
785 2144 953 2180 lucidum
992 2145 1077 2182 erit.
1124 2145 1168 2180 Si
1202 2152 1329 2180 autem
1368 2144 1502 2180 oculus
1538 2151 1625 2179 tuus
1651 2143 1782 2192 fuerit
1798 2148 1839 2180 30

468 2213 642 2249 nequam,
682 2214 823 2252 corpus
861 2210 966 2238 tuum
1012 2203 1254 2239 tenebrosum
1295 2202 1380 2239 erit.
1434 2202 1477 2237 Si
1512 2213 1610 2252 ergo
1655 2202 1780 2236 lumen

467 2260 531 2307 qui
560 2259 596 2295 in
629 2267 664 2295 te
696 2268 751 2296 est
783 2261 936 2296 tenebre
966 2268 1067 2307 sunt,
1099 2260 1180 2309 ipse
1211 2261 1364 2296 tenebre
1394 2267 1533 2308 quante
1565 2259 1705 2295 erunt?

218 2334 407 2369 Augustino:
526 2319 654 2364 Super
687 2331 766 2365 quo
797 2318 1062 2366 Augustinus:
1109 2319 1184 2354 Iste
1216 2319 1334 2365 locus,
1374 2316 1517 2367 inquit,
1557 2318 1611 2353 sic
1643 2317 1781 2352 intelli—

186 2380 252 2407 The
273 2389 325 2413 eve
346 2380 371 2406 is
391 2381 441 2406 the
467 2376 618 2424 gentius
650 2383 718 2424 est,
753 2384 793 2412 ut
825 2377 1045 2412 noverimus
1078 2377 1204 2412 omnia
1228 2389 1346 2425 opera
1371 2384 1502 2411 nostra
1526 2383 1613 2410 tunc
1637 2375 1779 2410 munda

192 2412 339 2442 intention
362 2416 434 2442 will]
875 2435 880 2441 .
1274 2435 1279 2440 .
1370 2434 1376 2440 .

186 2450 288 2477 which
310 2458 354 2476 we
375 2455 433 2477 act.
467 2446 548 2469 esse
591 2441 625 2469 et
664 2435 825 2483 placere
868 2448 903 2470 m
948 2442 1150 2483 conspectu
1203 2435 1289 2478 Del,
1341 2447 1372 2470 sz
1407 2434 1511 2484 fiant
1562 2445 1612 2469 ex
1663 2433 1837 2469 corde35

535 2633 555 2652 1.
576 2624 717 2661 Arsaci!
737 2633 814 2652 eum.
914 2625 941 2653 8.
963 2627 991 2652 A
1011 2626 1040 2653 in
1064 2634 1180 2660 marga
1198 2625 1369 2652 Jolmnnes.
1457 2633 1498 2652 10.
1519 2626 1547 2652 A
1568 2625 1596 2651 in
1620 2632 1733 2659 marg:
1757 2632 1780 2651 1.

465 2667 503 2686 12.
520 2660 547 2686 A
564 2660 592 2686 in
611 2668 723 2694 murga
741 2667 768 2687 2.
843 2668 884 2693 14.
898 2661 943 2687 A:
957 2661 987 2687 in
1003 2661 1078 2688 vita.
1153 2660 1189 2687 15.
1204 2661 1275 2687 Ain
1293 2668 1455 2694 mnrg.:3.
1531 2660 1571 2691 16,
1588 2668 1626 2694 17.
1642 2661 1686 2686 A:
1708 2660 1783 2686 liene

454 2694 579 2729 fucere.
652 2702 692 2721 21.
713 2694 830 2722 Codd.:
852 2697 1018 2722 secundum
1041 2696 1240 2730 Auguslt'nus.
1323 2695 1366 2722 25.
1388 2696 1431 2721 Λτ
1453 2698 1481 2721 el
1499 2703 1560 2729 xpe.
1642 2693 1683 2721 33.
1706 2695 1733 2720 A
1751 2694 1780 2720 in

465 2738 492 2755 m
499 2738 511 2755 a
518 2737 560 2763 νᾳ.
573 2739 578 2755 .-
600 2729 621 2756 Λ
629 2731 801 2764 agustinus.

535 2812 587 2843 28.
615 2812 734 2843 Matth.
760 2814 816 2853 Vl,
851 2823 903 2843 22.
1050 2815 1101 2847 33.
1130 2814 1179 2845 De
1213 2824 1374 2844 sermone
1407 2813 1546 2844 Domini
1583 2813 1615 2843 in
1651 2818 1780 2852 monte,

465 2859 484 2889 l.
512 2870 538 2889 c.
567 2870 598 2900 p.
628 2858 703 2889 218.
