2003 3322
230 180 319 208 CAP.
340 172 437 225 xvi]
771 182 981 213 SECUNDA
1010 181 1135 212 PARS.

288 290 368 325 Nec
390 289 591 338 dignitatis
620 301 700 324 esse
728 288 969 324 arbitrentur
992 296 1024 323 et
1048 287 1157 336 quasi
1187 287 1334 322 iusticie
1362 286 1541 321 meritum

231 347 332 394 quod
375 359 457 382 cum
504 347 568 382 illo
616 347 764 382 locutus
808 354 862 381 est
899 347 1014 391 Deus,
1058 345 1236 394 quoniam
1283 357 1366 380 cum
1417 343 1543 379 anima

231 405 409 454 angelica
442 416 672 452 quamquam
712 404 830 439 stulta
870 411 904 438 et
936 403 1088 452 cupida,
1123 410 1318 451 tamquam
1352 402 1385 437 si
1417 402 1543 449 loque—

233 470 341 497 retur
364 474 447 497 cum
472 462 639 497 humana
660 462 790 497 anima
813 461 931 497 stulta
961 469 995 496 et
1023 461 1176 509 cupida.
1211 460 1286 495 Aut
1315 459 1388 508 ipsi
1417 459 1548 494 dicant

199 520 419 568 5quomod0
464 520 612 555 locutus
656 526 711 555 est
758 520 865 555 Deus
909 531 993 555 cum
1046 519 1111 554 illo
1165 518 1281 553 divite
1328 517 1465 565 cupido
1511 523 1545 551 et

230 578 408 626 superbo,
461 577 568 613 cuius
619 577 865 626 cupiditatem
913 577 1181 612 stultissimam
1236 583 1269 611 et
1321 574 1546 610 iactanciam

230 647 403 685 arguere
441 635 560 670 voluit
598 635 747 670 dicens:
785 635 920 681 Stulte,
954 635 1083 670 anima
1118 642 1182 669 tua
1215 634 1287 669 lzac
1319 640 1426 668 nocte
1459 644 1480 667 a
1513 639 1549 667 te

231 693 525 742 expostulatur;
557 705 628 741 que
660 700 785 728 autem
814 693 970 741 parasti
1008 693 1114 728 cuius
1146 691 1288 727 erunt?
1332 691 1446 726 Certe
1478 690 1548 725 hoc

231 751 310 798 ipse
350 751 538 786 Dominus
581 751 616 785 in
661 750 861 801 euangelio
906 750 974 796 ait,
1020 751 1081 785 cui
1124 749 1284 785 heretici
1325 748 1390 784 isti
1432 747 1548 783 velint

179 808 350 844 10nolint
395 809 493 844 colla
540 808 777 844 submittunt.
833 807 876 843 Si
917 815 1042 843 autem
1089 808 1159 843 lzoc
1202 814 1405 842 moventur
1447 806 1548 854 quod

231 867 493 915 temptandum
523 866 663 902 iustum
691 873 851 902 satanas
867 866 985 914 peciit
1015 879 1036 900 a
1059 866 1157 912 Deo⁷
1187 877 1259 900 non
1290 877 1362 914 ego
1395 875 1546 912 expono

230 936 350 971 quare
381 924 429 959 sit
451 924 622 972 factum,
655 925 724 960 sed
754 924 856 972 ipsos
889 936 988 973 rogo
1021 935 1215 972 exponere
1251 934 1372 971 quare
1405 921 1546 956 dictum

230 982 279 1017 sit
312 982 349 1017 in
382 982 582 1031 evangelio
615 982 661 1017 ab
694 982 775 1030 ipso
803 981 972 1017 Domino
1007 981 1224 1030 discipulis:
1256 981 1358 1016 Ecce
1390 986 1548 1014 satanas

232 1040 417 1088 expetivit
446 1052 592 1075 vexare
621 1052 687 1075 vos
714 1039 813 1075 sicut
835 1039 1018 1074 triticum.
1054 1039 1107 1074 Et
1136 1039 1252 1074 Petro
1285 1038 1425 1086 inquit:
1457 1037 1547 1086 Ego

180 1098 358 1132 15autem
393 1098 594 1146 postulavi
632 1110 675 1133 ne
715 1097 867 1147 deficiat
895 1096 1002 1146 fides
1046 1104 1123 1132 tua.
1170 1097 1265 1132 Cum
1305 1103 1431 1131 autem
1478 1096 1549 1130 lzoc

234 1155 328 1191 milii
358 1162 567 1203 exponunt,
600 1155 716 1190 simul
741 1156 846 1204 quod
877 1167 899 1189 a
932 1167 992 1190 me
1025 1162 1201 1203 querunt,
1236 1161 1432 1202 exponunt
1463 1153 1545 1189 sibi.

234 1214 276 1248 Si
299 1225 389 1249 vero
414 1225 486 1248 non
520 1213 727 1249 maluerint
759 1213 830 1248 lzoc
862 1224 1069 1261 exponere,
1103 1225 1175 1248 non
1198 1213 1365 1247 audeant
1388 1212 1426 1246 ia'
1449 1211 1550 1259 quod

233 1272 269 1306 in
293 1271 495 1321 evangelio
517 1271 598 1306 sine
620 1271 825 1319 offensione
857 1282 929 1306 non
963 1271 1185 1320 intelligunt
1217 1270 1253 1305 in
1287 1269 1415 1317 aliquo
1449 1269 1547 1304 libro

234 1341 318 1364 cuni
352 1329 567 1364 temeritate
599 1329 770 1378 culpare.

178 1398 219 1419 20
292 1387 409 1421 Fiunt
447 1386 573 1436 igitur
605 1387 878 1436 temptaciones
910 1399 985 1435 per
1023 1393 1214 1432 satanam,
1256 1398 1328 1421 non
1356 1391 1549 1434 potestate

235 1445 313 1480 eius
355 1445 423 1480 sed
455 1445 651 1493 permissu
696 1445 866 1487 Domini,
911 1445 963 1479 ad
1006 1445 1177 1480 homines
1228 1451 1293 1479 aut
1340 1455 1417 1492 pro
1470 1442 1549 1478 suis

230 1503 400 1550 peccatis
416 1503 633 1550 puniendos
661 1510 727 1538 aut
744 1515 821 1552 pro
845 1502 1005 1538 Domini
1031 1502 1299 1538 misericordia
1325 1501 1550 1551 probandos

236 1568 269 1595 et
308 1561 556 1596 exercendos.
602 1561 653 1595 Et
686 1561 843 1596 interest>
875 1560 1091 1608 plurimum
1131 1560 1166 1595 in
1206 1560 1354 1608 qualem
1395 1559 1551 1607 quisque

237 1618 529 1666 temptacionem
570 1618 724 1654 incidat.
773 1619 859 1653 Non
899 1619 996 1654 enim
1038 1618 1173 1653 incidit
1203 1618 1327 1653 Judas
1366 1617 1401 1652 in
1435 1617 1549 1652 talem

181 1676 545 1724 25teniptacionem‚
589 1676 654 1724 qui
694 1676 864 1711 vendidit
900 1676 1111 1711 Dominum
1146 1676 1186 1711 in
1225 1676 1374 1724 qualem
1421 1675 1551 1710 incidit

239 1734 390 1777 Petrus,
443 1746 527 1769 cum
581 1734 740 1770 territus
792 1734 1000 1769 Dominum
1060 1733 1228 1783 negavit.
1284 1734 1378 1768 Sunt
1431 1733 1549 1768 eciam

237 1793 400 1827 liumane
431 1792 722 1839 temptaciones;
760 1793 927 1827 lzumana
961 1804 1051 1827 vero
1085 1792 1286 1841 temptacio
1320 1799 1387 1834 est,
1421 1791 1549 1842 credo?

237 1862 320 1885 cum
355 1850 449 1886 bono
481 1850 639 1898 quisque
670 1850 797 1885 animo
829 1851 1036 1886 secundum
1070 1850 1278 1885 humanam
1309 1857 1434 1884 tamen
1450 1847 1550 1899 fra-

237 1907 429 1957 gilitatem
453 1907 488 1942 in
512 1907 640 1955 aliquo
664 1908 823 1944 concilio
853 1908 995 1943 labitur
1023 1915 1089 1943 aut
1118 1908 1300 1943 irritatur
1323 1908 1550 1955 insratrem

182 1968 223 2000 30
238 1965 364 2001 studio
398 1965 634 2015 corrigendi.
676 1966 799 2001 Paulo
831 1973 957 2001 tamen
995 1966 1162 2013 amplius
1194 1977 1305 2013 quani
1340 1965 1551 2000 christiana

239 2024 500 2070 tranquillitas
518 2024 703 2071 postulat.
730 2024 790 2059 De
812 2024 946 2071 quibus
963 2024 1172 2072 Apostolus
1195 2023 1305 2058 dicit:
1334 2023 1552 2071 Temptacio

239 2093 306 2117 ros
349 2093 420 2116 non
465 2082 730 2129 apprehendat
784 2082 857 2117 nisi
899 2082 1080 2125 lzunzana,
1152 2094 1236 2117 cum
1283 2081 1382 2116 idem
1426 2088 1552 2115 tamen

241 2139 362 2174 dicat:
393 2139 540 2174 Fidelis
563 2139 670 2175 Deus
701 2139 767 2188 qui
798 2152 864 2175 vos
896 2152 969 2175 non
1001 2140 1091 2175 sinit
1122 2139 1266 2174 tentari
1296 2151 1415 2187 supra
1440 2151 1551 2186 quam

236 2197 399 2245 potestis
431 2198 562 2244 serre,
607 2197 675 2232 sed
709 2197 835 2244 faciet
879 2210 963 2233 cum
1004 2198 1260 2245 temptacione
1298 2197 1416 2231 eciam
1458 2208 1552 2244 pro-

186 2254 391 2290 35ventum
423 2255 482 2290 wel
506 2254 666 2301 exitum,
701 2263 738 2289 ut
766 2255 926 2303 possitis
959 2255 1156 2290 tollerare,
1191 2256 1232 2289 ln
1260 2267 1331 2303 qua
1364 2254 1554 2290 sentencia

241 2313 336 2349 satis
358 2313 523 2348 ostendit
552 2325 623 2348 non
654 2313 693 2347 id
716 2313 821 2348 nobis
843 2313 1033 2348 orandum
1063 2325 1144 2348 esse
1173 2320 1212 2347 ut
1245 2325 1317 2348 non
1351 2319 1554 2357 tentemur,

242 2371 310 2406 sed
349 2383 392 2406 ne
431 2370 664 2406 inducamur
696 2371 731 2406 in
770 2371 1075 2419 temptacionem.
1122 2371 1348 2406 Inducimur
1380 2370 1478 2405 enim
1519 2370 1554 2404 in

246 2591 250 2594 .
314 2556 338 2590 5,
360 2556 388 2584 6.
410 2558 455 2584 A:
477 2556 574 2583 eciam
593 2558 737 2592 superbo.
812 2565 841 2592 9.
863 2558 907 2583 A:
929 2556 1003 2583 dicit
1019 2565 1073 2591 pro
1088 2557 1142 2583 ait,
1217 2564 1251 2583 11.
1268 2557 1306 2583 B:
1328 2557 1439 2583 iustum
1455 2557 1556 2590 deest:

245 2592 286 2618 lb.
307 2593 350 2618 A:
368 2592 447 2626 petit
465 2599 484 2618 a
504 2592 648 2618 Domino.
736 2599 773 2618 12.
794 2592 838 2619 A:
860 2599 938 2626 cogo
958 2599 1123 2626 exponere.
1206 2599 1245 2624 17.
1266 2593 1309 2618 A:
1333 2591 1410 2618 illud
1430 2600 1485 2626 pro
1507 2591 1557 2622 ia';

246 2626 359 2653 Codd.:
384 2626 466 2660 quod
486 2626 579 2652 deest.
602 2626 729 2653 Addidi.
812 2634 854 2652 25¹.
878 2626 913 2653 B:
934 2626 1108 2660 puniendis.
1194 2627 1236 2653 25.
1257 2628 1300 2653 A:
1323 2626 1557 2660 lenzptacionenz

247 2661 339 2687 deest.
412 2668 457 2695 27.
478 2662 521 2687 A:
543 2661 675 2688 humana
690 2662 784 2687 deest.
858 2660 900 2687 33.
916 2662 959 2688 A:
974 2661 1066 2687 sinat.
1139 2659 1183 2695 37.
1200 2661 1237 2687 B:
1253 2661 1430 2687 Imtucimm-
1444 2664 1556 2687 autem.

317 2753 346 2784 7.
387 2744 501 2775 Lucae
537 2744 608 2783 XII,
642 2754 693 2774 20.
841 2745 889 2776 13.
928 2744 972 2775 ib.
1003 2744 1104 2782 XXII,
1138 2745 1190 2775 31.
1340 2754 1388 2783 14.
1421 2744 1465 2774 ib.
1505 2744 1557 2775 32.

250 2790 302 2822 31.
329 2790 351 2819 I.
380 2790 459 2820 Cor.
485 2790 524 2828 X,
558 2791 605 2822 13.

1753 181 1832 218 299

1586 1391 1680 1419 Satan
1702 1395 1760 1417 tem
1789 1395 1814 1417 ts

1591 1435 1628 1453 us
1649 1426 1754 1464 &⁴09
1781 1426 1804 1452 's

1605 1468 1803 1495 permlssmn.
