2003 3322
189 202 278 229 CAP.
301 191 379 246 Lu]
657 203 869 235 sECUNDA
897 201 1022 234 PARS.
1707 192 1756 239 43
1770 193 1786 228 5

187 311 248 347 vel
280 311 451 358 lucrum⁷
484 318 526 345 ut
548 309 697 345 heresis
732 322 869 346 eorum
895 311 942 345 de
975 317 1228 345 sacramento
1252 308 1400 353 altaris,
1435 307 1504 344 ubi

188 370 413 405 concedunt
437 367 712 404 sacerdotibus
734 367 813 404 suis
834 367 1063 415 potenciam
1089 365 1504 403 transsubstaneiandi

187 427 247 463 vel
287 425 561 463 adnichilandi
595 438 753 473 panem.
793 427 892 461 Cum
929 425 1167 461 miraculum
1203 425 1308 461 istud
1341 437 1423 460 non
1455 424 1504 460 sit
1536 429 1769 469 Transqbstan-

188 484 386 531 sensibile,
420 497 493 520 nec
526 484 630 521 cedit
663 485 712 520 ad
746 485 894 520 bonum
931 483 1069 519 mundi
1100 483 1179 519 sive
1204 482 1382 529 ecclesie,
1416 482 1505 530 quis
1595 470 1716 492 namon.

156 542 345 579 §dubitat
388 541 485 590 quin
530 541 579 578 sit
628 541 884 578 mendacium
924 541 1148 577 hereticum
1183 553 1253 588 per
1286 539 1504 588 ypocrisim

188 600 423 648 palliatum?
456 601 571 637 Unde
595 600 626 636 si
649 599 852 636 sentencia
869 599 985 635 huius
1000 598 1195 636 Johannis
1211 600 1260 635 de
1278 598 1505 635 christianis

189 658 239 694 sit
282 671 387 705 vera,
433 667 542 706 patet
587 659 696 706 quod
741 657 860 706 pauci
903 658 964 694 vel
1017 656 1117 693 nulli
1164 658 1211 693 de
1256 656 1340 693 istis
1387 656 1505 693 sectis

191 725 361 764 quatuor
405 725 497 752 sunt
534 716 742 752 christiani
786 717 854 752 sed
893 728 958 752 sex
996 715 1130 752 officia
1162 727 1239 763 que
1278 715 1434 762 fingunt
1466 727 1506 750 se

189 775 318 811 facere
350 774 390 810 in
423 774 590 810 ecclesia
623 783 714 811 sunt
745 773 963 822 ypocritice
997 773 1175 821 palliata.

137 940 175 960 10
703 920 841 963 CAP.
874 922 972 963 LII.

247 1017 439 1066 Sequitur
482 1017 522 1054 in
565 1026 673 1055 textu
720 1017 934 1066 evangelii:
981 1017 1182 1066 Numquid
1223 1018 1415 1068 colligunt
1460 1018 1506 1054 de

188 1076 308 1125 spinis
340 1089 436 1112 uvas
467 1083 533 1112 aut
567 1077 613 1112 de
645 1077 799 1113 tribulis
821 1076 957 1126 ficus?
1001 1076 1064 1112 Sic
1096 1076 1220 1112 omnis
1253 1077 1375 1112 arbor
1408 1076 1503 1112 bona

181 1134 346 1182 fructus
384 1135 500 1170 bonos
533 1135 650 1183 facit,
695 1136 799 1171 mala
844 1142 970 1170 autem
1015 1134 1137 1170 arbor
1169 1135 1335 1183 fructus
1380 1134 1505 1170 malos

182 1192 311 1240 βαι-ὰ,-
342 1205 414 1229 non
442 1200 573 1242 potest
604 1194 725 1229 arbor
757 1193 860 1228 mala
884 1193 1046 1241 fructus
1078 1193 1354 1241 bonosfacere
1386 1204 1506 1241 neque

140 1251 313 1286 15arb0r
344 1251 440 1287 bona
464 1251 628 1299 fructus
661 1252 785 1288 malos
808 1251 963 1299 facere.
1010 1250 1144 1286 Omnis
1176 1251 1298 1286 arbor
1330 1263 1399 1299 que
1432 1262 1504 1286 non

182 1308 288 1356 facit
323 1309 506 1357 fructum
556 1310 694 1345 bonum
740 1309 943 1345 excidetur
986 1316 1021 1344 et
1060 1309 1096 1344 in
1136 1309 1264 1358 ignem
1311 1309 1507 1353 mittetur,-

192 1367 316 1417 igitur
348 1379 398 1403 ex
420 1368 624 1416 fructibus
656 1380 789 1403 eorum
823 1367 1065 1417 cognoscetis
1099 1379 1175 1404 eos,

250 1426 378 1473 Super
401 1438 480 1473 quo
503 1425 767 1473 Augustinus:
798 1426 882 1469 Quo
906 1426 988 1461 loco
1013 1437 1130 1461 error
1152 1425 1309 1460 illorum
1334 1425 1506 1461 maxime
1560 1428 1753 1468 Angustiae-z

193 1484 385 1519 cavendus
429 1491 496 1529 est,
542 1484 606 1532 qui
643 1485 688 1520 de
725 1484 784 1519 his
827 1483 919 1533 ipsis
963 1483 1110 1519 duabus
1155 1483 1361 1520 arboribus
1409 1462 1797 1533 ᾱααςξξιδευῖἓέἓπξιῖἓε

139 1554 178 1575 20
193 1548 354 1577 naturas
405 1541 614 1591 opinantur
656 1554 750 1589 esse,
794 1553 957 1590 quarum
1003 1554 1076 1577 una
1120 1541 1170 1577 sit
1201 1541 1278 1577 Dei
1307 1548 1343 1577 et
1379 1541 1505 1577 altera
1536 1533 1586 1560 the
1612 1533 1721 1594 htelggsy
1747 1533 1781 1560 of

193 1611 259 1635 nec
310 1599 387 1635 Dei
432 1612 499 1635 nec
550 1612 601 1636 ex
651 1600 747 1637 Deo.
794 1600 855 1635 De
905 1612 978 1649 quo
1016 1611 1155 1635 errore
1197 1599 1305 1635 libris
1348 1599 1436 1634 aliis
1472 1606 1506 1635 et
1544 1602 1772 1630 Manichaeans-

193 1657 269 1693 iam
304 1657 540 1707 disputatum
574 1665 630 1694 est
662 1658 828 1705 uberius,
863 1667 897 1693 et
928 1657 962 1693 si
992 1658 1120 1693 adhuc
1148 1670 1293 1706 parum
1327 1664 1394 1704 est,
1429 1657 1505 1693 dis-

189 1716 412 1764 putabitur5
443 1728 541 1752 nunc
563 1723 690 1752 autem
714 1728 787 1752 non
810 1728 874 1752 eos
896 1715 1085 1751 adiuvare
1108 1715 1202 1751 istas
1226 1716 1322 1751 duas
1344 1716 1507 1751 arbores

195 1774 408 1810 docendum
442 1781 509 1812 est.
543 1774 677 1810 Primo
711 1774 797 1823 quia
822 1775 868 1810 de
901 1773 1116 1810 hominibus
1149 1786 1233 1809 eum
1268 1774 1396 1809 dicere
1428 1780 1505 1808 tam

138 1834 176 1864 25
194 1832 343 1867 clarum
367 1839 432 1879 est,
466 1839 506 1867 ut
528 1832 694 1881 quisquis
711 1832 967 1881 precedencia
991 1832 1132 1882 legerit
1165 1839 1199 1867 et
1220 1831 1506 1880 subsequenda,

195 1890 362 1926 miretur
395 1902 529 1926 eorum
563 1891 772 1926 cecitatem.
812 1891 964 1926 Deinde
995 1890 1197 1926 attendunt
1228 1888 1331 1938 quod
1363 1890 1506 1925 dictum

194 1955 269 1984 est:
301 1949 388 1984 Non
417 1955 545 1997 potest
576 1949 697 1984 arbor
729 1949 825 1984 bona
851 1949 1015 1997 fructus
1054 1948 1180 1984 malos
1207 1949 1351 1997 facere
1390 1959 1509 1996 neque

195 2006 297 2041 mala
331 2007 458 2042 bonos.
508 2007 560 2042 Et
592 2007 675 2042 ideo
703 2014 843 2055 putant
882 2019 1000 2055 neque
1036 2007 1205 2042 animam
1247 2007 1390 2042 malam
1411 2005 1510 2055 fieri

191 2076 318 2114 posse,
370 2072 410 2100 ut
441 2065 645 2100 invmelius
672 2077 748 2113 per
780 2064 855 2100 Dei
884 2064 1066 2115 graciam
1101 2071 1359 2101 commutetur
1391 2075 1510 2112 neque

139 2125 181 2157 30
196 2123 331 2159 bonam
372 2123 407 2158 in
447 2123 626 2169 deterius,
666 2123 776 2171 quasi
807 2123 947 2158 dictum
980 2123 1048 2158 sit:
1092 2123 1179 2158 Non
1218 2129 1347 2172 potest
1389 2122 1510 2157 arbor

196 2181 292 2216 bona
326 2180 428 2216 mala
451 2180 559 2231 fieri,
604 2193 721 2229 neque
753 2181 856 2216 mala
889 2181 986 2217 bona
1007 2180 1116 2230 fieri,
1150 2181 1219 2216 sed
1259 2180 1400 2216 dictum
1434 2186 1510 2216 est:
1524 2193 1590 2221 The
1611 2197 1673 2220 tree
1701 2193 1727 2221 is
1748 2193 1799 2232 the

196 2239 284 2275 Non
303 2246 431 2288 potest
463 2240 584 2275 arbor
615 2239 711 2274 bona
735 2239 899 2287 fructus
932 2239 1056 2275 malos
1079 2238 1222 2286 facere
1254 2250 1373 2286 neque
1404 2238 1509 2273 mala
1536 2228 1788 2290 mii¹is³xtxi¹cirlirsu¹t

197 2296 324 2334 bonos.
359 2296 490 2333 Arbor
522 2304 578 2333 est
610 2297 748 2346 quippe
780 2297 861 2346 ipsa
895 2297 1038 2343 anima,
1079 2297 1119 2332 id
1150 2303 1219 2340 est,
1261 2296 1375 2332 homo
1416 2295 1509 2345 ipse,

187 2354 351 2401 fructus
396 2367 486 2391 vero
532 2367 649 2404 opera
695 2355 882 2403 hominis7·
930 2367 1003 2391 non
1048 2355 1172 2404 igitur
1205 2361 1333 2404 potest
1386 2354 1512 2389 malus

267 2550 296 2577 9.
316 2542 360 2570 A:
382 2542 413 2569 in
428 2541 557 2569 ecclesia
578 2540 670 2567 deest.
728 2548 767 2566 10.
785 2541 807 2567 Β
822 2541 851 2568 in
868 2548 982 2575 marga
1003 2548 1058 2576 49.
1115 2548 1156 2573 14.
1172 2539 1319 2576 A2fecit.
1376 2538 1415 2567 18.
1436 2539 1509 2566 Ain

199 2585 311 2611 marg:
333 2576 532 2613 Augustinus.
624 2584 665 2610 ις).
692 2575 729 2602 Β;
765 2579 810 2603 est
841 2576 939 2609 deest;
973 2575 1015 2602 ib.
1048 2575 1087 2601 B:
1116 2575 1234 2602 duabus
1260 2574 1353 2601 deest.
1409 2581 1448 2601 2¹.
1469 2574 1508 2600 B:

198 2612 246 2639 De
267 2619 413 2647 quorum.
487 2618 524 2645 21,
545 2618 588 2637 22.
610 2610 648 2637 B:
669 2610 756 2637 libris
778 2611 851 2637 czlit's
868 2610 1052 2645 disputatum
1072 2612 1117 2637 est
1135 2609 1267 2636 uberius.
1340 2608 1381 2643 25,
1401 2609 1448 2635 26.
1463 2610 1509 2635 A:

202 2649 233 2673 et
260 2647 314 2674 sub
338 2646 503 2686 sequencia
532 2646 671 2672 miretur.
770 2652 813 2680 27.
843 2646 872 2672 A
904 2646 934 2672 in
967 2652 1082 2679 marg:
1124 2644 1215 2679 Quod
1245 2643 1341 2671 arhor
1369 2646 1414 2670 est
1443 2643 1510 2678 ipsa

199 2682 303 2743 gnian
333 2681 365 2708 παῖ
389 2684 433 2708 est
452 2681 541 2720 homo
563 2680 627 2714 ipse
646 2679 773 2715 fructus
792 2687 866 2707 vero
895 2687 994 2715 opera
1014 2681 1078 2706 eius
1101 2679 1267 2706 secundum
1295 2678 1509 2714 Augustinum.

217 2725 246 2750 4.
307 2725 312 2743 ε
334 2723 430 2751 opera
452 2723 526 2742 eius.

274 2787 324 2808 10.
349 2776 468 2808 Matth.
495 2776 566 2816 VII⁷
598 2774 743 2806 16—20.
829 2774 877 2806 18.
905 2775 955 2806 De
982 2784 1144 2806 sermone
1171 2773 1312 2805 Domini
1339 2774 1373 2804 in
1392 2778 1511 2804 monte

202 2822 223 2853 1.
252 2833 278 2854 c.
305 2834 338 2864 p.
368 2824 444 2855 232.

1309 2875 1372 2907 28*
