2003 3322
197 193 286 221 CAP.
306 183 446 238 XLVIL]
660 193 873 227 SECUNDA
900 194 1026 226 PARS.

198 315 220 339 a
252 301 422 350 satrapis
455 314 611 337 summe
644 301 856 337 hereticus.
891 301 956 338 Sic
989 300 1094 337 enim
1129 299 1311 337 Christus
1344 309 1511 348 propter

195 361 315 397 verba
347 359 494 396 similia
526 359 725 395 iudicatus
758 358 831 395 fuit
864 360 1138 407 blasphemus,
1179 358 1439 395 demoniacus
1474 367 1511 394 et

195 417 378 464 insanus;
425 417 560 453 fideles
592 425 728 453 tamen
760 416 828 465 qui
862 418 1008 453 habent
1040 416 1255 453 scintillam
1290 415 1382 452 fidei
1416 428 1512 452 con—

197 475 349 523 cipiunt
382 475 489 524 quod
520 475 619 511 velle
653 474 707 510 eis
741 474 937 522 adiaeeat‚
977 483 1019 510 ut
1059 482 1290 510 constanter
1321 473 1510 510 veritates

164 533 288 569 §fidei
321 532 377 568 sic
415 533 653 580 loquantur;
694 533 762 568 sed
796 533 927 568 adhuc
967 545 1010 568 ex
1043 531 1172 568 causis
1204 531 1386 579 pluribus
1420 539 1511 567 sunt

196 592 244 627 ab
276 590 351 626 ista
383 590 628 638 operacione
663 589 892 637 evangelica
925 589 1139 638 prepediti.

669 737 807 778 CAP.
841 736 1040 777 XLVII.

258 832 448 881 Sequitur
493 832 533 869 in
576 841 684 869 textu
730 832 942 880 evangelii:
995 833 1142 868 Intrate
1179 845 1255 881 per
1304 840 1511 882 angustam

192 897 362 939 portam,
416 891 502 939 quia
544 891 622 926 lata
655 898 773 939 porta
813 898 849 926 et
886 890 1062 939 spaciosa
1103 890 1163 926 via
1207 902 1278 939 que
1316 891 1419 926 ducit
1461 891 1513 926 acl

144 948 469 997 10perdici0nem‚
514 956 548 984 et
592 948 704 984 multi
732 956 821 984 sunt
852 948 917 996 qui
951 948 1096 984 intrant
1124 960 1198 997 per
1235 961 1332 984 eam.
1384 949 1509 992 Quam

196 1013 362 1055 angusta
386 1014 441 1042 est
458 1013 577 1055 porta
600 1014 636 1042 et
657 1013 744 1041 arta
768 1006 828 1041 via
852 1018 921 1054 que
950 1006 1052 1042 ducit
1084 1007 1136 1041 ad
1168 1005 1298 1052 vitam,
1333 1013 1368 1041 et
1395 1006 1514 1055 pauci

195 1070 282 1099 sunt
325 1064 390 1112 qui
432 1064 625 1099 inveniunt
669 1076 765 1099 eam.
820 1065 949 1111 Super
993 1076 1072 1111 quo
1112 1063 1376 1111 Augustinus:
1422 1064 1509 1099 Non

196 1121 280 1157 ideo
314 1122 415 1167 dicit,
455 1122 541 1170 quia
581 1122 713 1171 iugum
748 1121 908 1156 Domini
944 1134 1124 1171 asperum
1165 1128 1220 1157 est
1259 1129 1323 1157 aut
1354 1121 1508 1157 sarcina

195 1179 346 1228 gravis,
384 1180 452 1215 sed
484 1179 569 1228 quia
609 1179 762 1215 labores
783 1179 900 1229 finiri
931 1179 1049 1228 pauci
1086 1180 1228 1225 volunt,
1269 1179 1394 1215 minus
1426 1191 1508 1215 cre-

144 1237 180 1270 15
198 1237 328 1273 a'entes
371 1237 574 1272 clamanti:
613 1237 739 1273 Venite
786 1237 837 1272 ad
881 1249 940 1273 me
982 1249 1112 1273 omnes
1149 1237 1214 1285 qui
1250 1237 1438 1273 laboratis
1475 1244 1510 1273 et

197 1295 349 1330 onerati
386 1295 473 1330 estis
510 1302 546 1330 et
586 1307 658 1345 ego
698 1306 765 1330 vos
803 1294 987 1344 reficiam,
1038 1295 1178 1332 Tollite
1217 1295 1350 1345 iugum
1384 1307 1508 1331 meum

196 1364 314 1400 super
361 1364 427 1387 vos
471 1359 505 1388 et
538 1352 671 1388 discite
715 1365 736 1387 a
781 1365 852 1399 me,
900 1353 986 1401 quia
1032 1353 1134 1388 mitis
1172 1365 1255 1388 sum
1288 1360 1324 1388 et
1356 1352 1510 1388 humilis

197 1410 333 1445 corde:
370 1410 504 1460 iugum
545 1410 641 1446 enim
682 1422 807 1446 meum
848 1410 929 1446 lene
961 1418 1015 1447 est
1047 1418 1082 1446 et
1112 1411 1266 1446 sarcina
1299 1423 1382 1446 mea
1417 1410 1511 1446 Ievis

197 1474 252 1503 est
284 1465 391 1518 (hinc
419 1480 516 1518 ergo
544 1480 672 1504 sermo
702 1468 770 1504 iste
792 1468 955 1517 sumpsit
983 1469 1188 1504 exordium
1224 1469 1270 1504 de
1303 1469 1510 1504 humilibus

139 1537 181 1558 20
197 1532 232 1561 et
269 1525 421 1561 mitibus
453 1523 614 1577 corde);
653 1526 756 1575 quod
794 1526 927 1576 iugum
967 1527 1048 1562 lene
1085 1534 1120 1562 et
1153 1527 1272 1562 levem
1312 1526 1506 1562 sarcinam

197 1583 308 1618 multi
337 1590 532 1632 respuunt,
573 1584 692 1632 pauci
727 1584 901 1630 subeunt⁷
946 1596 1062 1632 eoque
1098 1584 1201 1633 quod
1229 1584 1283 1634 fit
1320 1591 1407 1619 arta
1448 1584 1508 1619 via

195 1653 266 1689 que
298 1640 400 1676 ducit
430 1642 482 1676 ad
513 1641 648 1686 celum,
682 1642 752 1677 hoc
785 1649 840 1677 est
877 1642 929 1676 ad
961 1642 1091 1685 vitam,
1125 1649 1161 1677 et
1193 1649 1361 1691 angusta
1389 1648 1508 1691 porta

196 1710 267 1746 qua
300 1705 471 1734 intratur
501 1712 536 1734 ιη
569 1711 666 1734 eam.

253 1756 382 1806 Igitur
403 1756 462 1792 hic
490 1757 549 1792 illi
569 1757 632 1805 qui
648 1757 881 1806 promittunt
908 1756 1139 1805 sapienciam
1171 1756 1508 1806 cognicionemque

140 1815 179 1847 25
198 1814 370 1850 veritatis
408 1826 519 1862 quam
559 1827 632 1850 non
672 1815 822 1860 habent,
857 1815 1044 1863 precipue
1076 1814 1236 1850 cavendi
1264 1822 1365 1860 sunt,
1408 1815 1507 1851 sicut

195 1871 356 1907 heretici
389 1872 455 1920 qui
479 1872 710 1920 plerumque
735 1872 972 1921 paucitatem
1006 1873 1284 1908 commendant.
1331 1872 1383 1908 Et
1421 1872 1505 1908 ideo

195 1941 278 1965 cum
303 1929 478 1974 dixisset,
507 1942 653 1978 paucos
685 1942 765 1966 esse
795 1930 861 1979 qui
890 1930 1082 1966 inveniunt
1113 1937 1321 1980 angustam
1346 1937 1504 1979 portam

195 1994 230 2022 et
253 1987 352 2022 viam
376 1994 516 2034 artam,
544 1999 617 2036 qua
642 1988 812 2023 intratur
833 1988 885 2022 ad
913 1988 1044 2034 vitam,
1077 2000 1122 2023 ne
1142 2000 1183 2023 se
1210 1988 1269 2023 illi
1288 1995 1506 2037 supponant

195 2045 344 2081 nomine
369 2045 592 2093 paucitatis,
629 2045 846 2095 subiungit:
891 2045 1031 2081 Cavete
1076 2058 1098 2081 a
1141 2045 1502 2095 pseudoprophetis.

140 2107 180 2138 30
195 2103 278 2138 Hec
309 2102 566 2150 Augustinus.

253 2159 327 2196 Hic
370 2161 526 2197 videtur
568 2160 687 2197 istum
732 2169 914 2196 sanctum
960 2160 1167 2196 intendere
1211 2161 1318 2208 quod
1363 2173 1504 2197 omnes

197 2217 411 2254 militantes
451 2219 595 2254 debent
634 2218 766 2254 subire
805 2218 988 2254 ordinem
1028 2226 1133 2254 secte
1172 2218 1339 2265 Christi;
1384 2227 1422 2254 et
1464 2218 1505 2254 in

195 2276 270 2311 hoc
303 2277 447 2312 debent
479 2276 627 2312 sentire
665 2275 901 2312 suavitatem
936 2285 972 2312 et
1005 2275 1259 2312 dulcedinem
1292 2275 1389 2324 legis
1421 2288 1502 2312 sue.

195 2334 243 2368 Et
276 2333 339 2369 hic
371 2342 480 2381 patet
513 2335 621 2382 quod
656 2333 843 2370 Saraceni
879 2342 915 2369 et
949 2333 1115 2381 gentiles
1149 2342 1241 2370 sunt
1273 2333 1505 2370 notabiliter

262 2533 291 2557 4.
312 2524 350 2551 B:
378 2528 561 2552 constantes.
681 2526 709 2552 6.
731 2524 771 2552 B:
797 2527 834 2552 ab
854 2525 933 2559 ipsa.
1025 2532 1066 2558 10,
1089 2532 1123 2552 11.
1150 2525 1196 2552 A:
1222 2533 1313 2560 quam
1337 2525 1501 2560 angustia.

195 2567 228 2586 ιι.
249 2560 278 2586 Α
292 2559 321 2586 in
338 2567 451 2594 marg:
473 2559 673 2595 Augustinus.
748 2559 909 2595 14.finiri;
929 2559 950 2586 B
966 2559 996 2586 in
1013 2567 1109 2594 marg.
1121 2569 1126 2586 :
1139 2558 1246 2595 ferre.
1320 2559 1358 2587 15.
1378 2561 1424 2591 A:
1441 2560 1503 2587 cla-

193 2594 276 2620 mati.
362 2601 408 2621 20.
428 2595 470 2621 A:
491 2595 593 2621 lenam
612 2594 778 2621 sarcinam.
859 2601 898 2621 21.
919 2594 957 2621 B:
978 2594 1254 2629 multilrespict'unt
1333 2601 1376 2621 22.
1397 2595 1441 2621 A:
1462 2595 1505 2621 ad

194 2628 320 2655 omitted
337 2628 440 2655 before
454 2629 556 2656 vitam.
630 2630 677 2656 26.
691 2629 736 2656 A:
752 2629 808 2664 qui
816 2637 867 2662 se,·
881 2629 922 2656 ib.
937 2629 982 2656 A:
998 2629 1068 2656 ideo
1083 2628 1175 2655 deest.
1249 2635 1296 2663 29.
1310 2629 1355 2656 A:
1366 2629 1502 2656 subiecit.

195 2660 233 2689 31.
253 2664 282 2689 A
301 2663 332 2689 in
353 2671 467 2698 marg.:
486 2662 656 2691 Jolzannes.

263 2747 294 2778 8.
312 2746 430 2778 Matth.
444 2748 515 2787 Vll,
540 2749 589 2787 13,
613 2757 662 2788 14.
763 2758 812 2779 12.
831 2748 882 2779 De
900 2758 1062 2779 sermone
1079 2748 1113 2779 in
1132 2754 1262 2788 monte,
1287 2748 1307 2779 l.
1327 2757 1354 2779 c.
1373 2757 1406 2789 p.
1427 2748 1503 2780 232.

200 2794 249 2826 15.
275 2792 394 2824 Matth.
418 2794 473 2834 XI,
502 2792 554 2825 28.

1323 2861 1363 2893 27

1716 196 1797 234 417

1566 1069 1755 1105 Augustine:

1579 1105 1652 1133 Few
1671 1111 1751 1133 trust

1594 1140 1639 1168 Ch
1646 1141 1725 1168 rist's

1580 1176 1745 1210 promises.

1557 1764 1703 1792 Fewness
1724 1765 1759 1792 of

1523 1799 1671 1827 believers
1697 1800 1723 1828 is
1745 1805 1798 1828 not

1539 1834 1653 1873 always
1673 1843 1689 1862 a
1709 1842 1781 1863 note

1585 1871 1617 1896 ot
1635 1870 1729 1898 truth.

1563 2170 1612 2197 All
1634 2170 1746 2209 should

1573 2208 1689 2232 submit
1707 2210 1737 2233 to

1529 2238 1662 2267 Christ's
1681 2241 1782 2268 order.
