2003 3322
153 227 228 272 148

176 521 233 549 We
255 529 325 557 may
344 520 396 547 fall

218 557 294 583 back
313 564 353 582 on

189 590 390 626 Augustine's

148 626 213 654 fifth
229 625 424 661 suggestion;

221 661 285 687 that
304 660 355 687 the

160 696 326 730 adversary
346 696 372 722 is
392 703 408 722 a

177 729 343 757 command
366 730 400 756 of

248 765 328 792 God.

160 987 259 1021 Again
281 995 327 1013 we
348 994 418 1022 may

179 1030 233 1057 say
252 1023 316 1048 that
337 1021 397 1048 this

179 1058 347 1091 adversm-y
367 1056 391 1083 is

151 1091 220 1118 God
240 1092 290 1118 the
304 1091 427 1124 Fames,

150 1135 185 1153 οι·
205 1135 261 1153 our
278 1126 426 1161 guardian

237 1162 336 1195 angel.

163 1565 230 1593 The
250 1565 412 1599 reprobate

151 1601 177 1628 is
199 1600 351 1635 punislied
373 1600 421 1626 ἴοι·

211 1643 276 1662 sins
297 1642 370 1661 even

189 1669 332 1705 repented
353 1669 394 1696 of.

160 2446 236 2472 How
259 2446 318 2472 this
341 2445 429 2472 bears

176 2489 214 2507 ou
237 2481 422 2507 absolution.

851 233 970 265 OPUS
994 233 1331 264 EVANGELICUM
1542 222 1651 277 [CAP.
1674 231 1751 259 XLI.

435 339 614 376 veritatis
638 339 847 385 catholice,
879 339 945 375 alii
970 338 1061 375 libri
1085 339 1285 387 prophani
1308 348 1398 375 sunt
1421 339 1580 376 codices
1603 340 1752 377 heresis

437 410 458 434 a
492 410 652 433 summo
685 397 818 433 iudice
853 397 1200 445 condempnande,
1246 397 1403 433 videtur
1434 399 1543 446 quod
1575 397 1633 434 illi
1665 410 1754 446 pre-

436 455 507 491 lati
545 456 746 491 honorant
785 454 956 491 heresim
1004 463 1041 491 et
1086 455 1377 502 blasphemiam
1426 464 1565 492 contra
1609 457 1752 492 Deum.

439 514 516 549 Lex
561 522 694 549 autem
742 512 890 549 Christi
935 526 1056 561 quam
1102 513 1351 560 evangelium
1403 522 1520 550 vocat
1570 523 1752 550 nostrum

440 571 712 608 adversarium
753 579 810 607 est
848 570 992 607 veritas
1031 571 1092 606 vel
1132 570 1229 606 fides
1269 571 1467 607 catholica
1507 572 1656 608 nostris
1689 581 1788 613 co-5

441 628 594 665 dicibus
634 628 849 665 intellecta.
896 630 983 674 Que
1021 627 1184 676 quidem
1222 628 1367 665 veritas
1405 629 1497 665 licet
1535 629 1586 666 sit
1625 642 1755 666 essen-

440 687 595 723 cialiter
628 689 733 723 Deus
766 686 863 734 ipse,
910 686 1169 734 distinguitur
1206 694 1344 723 tamen
1382 687 1544 724 racione
1582 689 1631 724 ab
1672 687 1754 732 illo,

440 745 543 781 sicut
589 745 712 781 multe
745 754 880 792 partes
919 744 1133 780 veritatum
1178 744 1412 781 huiusmodi
1452 757 1474 781 a
1507 757 1547 781 se
1586 745 1755 782 invicem

440 802 754 850 distinguuntur.
788 804 837 838 Et
869 814 959 838 cum
993 802 1061 838 illa
1093 802 1153 838 lex
1186 801 1259 838 fuit
1291 801 1406 839 nobis
1440 803 1535 840 data
1567 805 1618 840 ad
1642 815 1758 851 regu-

439 861 604 897 landum
659 873 732 897 nos
785 859 825 896 in
876 859 953 905 via,
1007 859 1227 908 probabilis
1279 859 1437 896 videtur
1489 860 1564 897 ista
1616 861 1816 909 quintam

441 918 645 955 sentencia
680 917 906 966 Augustini.

500 978 636 1013 Posset
668 985 804 1012 tamen
837 975 965 1012 fidelis
997 984 1105 1012 sexto
1129 975 1261 1012 dicere
1285 977 1393 1025 quod
1416 975 1667 1013 adversarius
1696 977 1759 1021 (de

443 1048 522 1083 quo
568 1034 663 1070 dicit
695 1035 770 1070 hoc
804 1033 1073 1081 evangelium)
1111 1033 1160 1069 sit
1193 1035 1301 1070 Deus
1345 1043 1458 1082 pater
1494 1034 1554 1071 vel
1601 1033 1759 1071 trinitas

443 1093 620 1129 increata
664 1093 725 1128 vel
769 1091 943 1140 septimo
987 1091 1121 1127 dicere
1168 1093 1277 1140 quod
1333 1092 1383 1128 sit
1422 1093 1550 1128 bonus
1596 1092 1760 1140 angelus

443 1152 493 1187 ad
530 1159 710 1187 nostram
756 1149 979 1186 custodiam
1029 1150 1256 1197 deputatus.
1312 1150 1379 1186 Ille
1419 1159 1553 1187 autem
1594 1151 1816 1198 angelus15

442 1208 635 1257 quamdiu
665 1220 880 1256 peccamus
911 1217 968 1244 est
1001 1215 1138 1244 noster
1169 1207 1421 1244 adversarius
1455 1217 1492 1244 et
1525 1220 1645 1256 quam
1681 1207 1761 1244 cito

442 1267 646 1303 fructuose
686 1265 926 1314 penitemus,
959 1265 1025 1301 isti
1057 1264 1168 1313 prius
1201 1265 1431 1302 adversario
1475 1264 1761 1312 consentimus,

442 1333 480 1361 et
513 1324 544 1360 si
577 1337 784 1372 nunquam
819 1323 875 1359 sic
908 1323 1148 1371 penitemus,
1183 1323 1267 1371 ipse
1300 1325 1431 1360 tradet
1462 1336 1535 1360 nos
1568 1322 1691 1359 iudici
1724 1332 1762 1360 et

443 1381 729 1431 dampnacioni
762 1381 943 1418 iehenne.
978 1383 1054 1417 Iste
1086 1389 1221 1418 autem
1255 1383 1332 1417 due
1364 1381 1637 1430 exposiciones
1669 1381 1764 1418 licet

442 1441 653 1477 videantur
695 1439 937 1487 probabiles,
981 1452 1063 1476 non
1106 1448 1242 1476 tamen
1281 1448 1372 1475 sunt
1418 1451 1517 1488 eque
1557 1441 1661 1476 bone
1701 1440 1763 1476 vel
1779 1460 1821 1481 20

444 1498 579 1535 faciles
613 1498 716 1534 sicut
750 1497 890 1546 quinta
923 1497 1125 1545 exposicio
1158 1496 1384 1545 Augustini.

502 1558 550 1592 Et
582 1555 646 1592 hic
680 1555 888 1592 dubitatur
912 1555 1183 1591 communiter
1212 1567 1256 1591 ex
1285 1555 1360 1591 hiis
1383 1554 1502 1591 dictis
1525 1554 1763 1592 Crisostomi

444 1614 475 1650 si
509 1615 678 1651 redeunt
711 1615 851 1650 eadem
884 1622 1050 1661 peccata
1083 1622 1174 1661 post
1197 1612 1467 1661 penitenciam
1501 1612 1541 1649 in
1573 1612 1761 1661 prescito‚

446 1681 483 1708 et
526 1672 683 1708 videtur
729 1672 860 1720 ipsum
907 1670 1054 1708 sentire
1099 1672 1207 1719 quod
1255 1671 1324 1721 sic,
1371 1670 1465 1719 quia
1510 1670 1607 1707 dicit
1654 1672 1763 1719 quod

445 1729 656 1778 dampnati
697 1739 861 1777 propter
898 1730 1019 1765 verba
1059 1729 1194 1765 ociosa
1233 1738 1271 1765 et
1313 1728 1411 1766 talia
1450 1737 1617 1776 peccata
1660 1728 1762 1765 levia
1779 1740 1820 1772 25

445 1788 680 1836 punientur;
715 1796 753 1824 et
784 1787 942 1824 videtur
974 1789 1049 1824 hoc
1083 1799 1167 1823 esse
1200 1799 1423 1824 consonum
1457 1785 1625 1824 racioni.
1658 1788 1760 1823 Nam

445 1848 551 1882 Deus
584 1845 751 1882 remittit
782 1846 843 1882 vel
880 1846 986 1882 laxat
1026 1853 1206 1893 peccata.
1260 1846 1337 1882 Sed
1380 1847 1486 1882 Deus
1525 1843 1676 1892 cogitat
1714 1845 1762 1881 de

445 1904 634 1940 omnibus
679 1903 855 1951 peccatis
894 1915 971 1951 que
1010 1905 1253 1951 dampnatus
1292 1903 1549 1940 commiserat
1591 1912 1628 1938 et
1671 1914 1761 1939 cum

446 1962 653 2010 quodlibet
706 1974 845 1998 eorum
897 1960 946 1997 sit
991 1974 1111 1998 causa
1158 1973 1227 1997 sue
1281 1960 1412 1997 finalis
1464 1959 1762 2009 impenitencie,

444 2020 602 2057 videtur
634 2020 744 2068 quod
776 2032 849 2067 pro
883 2031 1023 2056 eorum
1058 2019 1237 2068 quolibet
1270 2021 1376 2056 Deus
1420 2018 1476 2055 sic
1508 2017 1636 2066 punit.
1682 2019 1764 2055 Nec
1781 2032 1823 2063 30

444 2079 548 2114 valet
581 2078 714 2114 dicere
747 2079 857 2126 quod
879 2089 953 2125 pro
988 2077 1123 2113 multis
1158 2090 1295 2114 eorum
1321 2076 1494 2125 penituit
1518 2085 1554 2113 et
1578 2078 1634 2112 sic
1658 2077 1764 2112 Deus

446 2136 532 2185 ipsa
565 2135 722 2182 delevit,
769 2135 862 2183 quia
894 2144 1091 2184 quantum
1131 2137 1181 2171 ad
1214 2135 1323 2171 illam
1358 2134 1618 2182 sophisticam
1654 2133 1765 2182 peni-

447 2194 621 2231 tenciam
657 2196 762 2230 Deus
801 2193 911 2229 dedit
950 2193 1025 2229 sibi
1065 2193 1242 2241 graciam
1283 2193 1502 2229 secundum
1537 2200 1764 2240 presentem

448 2252 650 2288 iusticiam
685 2260 722 2288 et
754 2259 911 2288 tantum
946 2250 1150 2299 ingracius
1187 2260 1279 2299 post
1318 2249 1506 2298 deliquit;
1559 2251 1765 2298 quomodo

448 2323 542 2358 ergo
575 2322 655 2346 non
690 2311 919 2346 recordaret
944 2311 1049 2345 Deus
1081 2309 1305 2357 iniquitatis
1338 2308 1527 2357 preterite
1560 2309 1610 2344 ad
1644 2320 1762 2355 quam
1782 2320 1822 2352 35,

449 2367 566 2404 rediit
598 2377 682 2404 tam
716 2367 884 2416 ingrate.

507 2426 582 2462 Hic
616 2426 731 2462 aliter
763 2426 985 2473 loquuntur
1017 2424 1326 2461 solemnizantes
1359 2425 1434 2460 hoc
1466 2431 1762 2460 sacramentum

450 2483 675 2532 penitencie
714 2483 1017 2519 infundabiliter
1057 2483 1346 2528 introductum,
1392 2490 1430 2518 et
1478 2481 1594 2518 aliter
1637 2480 1764 2517 sancti

450 2542 603 2590 priores
644 2541 820 2578 dicentes
860 2542 936 2577 hoc
980 2549 1279 2577 sacramentum
1325 2553 1407 2576 non
1451 2538 1686 2587 simpliciter
1729 2547 1766 2573 et

518 2707 554 2727 Π.
585 2700 627 2726 A:
661 2698 833 2735 Augustini
860 2699 954 2726 deest.
1072 2698 1107 2725 15.
1140 2699 1183 2725 A:
1216 2697 1259 2724 ad
1282 2700 1419 2724 nostram
1448 2711 1481 2716 ——
1509 2696 1641 2731 angelus
1669 2695 1763 2734 deest.

452 2736 493 2761 is).
515 2737 557 2761 A:
580 2735 633 2769 qui
652 2734 827 2769 quamdiu.-
918 2742 958 2768 17,
982 2733 1021 2760 18.
1044 2734 1086 2760 A:
1110 2733 1162 2759 isti
1182 2749 1207 2751 κ
1229 2733 1400 2767 penitemus
1419 2731 1513 2758 deest.
1622 2737 1664 2756 22.
1686 2731 1714 2757 A
1735 2738 1763 2756 ln

451 2778 547 2803 marg.
588 2769 727 2795 Dubmm.
802 2776 845 2803 27.
867 2769 909 2795 A:
932 2770 961 2794 si
980 2768 1070 2795 Deus.
1145 2766 1190 2794 33.
1211 2768 1255 2794 A:
1278 2767 1499 2801 impenitencie.

525 2852 572 2873 10.
600 2844 664 2872 See
691 2842 802 2872 above
829 2852 860 2883 p.
894 2842 965 2882 ¹43>
993 2841 1013 2871 1.
1043 2840 1083 2871 28
1114 2840 1180 2871 ‘aut
1206 2846 1406 2881 preceptum
1435 2839 1531 2869 eius'.
