2003 3322
167 226 215 273 37
224 227 244 261 6
871 230 989 262 opus
1014 229 1351 261 EVANGELICUM
1501 214 1608 272 [CAP.
1627 225 1766 254 XXXVI.

456 348 494 376 et
516 346 751 387 tegumento
773 336 955 385 corporis
980 338 1222 384 desperaret.
1248 337 1296 372 Et
1314 336 1390 372 hoc
1415 335 1616 371 sufficeret
1639 333 1766 371 eciam

453 397 661 445 Apostolo,
695 403 738 431 ut
768 403 877 443 patet
901 397 912 431 Ι
935 394 1041 431 Tim.
1065 395 1128 440 VI,
1161 407 1181 442 7
1206 402 1244 431 et
1265 392 1433 430 Matthei
1454 394 1518 440 VI,
1551 395 1601 430 26
1623 394 1768 441 probat

455 454 651 501 Christus,
696 454 805 502 quod
844 455 949 489 Deus
988 465 1032 489 ex
1069 464 1141 489 sua
1186 450 1490 500 omnipotencia
1529 463 1574 488 ac
1615 450 1769 487 miseri-

456 512 595 550 cordia
626 524 709 548 non
741 519 873 559 potest
906 522 1019 548 servo
1052 523 1124 547 suo
1157 510 1198 546 in
1230 509 1314 546 istis
1347 509 1530 555 deficere,
1564 508 1658 558 quia
1688 521 1770 545 non

455 579 588 620 potest
626 569 797 606 deficere
829 568 1056 607 volucribus
1087 568 1148 605 vel
1179 567 1270 605 liliis
1304 567 1404 616 agri,
1437 568 1643 616 quomodo
1675 567 1801 615 erg05

458 637 593 678 posset
625 640 739 664 servo
772 640 845 664 suo
879 626 1050 664 deficere
1085 626 1212 675 magis
1244 625 1390 674 digno?

173 695 233 723 We
253 695 365 722 should
390 695 425 722 be
515 689 564 724 Et
623 686 757 735 quoad
815 685 984 722 tercium
1035 684 1188 721 scilicet
1240 683 1421 732 corporis
1479 681 1769 720 extinccionem

190 729 418 794 reaadyeatph‘face
457 754 567 794 patet
600 745 708 794 quod
746 743 874 780 fidelis
912 756 994 780 non
1031 751 1166 791 posset
1204 742 1307 779 mori
1340 741 1564 780 iocundius.
1602 742 1771 777 Necesse

457 803 619 852 quidem
667 811 725 839 est
767 814 929 838 omnem
975 800 1180 838 hominem
1225 801 1346 838 talem
1386 799 1488 836 mori
1527 808 1564 836 et
1601 798 1771 835 vivendo

457 870 817 911 quantumcunque
872 860 1109 908 voluptuose
1165 871 1212 895 ac
1267 859 1550 906 congregando
1609 856 1771 893 divicias
1790 870 1829 891 10

456 919 629 956 faciliter
659 917 762 955 mori
792 926 927 966 posset
960 930 1004 954 ex
1038 917 1204 965 crapula
1235 917 1297 953 vel
1329 915 1459 953 occidi
1492 928 1515 952 a
1545 914 1772 952 latronibus

456 977 622 1014 racione
655 988 724 1013 sue
756 975 927 1024 pecunie
961 984 1214 1024 congregate.
1249 974 1416 1011 Occisus
1444 982 1578 1011 autem
1608 972 1649 1009 in
1672 972 1772 1010 cari-

456 1044 538 1073 tate
572 1048 616 1072 ex
648 1034 882 1071 huiusmodi
922 1047 1043 1071 causa
1077 1033 1150 1070 Dei
1182 1034 1284 1070 foret
1316 1032 1513 1081 gloriosus
1548 1040 1701 1079 martyr
1734 1039 1772 1067 et

455 1093 512 1130 sic
551 1106 622 1142 per
664 1101 836 1130 mortem
875 1092 1120 1129 laudabilem
1161 1090 1350 1128 transiret
1383 1091 1433 1127 ad
1466 1088 1770 1127 beatitudinem.

456 1153 534 1189 Sed
567 1151 656 1200 quis
693 1150 769 1188 nisi
809 1150 982 1187 infidelis
1015 1151 1091 1187 hoc
1123 1162 1205 1186 non
1238 1148 1467 1198 appeteret?
1513 1150 1561 1184 Et
1594 1146 1650 1184 sic
1680 1159 1772 1184 vere
1792 1150 1827 1183 15

456 1210 684 1247 exanimata
727 1208 965 1245 infidelitate
1006 1208 1067 1245 vel
1112 1206 1253 1253 heresi,
1306 1215 1417 1256 patet
1461 1207 1569 1255 quod
1619 1204 1772 1242 servilis

455 1268 643 1305 vecordia
658 1269 853 1315 dampnat
876 1267 1010 1315 plures
1034 1274 1194 1303 curatos
1209 1266 1344 1314 quoad
1359 1264 1540 1302 divinum
1563 1262 1771 1309 iudicium,

456 1326 550 1375 quia
589 1327 808 1363 secundum
849 1324 1127 1361 testimonium
1168 1323 1315 1361 Christi
1359 1323 1423 1372 qui
1454 1322 1545 1372 plus
1589 1321 1774 1359 dilexerit

455 1392 678 1420 creaturam
712 1384 895 1433 aliquam,
935 1383 1054 1420 eciam
1089 1382 1206 1418 vitam
1241 1382 1451 1430 propriam
1485 1392 1598 1429 quam
1630 1381 1771 1426 Deum,

455 1455 528 1479 non
561 1450 617 1479 est
648 1443 730 1491 ipso
764 1442 919 1492 dignus,
953 1450 996 1477 ut
1029 1440 1174 1477 dicitur
1197 1438 1365 1476 Matthei
1383 1440 1430 1485 X,
1457 1438 1521 1487 37.
1555 1439 1636 1474 Nec
1659 1438 1772 1474 homo
1789 1451 1832 1473 20

451 1508 581 1550 potest
612 1500 760 1537 duobus
793 1500 957 1536 dominis
996 1499 1226 1548 capitalibus
1264 1498 1319 1534 sic
1349 1497 1512 1544 servire,
1550 1504 1595 1533 ut
1627 1495 1774 1532 dicitur

455 1558 624 1595 Matthei
656 1560 719 1605 VI,
756 1568 821 1604 24.
866 1557 983 1594 Tales
1023 1569 1116 1605 ergo
1150 1555 1332 1593 raciones
1365 1555 1606 1592 convincent
1638 1553 1679 1590 in
1711 1553 1774 1590 die

457 1615 596 1653 iudicii
629 1615 827 1665 plurimos
859 1615 1045 1652 viatores.

912 1750 1052 1792 CAP.
1086 1749 1327 1791 XXXVI.

193 1855 417 1894 chrysostom:
518 1846 790 1884 Crisostomus
836 1854 969 1882 autem
1024 1857 1143 1893 super
1194 1844 1272 1881 isto
1325 1852 1433 1881 textu
1477 1843 1533 1880 sic
1575 1842 1831 1891 loquitur:25

225 1890 387 1961 ξξξοῑξῑῖῗ
467 1906 607 1941 Videre
638 1905 735 1941 enim
758 1905 957 1953 festucam
991 1903 1027 1939 in
1061 1903 1171 1939 oculo
1196 1903 1349 1951 fratris
1381 1902 1438 1938 tui
1467 1909 1502 1937 et
1524 1902 1646 1938 eicere
1667 1901 1774 1937 illam

196 1959 416 2022 fldgfjffiggm
454 1962 571 2013 posse
615 1976 689 1999 non
734 1970 789 1999 est
833 1962 1000 1998 omnium
1043 1962 1113 1998 sed
1159 1962 1361 1997 doctorum
1405 1967 1552 1996 tantum
1599 1959 1663 2008 qui
1701 1971 1778 2008 per

461 2021 677 2058 doctrinam
724 2021 785 2057 vel
833 2020 1140 2069 increpacionem
1193 2019 1401 2055 secundum
1447 2019 1573 2054 Deum
1612 2024 1777 2067 possunt

460 2080 582 2116 eicere
629 2079 676 2115 de
719 2086 843 2115 mente
871 2078 1023 2127 fratris
1062 2078 1124 2114 sui
1154 2084 1357 2127 peccatum
1397 2077 1458 2113 vel
1496 2088 1681 2127 magnum
1715 2074 1778 2112 vel

459 2138 662 2175 modicum.
715 2137 857 2182 Nolite,
910 2135 1054 2184 inquit,
1100 2143 1274 2172 sanctum
1320 2135 1416 2171 dare
1459 2134 1617 2170 canibus
1660 2145 1778 2182 neque
1794 2140 1836 2172 30

459 2195 705 2246 margaritas
750 2202 899 2230 vestras
939 2194 1122 2230 miseritis
1166 2201 1253 2229 ante
1285 2205 1443 2242 porcos.
1487 2192 1646 2228 Habere
1677 2192 1775 2228 enim

460 2255 521 2290 vel
558 2261 692 2290 sancta
735 2253 796 2288 vel
832 2252 1078 2302 margaritas
1110 2258 1144 2288 et
1178 2264 1294 2300 posse
1326 2251 1555 2299 dispensare
1587 2250 1648 2285 vel
1679 2249 1775 2286 bona

461 2312 521 2348 vel
548 2312 653 2347 mala
677 2318 711 2346 et
736 2311 957 2347 discernere
988 2310 1052 2359 qui
1081 2310 1276 2346 hominum
1307 2316 1396 2345 sunt
1427 2321 1541 2345 canes
1573 2308 1633 2344 vel
1649 2308 1775 2357 porci,

460 2383 532 2406 non
576 2376 632 2405 est
675 2368 842 2405 omnium
896 2368 1090 2404 hominum
1140 2369 1209 2404 sed
1251 2374 1488 2404 sanctorum.
1548 2365 1635 2402 Vult
1678 2378 1775 2416 ergo

460 2428 637 2464 dominus
682 2428 862 2463 doctores
905 2426 1206 2462 christianorum
1251 2426 1350 2462 sicut
1396 2426 1433 2461 in
1481 2424 1585 2461 omni
1627 2423 1776 2460 iusticia
1794 2429 1834 2464 35

458 2486 513 2522 sic
557 2493 591 2522 et
634 2485 670 2520 in
715 2485 786 2521 hoc
825 2485 997 2533 primum
1033 2484 1190 2533 facere,
1238 2483 1323 2520 dein
1362 2484 1525 2519 edocere
1561 2490 1600 2518 ut
1639 2482 1775 2518 bonam

462 2543 678 2580 doctrinam
724 2554 833 2578 suam
874 2554 951 2591 per
994 2542 1192 2578 meliorem
1247 2542 1364 2578 vitam
1410 2540 1685 2587 commendent,
1719 2547 1777 2576 ‚ut

530 2744 555 2770 7.
587 2737 613 2763 A
641 2735 670 2762 in
700 2743 814 2768 marg:
847 2744 889 2769 3,·
921 2735 961 2761 ib.
990 2736 1033 2762 A:
1066 2742 1126 2769 quo
1160 2734 1254 2761 deest.
1364 2741 1403 2767 19.
1440 2732 1476 2759 B:
1510 2732 1648 2767 aliquam
1681 2731 1775 2758 deest.

461 2771 503 2798 25.
525 2772 551 2798 A
573 2771 601 2797 in
625 2778 737 2805 marg:
762 2769 979 2797 Crisoslomns.
1055 2769 1092 2800 31,
1114 2768 1154 2796 32.
1179 2769 1218 2796 A:
1243 2768 1321 2796 enim
1342 2769 1460 2795 sancta.

532 2855 583 2886 25.
612 2854 678 2896 Op.
706 2854 803 2895 Imp.⁷
832 2853 851 2884 l.
880 2864 906 2884 c.
935 2864 966 2894 p.
994 2854 1073 2884 820.
