2062 3327
228 238 247 266 10

280 539 298 558 1.
321 530 452 558 Christ's

269 567 408 599 pleasure
429 565 457 591 i11

287 600 403 633 finding
423 608 438 625 a

258 634 419 661 multitude
439 639 469 660 to

314 670 410 695 touch.

274 1464 299 1483 2.
322 1455 453 1483 Christ's

246 1493 358 1518 human
380 1491 483 1517 works

228 1526 287 1553 find
304 1534 340 1552 au
363 1525 502 1560 example

228 1563 257 1587 in
278 1561 328 1587 tbc
347 1561 451 1586 works
472 1559 506 1586 of

341 1595 421 1622 God,

244 1861 267 1889 3.
290 1862 356 1889 The
378 1861 490 1888 motivo

268 1898 331 1923 that
351 1896 460 1923 should

244 1933 376 1958 animate
396 1940 431 1958 us
452 1932 481 1957 in

281 1967 455 2001 preacliing.

918 239 1036 271 opus
1062 236 1396 270 EVANGELICUM
1676 220 1783 277 [cim.
1804 232 1826 259 ι.

515 349 682 386 ascendit
717 349 751 384 in
786 356 972 392 niontenz;
1003 348 1042 382 in
1066 348 1240 383 secunda
1264 345 1427 382 dicitur:
1458 345 1510 379 Et
1537 357 1620 380 cunz
1654 344 1827 387 sedisset,

514 414 756 444 accesserunt
780 407 831 441 aa'
853 419 936 441 eum
962 405 1140 454 discipuli
1161 405 1261 448 eius,·
1293 413 1329 439 et
1362 403 1402 438 in
1435 402 1555 438 tercia
1586 401 1750 437 dicitur:
1776 401 1826 436 Et

515 466 690 515 aperiens
724 477 764 500 os
796 477 904 499 suum
939 464 1096 499 docebat
1129 475 1191 498 eos
1225 462 1362 497 dicens.

573 525 648 558 Pro
672 521 949 558 declaracione
973 530 1105 557 autem
1130 519 1250 568 primi
1269 520 1437 555 istorum
1460 520 1671 555 verborum
1687 526 1829 553 notan—

514 583 586 616 dus
611 590 666 616 est
691 579 961 616 Crisostomus
996 591 1113 627 quern
1150 577 1274 625 magis
1303 576 1509 626 sequimur
1541 576 1582 612 in
1615 577 1690 612 hoc
1722 584 1828 612 actu.

515 639 630 675 Ponit
675 637 778 674 enim
826 636 982 673 Ornelia
1016 638 1082 672 1X²
1114 636 1153 672 in
1198 637 1328 684 Opere
1374 634 1630 682 Imperfecto:
1683 633 1829 679 Omnis,

515 696 657 744 inquit,
701 695 851 744 artifex
882 695 1088 730 secundum
1117 694 1401 743 professionem
1445 705 1553 729 suam
1589 691 1829 741 oportunita-

515 762 588 790 tem
623 753 750 802 operis
782 753 914 788 videns
944 753 1102 802 gaudet.
1140 754 1188 787 Et
1211 750 1324 799 ponit
1347 752 1396 786 ad
1429 751 1504 786 hoc
1527 749 1669 798 triplex
1702 761 1830 785 exem-

516 813 639 859 plum.
693 810 987 860 Carpentarius,
1032 809 1175 858 inquit,
1220 809 1253 845 si
1296 809 1435 844 viderit
1466 809 1646 844 arborem
1679 808 1830 851 bonam,

516 869 747 918 concupiscit
770 881 851 904 eam
871 868 1124 917 prescindere
1146 867 1197 902 ad
1229 879 1324 916 opus
1351 866 1508 916 artificii
1537 866 1606 902 sui.
1639 864 1828 915 Agricola

515 927 646 973 eciam,
679 927 713 962 si
743 926 883 961 viderit
921 933 1068 962 terram
1096 925 1296 975 pinguem,
1340 924 1535 960 desiderat
1573 936 1655 960 eam
1700 935 1829 958 arare.

516 985 568 1020 Et
611 985 701 1033 quid
739 984 822 1019 dico
863 984 909 1019 de
954 983 1252 1019 racionabilibus
1289 982 1503 1018 hominibus
1547 981 1674 1030 quoad
1717 980 1830 1030 spiri-

517 1043 634 1078 tualia
667 1042 811 1078 semina
843 1041 1099 1077 seminanda?
1136 1041 1244 1084 Item,
1278 1052 1394 1089 equus
1428 1039 1755 1075 irracionabiliter
1787 1039 1833 1074 de

516 1101 664 1137 stabulo
688 1100 869 1136 exsiliens
900 1100 934 1135 si
966 1099 1104 1135 viderit
1133 1111 1289 1148 campos
1312 1098 1522 1147 placentes,
1551 1097 1830 1147 rapitfrenunz

516 1166 551 1194 et
583 1158 778 1194 excitatur
808 1158 860 1192 ad
892 1169 1070 1202 cursum;
1100 1157 1153 1193 sic
1186 1164 1220 1193 et
1259 1156 1450 1192 Dominus
1483 1156 1614 1191 videns
1645 1167 1830 1204 magnam

516 1216 865 1266 congregacionem
906 1215 1044 1264 populi
1080 1215 1271 1251 excitatus
1316 1221 1371 1250 est
1414 1214 1465 1249 ad
1497 1213 1721 1249 docendum.
1756 1212 1833 1248 Sed

515 1282 550 1310 et
582 1274 704 1310 omnis
735 1274 919 1309 sacerdos
951 1285 1035 1309 cunz
1076 1272 1216 1309 viderit
1254 1272 1452 1308 ecclesiam
1485 1271 1656 1321 plenam,
1686 1270 1834 1320 gaudet

514 1332 664 1368 animus
685 1332 764 1367 eius
796 1338 831 1367 et
854 1331 1080 1378 delectatur,
1103 1338 1143 1366 ut
1166 1331 1319 1375 doceat;
1340 1330 1374 1366 si
1394 1337 1520 1366 autem
1544 1328 1683 1364 viderit
1714 1328 1831 1364 eccle-

514 1390 610 1426 siam
645 1402 819 1436 vacuanz‚
852 1389 1105 1437 confunditur
1137 1396 1171 1424 et
1204 1388 1299 1423 nihil
1331 1388 1458 1423 dicere
1484 1394 1623 1437 potest.

1852 878 1889 898 10

1852 1156 1887 1189 15

572 1447 712 1484 Notari
744 1456 875 1495 potest
907 1446 1033 1483 eciam
1057 1448 1234 1483 secundo
1258 1445 1427 1482 fideliter
1457 1446 1663 1494 quomodo
1696 1443 1831 1480 omnia
1849 1460 1891 1481 20

518 1518 639 1553 opera
673 1504 821 1542 Christi
861 1504 1093 1541 humanitus
1141 1518 1162 1541 a
1202 1503 1349 1540 deitate
1396 1503 1556 1539 fuerunt
1594 1502 1830 1550 exemplata.

518 1566 619 1599 Nam
652 1572 695 1599 ut
729 1564 825 1599 Gen.
861 1565 872 1598 I
908 1564 1048 1599 crebro
1082 1562 1293 1611 repetitur:
1334 1562 1435 1597 Vidit
1457 1562 1564 1597 Deus
1595 1568 1730 1597 cuncta
1764 1571 1834 1608 que

507 1622 678 1670 fecerat,
709 1634 798 1657 cum
825 1621 1070 1669 Augustinus
1104 1622 1210 1657 clare
1243 1619 1445 1656 delucidat
1478 1620 1585 1667 quod
1618 1618 1714 1654 nihil
1733 1617 1833 1666 fecit

518 1680 636 1725 Deus⁷
670 1679 742 1715 nisi
763 1679 865 1727 quod
887 1679 980 1715 vidit
1008 1678 1494 1727 eternaliterfaciendum;
1532 1686 1568 1713 et
1601 1676 1656 1713 sic
1689 1684 1833 1712 cuncta

517 1750 640 1785 opera
675 1736 823 1774 Christi
857 1746 893 1773 et
927 1736 1032 1773 dicta
1066 1749 1155 1772 cum
1191 1736 1245 1772 ita
1269 1749 1290 1772 a
1315 1735 1462 1771 deitate
1496 1735 1719 1783 exemplata
1751 1733 1833 1769 fue—

517 1805 619 1841 rant,
654 1794 951 1842 inculpabiliter
985 1803 1097 1831 erant
1131 1795 1248 1831 facta.

577 1855 624 1888 Et
671 1852 795 1889 tercio
841 1865 911 1900 per
955 1853 1031 1889 hoc
1077 1854 1185 1900 quod
1233 1851 1370 1887 videns
1415 1851 1470 1887 sic
1502 1852 1639 1887 turbas
1671 1857 1834 1885 notatur

518 1912 625 1958 quod
672 1910 890 1946 humilibus
935 1912 1032 1946 dans
1077 1910 1252 1958 graciam
1306 1911 1422 1945 docet
1466 1908 1705 1944 intrinsecus
1743 1919 1834 1943 suas

519 1968 674 2004 animas
718 1977 925 2016 tamquam
973 1981 1157 2016 capaces3
1192 1977 1229 2004 et
1267 1969 1519 2003 erubesceret
1560 1965 1834 2013 evangelizans

518 2026 725 2074 predicare
751 2027 902 2074 populo
936 2035 1098 2074 propter
1130 2038 1291 2071 nomen,
1324 2034 1367 2061 ut
1400 2025 1549 2061 faciunt
1583 2023 1833 2072 predicantes

522 2085 560 2119 in
593 2084 746 2130 studiis,
781 2093 943 2132 propter
972 2084 1119 2120 famam
1148 2085 1207 2120 vel
1231 2092 1395 2132 propter
1418 2084 1588 2129 lucrum,
1618 2090 1660 2118 ut
1683 2081 1833 2117 faciunt

523 2142 811 2188 Mendicantcs‚
832 2151 1039 2190 captantes
1063 2142 1136 2178 sibi
1160 2142 1321 2178 divitem
1341 2142 1534 2189 populum
1553 2152 1671 2188 quem
1697 2139 1831 2175 statim

523 2200 696 2247 spoliant
730 2209 817 2248 post
841 2212 1081 2236 sermonem.
1116 2201 1252 2235 Turba
1274 2199 1378 2235 enirn
1405 2199 1551 2235 dicitur
1574 2211 1646 2246 pro
1680 2196 1833 2233 maiore

523 2267 634 2306 parte
679 2258 947 2294 communitas
993 2270 1215 2306 pauperum
1263 2259 1509 2305 plebem-um.
1580 2257 1679 2292 Cum
1726 2255 1831 2291 enirn

591 2449 619 2473 (1.
641 2440 668 2467 A
684 2439 712 2466 in
730 2448 843 2473 marg:
867 2439 1083 2466 Crisoslomus.
1158 2438 1181 2466 5.
1197 2440 1225 2466 A
1242 2438 1271 2465 in
1294 2446 1407 2472 marga
1430 2446 1452 2465 1.
1527 2437 1553 2464 8.
1571 2438 1599 2464 A
1619 2436 1649 2464 in
1672 2443 1784 2470 marg:
1801 2442 1831 2461 a.

523 2474 549 2506 8,
571 2483 598 2509 9.
622 2474 658 2501 ss:
681 2475 795 2510 triplex
814 2476 981 2509 exemplum
1002 2475 1045 2501 ad
1064 2475 1129 2501 ltoc.
1240 2482 1273 2501 ιι.
1295 2475 1339 2500 A:
1366 2475 1467 2500 autem
1487 2473 1517 2499 si
1534 2473 1665 2503 viderit,⁴
1692 2471 1731 2497 ib.
1754 2471 1781 2497 A
1803 2471 1832 2497 in

524 2518 638 2543 marga
661 2510 685 2535 b.
762 2517 799 2536 12.
821 2511 867 2536 A:
891 2509 1108 2536 racionalibns.
1184 2507 1220 2536 13.
1243 2510 1270 2535 A
1292 2508 1320 2534 in
1345 2516 1457 2535 marm:
1481 2515 1513 2539 c;
1534 2507 1572 2533 ib.
1589 2508 1633 2534 A:
1653 2505 1833 2533 seminanda

523 2545 622 2582 cleest;
638 2544 678 2570 ib.
694 2544 773 2578 Item,
790 2544 811 2571 Β
826 2544 965 2577 corrigit:
983 2545 1047 2579 ipse
1061 2552 1173 2579 equum
1193 2544 1232 2570 ib.
1248 2528 1516 2570 irracionabiliter
1530 2543 1623 2568 deest.
1696 2549 1744 2568 20.
1760 2542 1788 2568 A
1802 2541 1832 2568 in

522 2587 551 2605 in
583 2587 695 2614 marga
720 2586 747 2605 2.
890 2586 935 2606 22,
959 2580 1003 2605 A:
1044 2578 1119 2605 Vidit
1144 2579 1302 2605 Dominus.
1451 2575 1495 2603 23.
1522 2577 1568 2604 A:
1600 2584 1666 2603 cum
1692 2576 1831 2611 angelus.

523 2621 570 2646 24,
593 2614 633 2640 25.
662 2615 705 2640 A:
731 2614 774 2640 sic
793 2621 858 2640 cum
879 2621 986 2648 opera.
1095 2613 1136 2640 25.
1158 2614 1201 2640 A:
1230 2621 1294 2639 cum
1315 2613 1385 2639 ista.
1494 2619 1537 2647 27.
1558 2612 1586 2638 A
1606 2611 1636 2638 in
1658 2619 1772 2646 marg:
1798 2618 1832 2645 3.

524 2648 560 2674 31.
583 2647 864 2684 Codd.:jbrmam.

599 2722 692 2751 1—3.
722 2720 839 2751 Matth.
868 2722 908 2759 V,
940 2731 964 2751 1.
1085 2719 1116 2751 (ἶ).
1144 2721 1243 2761 Opus
1270 2719 1525 2760 imperfectum.
1559 2719 1592 2748 ln
1621 2717 1831 2749 Matthaeurn

524 2767 627 2796 Hom„
657 2767 707 2805 lx,
741 2778 780 2797 ex
808 2777 881 2808 cap.
908 2768 948 2797 V.
975 2768 1067 2807 Opp.
1094 2774 1176 2797 tom.
1205 2768 1231 2797 V
1259 2767 1328 2802 (ed.
1357 2766 1508 2796 parisina
1536 2765 1619 2804 alu),
1652 2774 1727 2805 pag.
1755 2762 1832 2804 788.

526 2822 577 2842 ²³2.
607 2814 692 2843 (len.
721 2813 741 2851 Ι,
775 2813 824 2852 18,
853 2816 905 2845 31.
1003 2815 1055 2845 23.
1084 2813 1265 2853 Augustini
1294 2813 1385 2853 Opp.
1413 2819 1497 2842 tom.
1526 2812 1580 2848 lv,
1614 2820 1708 2841 1201.
1737 2810 1832 2841 Deus

524 2859 608 2888 nihil
627 2860 721 2900 sarit
748 2861 839 2900 quod
867 2870 932 2889 non
961 2861 1004 2889 ab
1031 2864 1150 2891 eterno
1177 2869 1212 2890 se
1230 2860 1414 2900 facturum
1444 2867 1514 2889 esse
1538 2857 1714 2897 prescivit.

1851 1739 1891 1770 25
