<?xml version="1.0" encoding="UTF-8"?>
<!DOCTYPE html PUBLIC "-//W3C//DTD XHTML 1.0 Transitional//EN"
    "http://www.w3.org/TR/xhtml1/DTD/xhtml1-transitional.dtd">
<html xmlns="http://www.w3.org/1999/xhtml" xml:lang="en" lang="en">
 <head>
  <title>
</title>
<meta http-equiv="Content-Type" content="text/html;charset=utf-8" />
  <meta name='ocr-system' content='tesseract 3.04.00' />
  <meta name='ocr-capabilities' content='ocr_page ocr_carea ocr_par ocr_line ocrx_word'/>
</head>
<body>
  <div class='ocr_page' id='page_1' title='image "./opusevangelicum12wycl/opusevangelicum12wycl_0251.png"; bbox 0 0 2003 3322; ppageno 0'>
   <div class='ocr_carea' id='block_1_1' title="bbox 226 179 1819 233">
    <p class='ocr_par' dir='ltr' id='par_1_1' title="bbox 226 179 1819 233">
     <span class='ocr_line' id='line_1_1' title="bbox 226 179 1819 233; baseline 0.008 -19"><span class='ocrx_word' id='word_1_1' title='bbox 226 187 313 215; x_wconf 79' lang='lat' dir='ltr'>CAP.</span> <span class='ocrx_word' id='word_1_2' title='bbox 333 179 386 233; x_wconf 91' lang='lat'>11.]</span> <span class='ocrx_word' id='word_1_3' title='bbox 703 191 916 222; x_wconf 79' lang='lat' dir='ltr'><strong>SECUNDA</strong></span> <span class='ocrx_word' id='word_1_4' title='bbox 944 190 1069 222; x_wconf 81' lang='lat' dir='ltr'><em>PARs.</em></span> <span class='ocrx_word' id='word_1_5' title='bbox 1748 193 1819 228; x_wconf 81' lang='lat'><em>241</em></span> 
     </span>
    </p>
   </div>
   <div class='ocr_carea' id='block_1_2' title="bbox 172 297 1828 1371">
    <p class='ocr_par' dir='ltr' id='par_1_2' title="bbox 172 297 1828 1371">
     <span class='ocr_line' id='line_1_2' title="bbox 221 297 1540 347; baseline 0.001 -15"><span class='ocrx_word' id='word_1_6' title='bbox 221 308 429 347; x_wconf 78' lang='lat' dir='ltr'><strong><em>personam</em></strong></span> <span class='ocrx_word' id='word_1_7' title='bbox 456 297 533 332; x_wconf 88' lang='lat' dir='ltr'><em>Dei</em></span> <span class='ocrx_word' id='word_1_8' title='bbox 563 297 826 332; x_wconf 83' lang='lat' dir='ltr'><em>tantummodo</em></span> <span class='ocrx_word' id='word_1_9' title='bbox 854 304 1021 345; x_wconf 87' lang='lat' dir='ltr'><em>propter</em></span> <span class='ocrx_word' id='word_1_10' title='bbox 1053 308 1161 345; x_wconf 80' lang='lat' dir='ltr'><em>quenz</em></span> <span class='ocrx_word' id='word_1_11' title='bbox 1183 297 1309 345; x_wconf 82' lang='lat' dir='ltr'><em>facit;</em></span> <span class='ocrx_word' id='word_1_12' title='bbox 1353 298 1436 333; x_wconf 82' lang='lat' dir='ltr'><em>ideo</em></span> <span class='ocrx_word' id='word_1_13' title='bbox 1469 298 1540 333; x_wconf 88' lang='lat' dir='ltr'><em>etsi</em></span> 
     </span>
     <span class='ocr_line' id='line_1_3' title="bbox 227 354 1828 403; baseline -0.001 -12"><span class='ocrx_word' id='word_1_14' title='bbox 227 354 405 401; x_wconf 82' lang='lat' dir='ltr'><em>evenerit,</em></span> <span class='ocrx_word' id='word_1_15' title='bbox 450 361 489 389; x_wconf 84' lang='lat' dir='ltr'><em>nt</em></span> <span class='ocrx_word' id='word_1_16' title='bbox 525 354 748 402; x_wconf 83' lang='lat' dir='ltr'><em>quibusdam</em></span> <span class='ocrx_word' id='word_1_17' title='bbox 782 354 1026 403; x_wconf 77' lang='lat' dir='ltr'><em>presentibus</em></span> <span class='ocrx_word' id='word_1_18' title='bbox 1048 354 1191 402; x_wconf 80' lang='lat' dir='ltr'><em>faciat,</em></span> <span class='ocrx_word' id='word_1_19' title='bbox 1226 362 1351 390; x_wconf 91' lang='lat' dir='ltr'><em>tamen</em></span> <span class='ocrx_word' id='word_1_20' title='bbox 1388 355 1539 391; x_wconf 86' lang='lat' dir='ltr'><em>animus</em></span> <span class='ocrx_word' id='word_1_21' title='bbox 1553 361 1619 389; x_wconf 84' lang='lat' dir='ltr'><em>The</em></span> <span class='ocrx_word' id='word_1_22' title='bbox 1640 362 1828 397; x_wconf 73' lang='lat' dir='ltr'><em>questionis</em></span> 
     </span>
     <span class='ocr_line' id='line_1_4' title="bbox 226 396 1825 467; baseline 0.001 -20"><span class='ocrx_word' id='word_1_23' title='bbox 226 412 304 448; x_wconf 86' lang='lat' dir='ltr'><em>eius</em></span> <span class='ocrx_word' id='word_1_24' title='bbox 341 411 511 448; x_wconf 88' lang='lat' dir='ltr'><em>homines</em></span> <span class='ocrx_word' id='word_1_25' title='bbox 548 412 634 447; x_wconf 91' lang='lat' dir='ltr'><em>illos</em></span> <span class='ocrx_word' id='word_1_26' title='bbox 665 423 738 447; x_wconf 89' lang='lat' dir='ltr'><em>non</em></span> <span class='ocrx_word' id='word_1_27' title='bbox 771 412 883 457; x_wconf 86' lang='lat' dir='ltr'><em>videt,</em></span> <span class='ocrx_word' id='word_1_28' title='bbox 930 412 1000 447; x_wconf 89' lang='lat' dir='ltr'><em>etsi</em></span> <span class='ocrx_word' id='word_1_29' title='bbox 1041 412 1121 460; x_wconf 87' lang='lat' dir='ltr'><em>ipse</em></span> <span class='ocrx_word' id='word_1_30' title='bbox 1166 412 1344 447; x_wconf 84' lang='lat' dir='ltr'><em>videatur</em></span> <span class='ocrx_word' id='word_1_31' title='bbox 1381 413 1427 448; x_wconf 90' lang='lat' dir='ltr'><em>ab</em></span> <span class='ocrx_word' id='word_1_32' title='bbox 1466 413 1540 458; x_wconf 84' lang='lat' dir='ltr'><em>eis‚·</em></span> <span class='ocrx_word' id='word_1_33' title='bbox 1559 396 1825 467; x_wconf 38' lang='lat' dir='ltr'><em>arffffffissffinvgeof</em></span> 
     </span>
     <span class='ocr_line' id='line_1_5' title="bbox 226 465 1825 528; baseline 0.001 -23"><span class='ocrx_word' id='word_1_34' title='bbox 226 481 415 518; x_wconf 84' lang='lat' dir='ltr'><em>nunquam</em></span> <span class='ocrx_word' id='word_1_35' title='bbox 454 469 629 505; x_wconf 79' lang='lat' dir='ltr'><em>transisti</em></span> <span class='ocrx_word' id='word_1_36' title='bbox 654 481 729 517; x_wconf 91' lang='lat' dir='ltr'><em>per</em></span> <span class='ocrx_word' id='word_1_37' title='bbox 770 469 869 504; x_wconf 87' lang='lat' dir='ltr'><em>viam</em></span> <span class='ocrx_word' id='word_1_38' title='bbox 902 469 1049 517; x_wconf 79' lang='lat' dir='ltr'><em>aliquid</em></span> <span class='ocrx_word' id='word_1_39' title='bbox 1079 470 1255 519; x_wconf 84' lang='lat' dir='ltr'><em>cogitans</em></span> <span class='ocrx_word' id='word_1_40' title='bbox 1287 477 1321 505; x_wconf 90' lang='lat' dir='ltr'><em>et</em></span> <span class='ocrx_word' id='word_1_41' title='bbox 1353 483 1374 505; x_wconf 92' lang='lat' dir='ltr'><em>a</em></span> <span class='ocrx_word' id='word_1_42' title='bbox 1409 471 1538 506; x_wconf 82' lang='lat' dir='ltr'><em>maltis</em></span> <span class='ocrx_word' id='word_1_43' title='bbox 1554 465 1825 528; x_wconf 45' lang='lat' dir='ltr'><em>mgp’gfaggffival</em></span> 
     </span>
     <span class='ocr_line' id='line_1_6' title="bbox 194 522 1796 576; baseline 0.001 -15"><span class='ocrx_word' id='word_1_44' title='bbox 194 527 377 576; x_wconf 79' lang='lat' dir='ltr'><em>5quidem</em></span> <span class='ocrx_word' id='word_1_45' title='bbox 401 527 614 562; x_wconf 87' lang='lat' dir='ltr'><em>hominibus</em></span> <span class='ocrx_word' id='word_1_46' title='bbox 638 527 740 562; x_wconf 85' lang='lat' dir='ltr'><em>visus</em></span> <span class='ocrx_word' id='word_1_47' title='bbox 766 539 818 573; x_wconf 89' lang='lat' dir='ltr'><em>es,</em></span> <span class='ocrx_word' id='word_1_48' title='bbox 843 527 922 575; x_wconf 88' lang='lat' dir='ltr'><em>ipse</em></span> <span class='ocrx_word' id='word_1_49' title='bbox 943 534 1069 562; x_wconf 85' lang='lat' dir='ltr'><em>autem</em></span> <span class='ocrx_word' id='word_1_50' title='bbox 1093 527 1240 563; x_wconf 85' lang='lat' dir='ltr'><em>nullum</em></span> <span class='ocrx_word' id='word_1_51' title='bbox 1264 528 1399 564; x_wconf 88' lang='lat' dir='ltr'><em>vidisti</em></span> <span class='ocrx_word' id='word_1_52' title='bbox 1418 529 1536 563; x_wconf 90' lang='lat' dir='ltr'><em>inten-</em></span> <span class='ocrx_word' id='word_1_53' title='bbox 1790 522 1796 528; x_wconf 55' lang='lat'><em>⁶</em></span> 
     </span>
     <span class='ocr_line' id='line_1_7' title="bbox 227 584 1539 634; baseline 0 -13"><span class='ocrx_word' id='word_1_54' title='bbox 227 586 319 621; x_wconf 90' lang='lat' dir='ltr'><em>dens</em></span> <span class='ocrx_word' id='word_1_55' title='bbox 351 584 385 620; x_wconf 91' lang='lat' dir='ltr'><em>in</em></span> <span class='ocrx_word' id='word_1_56' title='bbox 419 585 458 620; x_wconf 85' lang='lat' dir='ltr'><em>id</em></span> <span class='ocrx_word' id='word_1_57' title='bbox 484 585 586 633; x_wconf 79' lang='lat' dir='ltr'><em>quod</em></span> <span class='ocrx_word' id='word_1_58' title='bbox 608 584 831 633; x_wconf 72' lang='lat' dir='ltr'><em>cogitabas;</em></span> <span class='ocrx_word' id='word_1_59' title='bbox 861 584 947 633; x_wconf 83' lang='lat' dir='ltr'><em>quia</em></span> <span class='ocrx_word' id='word_1_60' title='bbox 971 585 1121 620; x_wconf 82' lang='lat' dir='ltr'><em>animus</em></span> <span class='ocrx_word' id='word_1_61' title='bbox 1142 585 1224 621; x_wconf 89' lang='lat' dir='ltr'><em>sine</em></span> <span class='ocrx_word' id='word_1_62' title='bbox 1246 597 1411 634; x_wconf 86' lang='lat' dir='ltr'><em>corpore</em></span> <span class='ocrx_word' id='word_1_63' title='bbox 1434 586 1539 634; x_wconf 86' lang='lat' dir='ltr'><em>apud</em></span> 
     </span>
     <span class='ocr_line' id='line_1_8' title="bbox 225 642 1539 692; baseline 0.001 -14"><span class='ocrx_word' id='word_1_64' title='bbox 225 655 264 679; x_wconf 91' lang='lat' dir='ltr'><em>se</em></span> <span class='ocrx_word' id='word_1_65' title='bbox 303 642 426 691; x_wconf 84' lang='lat' dir='ltr'><em>ipsum</em></span> <span class='ocrx_word' id='word_1_66' title='bbox 460 649 586 691; x_wconf 90' lang='lat' dir='ltr'><em>potest</em></span> <span class='ocrx_word' id='word_1_67' title='bbox 629 642 761 678; x_wconf 91' lang='lat' dir='ltr'><em>videre</em></span> <span class='ocrx_word' id='word_1_68' title='bbox 790 643 894 691; x_wconf 82' lang='lat' dir='ltr'><em>quod</em></span> <span class='ocrx_word' id='word_1_69' title='bbox 924 642 1081 692; x_wconf 73' lang='lat' dir='ltr'><em>cogitat,</em></span> <span class='ocrx_word' id='word_1_70' title='bbox 1127 655 1268 692; x_wconf 83' lang='lat' dir='ltr'><em>corpus</em></span> <span class='ocrx_word' id='word_1_71' title='bbox 1301 651 1426 679; x_wconf 86' lang='lat' dir='ltr'><em>autem</em></span> <span class='ocrx_word' id='word_1_72' title='bbox 1459 643 1539 679; x_wconf 90' lang='lat' dir='ltr'><em>sine</em></span> 
     </span>
     <span class='ocr_line' id='line_1_9' title="bbox 225 700 1538 749; baseline 0 -13"><span class='ocrx_word' id='word_1_73' title='bbox 225 700 352 736; x_wconf 89' lang='lat' dir='ltr'><em>animo</em></span> <span class='ocrx_word' id='word_1_74' title='bbox 384 700 501 735; x_wconf 84' lang='lat' dir='ltr'><em>nichil</em></span> <span class='ocrx_word' id='word_1_75' title='bbox 524 706 652 749; x_wconf 87' lang='lat' dir='ltr'><em>potest</em></span> <span class='ocrx_word' id='word_1_76' title='bbox 684 700 826 736; x_wconf 89' lang='lat' dir='ltr'><em>videre.</em></span> <span class='ocrx_word' id='word_1_77' title='bbox 867 700 982 749; x_wconf 79' lang='lat' dir='ltr'><em>Ergo</em></span> <span class='ocrx_word' id='word_1_78' title='bbox 1014 700 1193 736; x_wconf 90' lang='lat' dir='ltr'><em>similiter</em></span> <span class='ocrx_word' id='word_1_79' title='bbox 1224 708 1259 736; x_wconf 85' lang='lat' dir='ltr'><em>et</em></span> <span class='ocrx_word' id='word_1_80' title='bbox 1291 713 1310 736; x_wconf 92' lang='lat' dir='ltr'><em>e</em></span> <span class='ocrx_word' id='word_1_81' title='bbox 1341 701 1538 737; x_wconf 89' lang='lat' dir='ltr'><em>contrario</em></span> 
     </span>
     <span class='ocr_line' id='line_1_10' title="bbox 220 757 1536 807; baseline 0 -13"><span class='ocrx_word' id='word_1_82' title='bbox 220 765 347 807; x_wconf 90' lang='lat' dir='ltr'><em>potest</em></span> <span class='ocrx_word' id='word_1_83' title='bbox 373 758 471 807; x_wconf 89' lang='lat' dir='ltr'><em>fieri</em></span> <span class='ocrx_word' id='word_1_84' title='bbox 508 765 547 793; x_wconf 87' lang='lat' dir='ltr'><em>ut</em></span> <span class='ocrx_word' id='word_1_85' title='bbox 585 757 668 805; x_wconf 83' lang='lat' dir='ltr'><em>quis</em></span> <span class='ocrx_word' id='word_1_86' title='bbox 707 757 824 793; x_wconf 87' lang='lat' dir='ltr'><em>eciam</em></span> <span class='ocrx_word' id='word_1_87' title='bbox 864 757 980 793; x_wconf 86' lang='lat' dir='ltr'><em>nullis</em></span> <span class='ocrx_word' id='word_1_88' title='bbox 1013 758 1258 806; x_wconf 80' lang='lat' dir='ltr'><em>presentibus</em></span> <span class='ocrx_word' id='word_1_89' title='bbox 1290 759 1536 794; x_wconf 78' lang='lat' dir='ltr'><em>elemosinam</em></span> 
     </span>
     <span class='ocr_line' id='line_1_11' title="bbox 172 815 1537 865; baseline 0.002 -16"><span class='ocrx_word' id='word_1_90' title='bbox 172 815 345 865; x_wconf 80' lang='lat' dir='ltr'><em>1osaciat</em></span> <span class='ocrx_word' id='word_1_91' title='bbox 377 823 411 851; x_wconf 90' lang='lat' dir='ltr'><em>et</em></span> <span class='ocrx_word' id='word_1_92' title='bbox 443 822 568 851; x_wconf 90' lang='lat' dir='ltr'><em>tamen</em></span> <span class='ocrx_word' id='word_1_93' title='bbox 596 815 840 863; x_wconf 82' lang='lat' dir='ltr'><em>presentibus</em></span> <span class='ocrx_word' id='word_1_94' title='bbox 868 815 1083 851; x_wconf 81' lang='lat' dir='ltr'><em>hominibus</em></span> <span class='ocrx_word' id='word_1_95' title='bbox 1106 815 1286 851; x_wconf 83' lang='lat' dir='ltr'><em>videatur</em></span> <span class='ocrx_word' id='word_1_96' title='bbox 1298 816 1466 864; x_wconf 88' lang='lat' dir='ltr'><em>fecisse;</em></span> <span class='ocrx_word' id='word_1_97' title='bbox 1497 824 1537 852; x_wconf 88' lang='lat' dir='ltr'><em>ut</em></span> 
     </span>
     <span class='ocr_line' id='line_1_12' title="bbox 221 873 1538 923; baseline 0.001 -15"><span class='ocrx_word' id='word_1_98' title='bbox 221 881 316 923; x_wconf 84' lang='lat' dir='ltr'><em>puta</em></span> <span class='ocrx_word' id='word_1_99' title='bbox 356 873 420 921; x_wconf 80' lang='lat' dir='ltr'><em>qui</em></span> <span class='ocrx_word' id='word_1_100' title='bbox 445 880 611 922; x_wconf 89' lang='lat' dir='ltr'><em>propter</em></span> <span class='ocrx_word' id='word_1_101' title='bbox 654 873 825 908; x_wconf 87' lang='lat' dir='ltr'><em>homines</em></span> <span class='ocrx_word' id='word_1_102' title='bbox 856 873 1101 908; x_wconf 83' lang='lat' dir='ltr'><em>elemosinam</em></span> <span class='ocrx_word' id='word_1_103' title='bbox 1124 874 1242 921; x_wconf 82' lang='lat' dir='ltr'><em>facit,</em></span> <span class='ocrx_word' id='word_1_104' title='bbox 1291 874 1330 909; x_wconf 86' lang='lat' dir='ltr'><em>id</em></span> <span class='ocrx_word' id='word_1_105' title='bbox 1362 881 1429 919; x_wconf 89' lang='lat' dir='ltr'><em>est,</em></span> <span class='ocrx_word' id='word_1_106' title='bbox 1474 874 1538 922; x_wconf 79' lang='lat' dir='ltr'><em>qni</em></span> 
     </span>
     <span class='ocr_line' id='line_1_13' title="bbox 226 930 1535 980; baseline 0.001 -14"><span class='ocrx_word' id='word_1_107' title='bbox 226 930 420 967; x_wconf 78' lang='lat' dir='ltr'><em>desiderat</em></span> <span class='ocrx_word' id='word_1_108' title='bbox 460 938 499 966; x_wconf 83' lang='lat' dir='ltr'><em>nt</em></span> <span class='ocrx_word' id='word_1_109' title='bbox 530 931 576 966; x_wconf 91' lang='lat' dir='ltr'><em>ab</em></span> <span class='ocrx_word' id='word_1_110' title='bbox 609 930 822 966; x_wconf 81' lang='lat' dir='ltr'><em>hominibus</em></span> <span class='ocrx_word' id='word_1_111' title='bbox 854 931 1033 966; x_wconf 81' lang='lat' dir='ltr'><em>videatur</em></span> <span class='ocrx_word' id='word_1_112' title='bbox 1063 943 1219 980; x_wconf 86' lang='lat' dir='ltr'><em>semper</em></span> <span class='ocrx_word' id='word_1_113' title='bbox 1249 931 1285 967; x_wconf 91' lang='lat' dir='ltr'><em>in</em></span> <span class='ocrx_word' id='word_1_114' title='bbox 1319 933 1437 967; x_wconf 89' lang='lat' dir='ltr'><em>corde</em></span> <span class='ocrx_word' id='word_1_115' title='bbox 1467 944 1535 967; x_wconf 85' lang='lat' dir='ltr'><em>suo</em></span> 
     </span>
     <span class='ocr_line' id='line_1_14' title="bbox 220 988 1538 1038; baseline 0.001 -14"><span class='ocrx_word' id='word_1_116' title='bbox 220 995 409 1038; x_wconf 82' lang='lat' dir='ltr'><em>personas</em></span> <span class='ocrx_word' id='word_1_117' title='bbox 447 988 639 1024; x_wconf 85' lang='lat' dir='ltr'><em>hominum</em></span> <span class='ocrx_word' id='word_1_118' title='bbox 687 988 809 1033; x_wconf 89' lang='lat' dir='ltr'><em>videt;</em></span> <span class='ocrx_word' id='word_1_119' title='bbox 852 988 936 1024; x_wconf 89' lang='lat' dir='ltr'><em>ideo</em></span> <span class='ocrx_word' id='word_1_120' title='bbox 974 988 1045 1024; x_wconf 81' lang='lat' dir='ltr'><em>etsi</em></span> <span class='ocrx_word' id='word_1_121' title='bbox 1087 989 1255 1025; x_wconf 82' lang='lat' dir='ltr'><em>evenerit</em></span> <span class='ocrx_word' id='word_1_122' title='bbox 1301 996 1341 1024; x_wconf 85' lang='lat' dir='ltr'><em>ut</em></span> <span class='ocrx_word' id='word_1_123' title='bbox 1363 989 1538 1038; x_wconf 85' lang='lat' dir='ltr'><em>faciente</em></span> 
     </span>
     <span class='ocr_line' id='line_1_15' title="bbox 225 1046 1537 1095; baseline 0.001 -13"><span class='ocrx_word' id='word_1_124' title='bbox 225 1058 267 1082; x_wconf 90' lang='lat' dir='ltr'><em>eo</em></span> <span class='ocrx_word' id='word_1_125' title='bbox 311 1046 439 1081; x_wconf 82' lang='lat' dir='ltr'><em>nullus</em></span> <span class='ocrx_word' id='word_1_126' title='bbox 481 1046 530 1082; x_wconf 92' lang='lat' dir='ltr'><em>sit</em></span> <span class='ocrx_word' id='word_1_127' title='bbox 569 1057 745 1095; x_wconf 82' lang='lat' dir='ltr'><em>presens,</em></span> <span class='ocrx_word' id='word_1_128' title='bbox 795 1053 920 1082; x_wconf 88' lang='lat' dir='ltr'><em>tamen</em></span> <span class='ocrx_word' id='word_1_129' title='bbox 965 1058 1097 1082; x_wconf 85' lang='lat' dir='ltr'><em>coram</em></span> <span class='ocrx_word' id='word_1_130' title='bbox 1142 1047 1355 1083; x_wconf 83' lang='lat' dir='ltr'><em>hominibus</em></span> <span class='ocrx_word' id='word_1_131' title='bbox 1389 1047 1537 1095; x_wconf 85' lang='lat' dir='ltr'><em>fecisse</em></span> 
     </span>
     <span class='ocr_line' id='line_1_16' title="bbox 172 1104 1534 1152; baseline 0.002 -15"><span class='ocrx_word' id='word_1_132' title='bbox 172 1105 208 1137; x_wconf 84' lang='lat'><em>15</em></span> <span class='ocrx_word' id='word_1_133' title='bbox 225 1104 390 1150; x_wconf 84' lang='lat' dir='ltr'><em>videtur,</em></span> <span class='ocrx_word' id='word_1_134' title='bbox 459 1104 546 1152; x_wconf 80' lang='lat' dir='ltr'><em>quia</em></span> <span class='ocrx_word' id='word_1_135' title='bbox 607 1116 675 1139; x_wconf 90' lang='lat' dir='ltr'><em>cor</em></span> <span class='ocrx_word' id='word_1_136' title='bbox 735 1104 814 1139; x_wconf 88' lang='lat' dir='ltr'><em>eius</em></span> <span class='ocrx_word' id='word_1_137' title='bbox 874 1116 1028 1152; x_wconf 87' lang='lat' dir='ltr'><em>semper</em></span> <span class='ocrx_word' id='word_1_138' title='bbox 1083 1116 1274 1152; x_wconf 87' lang='lat' dir='ltr'><em>personas</em></span> <span class='ocrx_word' id='word_1_139' title='bbox 1341 1105 1534 1140; x_wconf 85' lang='lat' dir='ltr'><em>hominum</em></span> 
     </span>
     <span class='ocr_line' id='line_1_17' title="bbox 226 1161 1534 1211; baseline 0.001 -15"><span class='ocrx_word' id='word_1_140' title='bbox 226 1161 388 1208; x_wconf 85' lang='lat' dir='ltr'><em>videbat,</em></span> <span class='ocrx_word' id='word_1_141' title='bbox 433 1161 599 1209; x_wconf 83' lang='lat' dir='ltr'><em>alioquin</em></span> <span class='ocrx_word' id='word_1_142' title='bbox 638 1162 852 1197; x_wconf 83' lang='lat' dir='ltr'><em>mercedem</em></span> <span class='ocrx_word' id='word_1_143' title='bbox 897 1173 969 1197; x_wconf 90' lang='lat' dir='ltr'><em>non</em></span> <span class='ocrx_word' id='word_1_144' title='bbox 1008 1161 1193 1198; x_wconf 84' lang='lat' dir='ltr'><em>habebitis</em></span> <span class='ocrx_word' id='word_1_145' title='bbox 1236 1163 1341 1211; x_wconf 84' lang='lat' dir='ltr'><em>apud</em></span> <span class='ocrx_word' id='word_1_146' title='bbox 1380 1170 1534 1211; x_wconf 86' lang='lat' dir='ltr'><em>patrem</em></span> 
     </span>
     <span class='ocr_line' id='line_1_18' title="bbox 226 1225 408 1255; baseline 0.005 -1"><span class='ocrx_word' id='word_1_147' title='bbox 226 1225 408 1255; x_wconf 85' lang='lat' dir='ltr'><em>vestrum.</em></span> 
     </span>
     <span class='ocr_line' id='line_1_19' title="bbox 284 1277 1812 1326; baseline 0.001 -14"><span class='ocrx_word' id='word_1_148' title='bbox 284 1277 337 1312; x_wconf 90' lang='lat' dir='ltr'><em>Et</em></span> <span class='ocrx_word' id='word_1_149' title='bbox 380 1277 603 1312; x_wconf 86' lang='lat' dir='ltr'><em>mandatum</em></span> <span class='ocrx_word' id='word_1_150' title='bbox 650 1277 719 1313; x_wconf 86' lang='lat' dir='ltr'><em>dat</em></span> <span class='ocrx_word' id='word_1_151' title='bbox 762 1284 796 1312; x_wconf 87' lang='lat' dir='ltr'><em>et</em></span> <span class='ocrx_word' id='word_1_152' title='bbox 836 1289 976 1325; x_wconf 87' lang='lat' dir='ltr'><em>penam</em></span> <span class='ocrx_word' id='word_1_153' title='bbox 1016 1278 1201 1326; x_wconf 85' lang='lat' dir='ltr'><em>proponit</em></span> <span class='ocrx_word' id='word_1_154' title='bbox 1245 1285 1284 1313; x_wconf 83' lang='lat' dir='ltr'><em>ut</em></span> <span class='ocrx_word' id='word_1_155' title='bbox 1329 1279 1532 1314; x_wconf 89' lang='lat' dir='ltr'><em>vanitatem</em></span> <span class='ocrx_word' id='word_1_156' title='bbox 1559 1285 1812 1325; x_wconf 64' lang='lat' dir='ltr'><em>Tl1e90mmand</em></span> 
     </span>
     <span class='ocr_line' id='line_1_20' title="bbox 227 1328 1799 1371; baseline 0.001 -2"><span class='ocrx_word' id='word_1_157' title='bbox 227 1334 433 1370; x_wconf 80' lang='lat' dir='ltr'><em>humanam</em></span> <span class='ocrx_word' id='word_1_158' title='bbox 473 1334 544 1370; x_wconf 92' lang='lat' dir='ltr'><em>etsi</em></span> <span class='ocrx_word' id='word_1_159' title='bbox 573 1346 645 1370; x_wconf 92' lang='lat' dir='ltr'><em>non</em></span> <span class='ocrx_word' id='word_1_160' title='bbox 678 1346 791 1370; x_wconf 89' lang='lat' dir='ltr'><em>amor</em></span> <span class='ocrx_word' id='word_1_161' title='bbox 822 1334 966 1370; x_wconf 79' lang='lat' dir='ltr'><em>iusticie</em></span> <span class='ocrx_word' id='word_1_162' title='bbox 997 1341 1121 1371; x_wconf 89' lang='lat' dir='ltr'><em>teneat</em></span> <span class='ocrx_word' id='word_1_163' title='bbox 1154 1336 1214 1371; x_wconf 86' lang='lat' dir='ltr'><em>vel</em></span> <span class='ocrx_word' id='word_1_164' title='bbox 1247 1336 1383 1371; x_wconf 88' lang='lat' dir='ltr'><em>saltem</em></span> <span class='ocrx_word' id='word_1_165' title='bbox 1419 1336 1536 1371; x_wconf 87' lang='lat' dir='ltr'><em>timor</em></span> <span class='ocrx_word' id='word_1_166' title='bbox 1573 1328 1598 1347; x_wconf 70' lang='lat'><em>¹⁵</em></span> <span class='ocrx_word' id='word_1_167' title='bbox 1619 1328 1708 1356; x_wconf 82' lang='lat' dir='ltr'><em>g1ven</em></span> <span class='ocrx_word' id='word_1_168' title='bbox 1730 1329 1763 1347; x_wconf 83' lang='lat' dir='ltr'><em>as</em></span> <span class='ocrx_word' id='word_1_169' title='bbox 1783 1329 1799 1347; x_wconf 68' lang='lat'>³</span> 
     </span>
    </p>
   </div>
   <div class='ocr_carea' id='block_1_3' title="bbox 170 1355 1823 1441">
    <p class='ocr_par' dir='ltr' id='par_1_3' title="bbox 170 1355 1823 1441">
     <span class='ocr_line' id='line_1_21' title="bbox 1567 1355 1811 1382; baseline 0 0"><span class='ocrx_word' id='word_1_170' title='bbox 1567 1355 1710 1382; x_wconf 81' lang='lat' dir='ltr'><em>restraint</em></span> <span class='ocrx_word' id='word_1_171' title='bbox 1729 1364 1747 1382; x_wconf 94' lang='lat' dir='ltr'>u</span> <span class='ocrx_word' id='word_1_172' title='bbox 1772 1363 1811 1382; x_wconf 88' lang='lat' dir='ltr'><em>on</em></span> 
     </span>
     <span class='ocr_line' id='line_1_22' title="bbox 170 1363 1823 1441; baseline 0.002 -15"><span class='ocrx_word' id='word_1_173' title='bbox 170 1405 212 1426; x_wconf 87' lang='lat'><em>20</em></span> <span class='ocrx_word' id='word_1_174' title='bbox 228 1392 386 1441; x_wconf 87' lang='lat' dir='ltr'><em>dampni</em></span> <span class='ocrx_word' id='word_1_175' title='bbox 430 1392 615 1440; x_wconf 87' lang='lat' dir='ltr'><em>refrenet.</em></span> <span class='ocrx_word' id='word_1_176' title='bbox 673 1392 752 1428; x_wconf 84' lang='lat' dir='ltr'><em>Scit</em></span> <span class='ocrx_word' id='word_1_177' title='bbox 798 1392 895 1428; x_wconf 87' lang='lat' dir='ltr'><em>enim</em></span> <span class='ocrx_word' id='word_1_178' title='bbox 941 1393 1171 1428; x_wconf 80' lang='lat' dir='ltr'><em>vanitatibus</em></span> <span class='ocrx_word' id='word_1_179' title='bbox 1211 1394 1402 1429; x_wconf 78' lang='lat' dir='ltr'><em>subditam</em></span> <span class='ocrx_word' id='word_1_180' title='bbox 1454 1390 1662 1429; x_wconf 61' lang='lat' dir='ltr'><em>essevanity,</em></span> <span class='ocrx_word' id='word_1_181' title='bbox 1677 1394 1707 1416; x_wconf 86' lang='lat' dir='ltr'><em>to</em></span> <span class='ocrx_word' id='word_1_182' title='bbox 1722 1363 1823 1417; x_wconf 51' lang='lat' dir='ltr'>wssich</span> 
     </span>
    </p>
   </div>
   <div class='ocr_carea' id='block_1_4' title="bbox 103 1424 1807 2596">
    <p class='ocr_par' dir='ltr' id='par_1_4' title="bbox 103 1424 1807 2596">
     <span class='ocr_line' id='line_1_23' title="bbox 226 1424 1807 1499; baseline 0.001 -14"><span class='ocrx_word' id='word_1_183' title='bbox 226 1450 356 1486; x_wconf 88' lang='lat' dir='ltr'><em>carnis</em></span> <span class='ocrx_word' id='word_1_184' title='bbox 395 1457 587 1495; x_wconf 83' lang='lat' dir='ltr'><em>naturam,</em></span> <span class='ocrx_word' id='word_1_185' title='bbox 632 1449 718 1497; x_wconf 81' lang='lat' dir='ltr'><em>quia</em></span> <span class='ocrx_word' id='word_1_186' title='bbox 757 1450 879 1485; x_wconf 89' lang='lat' dir='ltr'><em>omnis</em></span> <span class='ocrx_word' id='word_1_187' title='bbox 917 1450 1030 1486; x_wconf 89' lang='lat' dir='ltr'><em>homo</em></span> <span class='ocrx_word' id='word_1_188' title='bbox 1068 1459 1249 1499; x_wconf 79' lang='lat' dir='ltr'><em>quantum</em></span> <span class='ocrx_word' id='word_1_189' title='bbox 1288 1452 1340 1486; x_wconf 90' lang='lat' dir='ltr'><em>ad</em></span> <span class='ocrx_word' id='word_1_190' title='bbox 1377 1463 1532 1487; x_wconf 89' lang='lat' dir='ltr'><em>carnem</em></span> <span class='ocrx_word' id='word_1_191' title='bbox 1573 1424 1807 1495; x_wconf 44' lang='lat' dir='ltr'><em>alxiigrsflssgiids</em></span> 
     </span>
     <span class='ocr_line' id='line_1_24' title="bbox 227 1507 1537 1558; baseline 0.002 -16"><span class='ocrx_word' id='word_1_192' title='bbox 227 1508 440 1543; x_wconf 86' lang='lat' dir='ltr'><em>delectatur</em></span> <span class='ocrx_word' id='word_1_193' title='bbox 477 1507 692 1543; x_wconf 84' lang='lat' dir='ltr'><em>hominibus</em></span> <span class='ocrx_word' id='word_1_194' title='bbox 729 1519 932 1556; x_wconf 86' lang='lat' dir='ltr'><em>apparere.</em></span> <span class='ocrx_word' id='word_1_195' title='bbox 978 1508 1065 1544; x_wconf 92' lang='lat' dir='ltr'><em>Non</em></span> <span class='ocrx_word' id='word_1_196' title='bbox 1098 1508 1194 1544; x_wconf 87' lang='lat' dir='ltr'><em>enim</em></span> <span class='ocrx_word' id='word_1_197' title='bbox 1223 1516 1350 1557; x_wconf 88' lang='lat' dir='ltr'><em>potest</em></span> <span class='ocrx_word' id='word_1_198' title='bbox 1370 1509 1469 1558; x_wconf 89' lang='lat' dir='ltr'><em>fieri</em></span> <span class='ocrx_word' id='word_1_199' title='bbox 1499 1516 1537 1544; x_wconf 84' lang='lat' dir='ltr'><em>nt</em></span> 
     </span>
     <span class='ocr_line' id='line_1_25' title="bbox 226 1564 1539 1613; baseline 0.001 -12"><span class='ocrx_word' id='word_1_200' title='bbox 226 1577 318 1602; x_wconf 88' lang='lat' dir='ltr'><em>caro</em></span> <span class='ocrx_word' id='word_1_201' title='bbox 336 1573 424 1601; x_wconf 90' lang='lat' dir='ltr'><em>nata</em></span> <span class='ocrx_word' id='word_1_202' title='bbox 444 1564 490 1601; x_wconf 90' lang='lat' dir='ltr'><em>de</em></span> <span class='ocrx_word' id='word_1_203' title='bbox 508 1565 675 1601; x_wconf 83' lang='lat' dir='ltr'><em>vanitate</em></span> <span class='ocrx_word' id='word_1_204' title='bbox 692 1577 764 1600; x_wconf 93' lang='lat' dir='ltr'><em>non</em></span> <span class='ocrx_word' id='word_1_205' title='bbox 786 1565 835 1601; x_wconf 93' lang='lat' dir='ltr'><em>sit</em></span> <span class='ocrx_word' id='word_1_206' title='bbox 859 1565 1037 1601; x_wconf 86' lang='lat' dir='ltr'><em>vanitatis</em></span> <span class='ocrx_word' id='word_1_207' title='bbox 1059 1566 1247 1613; x_wconf 74' lang='lat' dir='ltr'><em>amatrix,</em></span> <span class='ocrx_word' id='word_1_208' title='bbox 1272 1579 1338 1602; x_wconf 85' lang='lat' dir='ltr'><em>nec</em></span> <span class='ocrx_word' id='word_1_209' title='bbox 1362 1567 1539 1603; x_wconf 84' lang='lat' dir='ltr'><em>dominus</em></span> 
     </span>
     <span class='ocr_line' id='line_1_26' title="bbox 226 1624 1540 1672; baseline 0.002 -14"><span class='ocrx_word' id='word_1_210' title='bbox 226 1630 463 1659; x_wconf 88' lang='lat' dir='ltr'><em>ammoneret</em></span> <span class='ocrx_word' id='word_1_211' title='bbox 508 1635 587 1668; x_wconf 85' lang='lat' dir='ltr'><em>nos,</em></span> <span class='ocrx_word' id='word_1_212' title='bbox 634 1630 673 1658; x_wconf 87' lang='lat' dir='ltr'><em>ut</em></span> <span class='ocrx_word' id='word_1_213' title='bbox 717 1635 762 1658; x_wconf 91' lang='lat' dir='ltr'><em>ne</em></span> <span class='ocrx_word' id='word_1_214' title='bbox 805 1635 937 1659; x_wconf 89' lang='lat' dir='ltr'><em>coram</em></span> <span class='ocrx_word' id='word_1_215' title='bbox 985 1624 1199 1659; x_wconf 83' lang='lat' dir='ltr'><em>hominibus</em></span> <span class='ocrx_word' id='word_1_216' title='bbox 1227 1624 1429 1672; x_wconf 85' lang='lat' dir='ltr'><em>faciamus</em></span> <span class='ocrx_word' id='word_1_217' title='bbox 1467 1625 1540 1660; x_wconf 89' lang='lat' dir='ltr'><em>nisi</em></span> 
     </span>
     <span class='ocr_line' id='line_1_27' title="bbox 170 1681 1538 1730; baseline 0.004 -17"><span class='ocrx_word' id='word_1_218' title='bbox 170 1681 340 1717; x_wconf 85' lang='lat' dir='ltr'><em>25sciret</em></span> <span class='ocrx_word' id='word_1_219' title='bbox 373 1693 502 1716; x_wconf 88' lang='lat' dir='ltr'><em>omnes</em></span> <span class='ocrx_word' id='word_1_220' title='bbox 524 1681 693 1717; x_wconf 88' lang='lat' dir='ltr'><em>homines</em></span> <span class='ocrx_word' id='word_1_221' title='bbox 726 1681 822 1716; x_wconf 92' lang='lat' dir='ltr'><em>velle</em></span> <span class='ocrx_word' id='word_1_222' title='bbox 854 1692 985 1716; x_wconf 89' lang='lat' dir='ltr'><em>coram</em></span> <span class='ocrx_word' id='word_1_223' title='bbox 1010 1681 1223 1717; x_wconf 84' lang='lat' dir='ltr'><em>hominibus</em></span> <span class='ocrx_word' id='word_1_224' title='bbox 1246 1682 1400 1730; x_wconf 85' lang='lat' dir='ltr'><em>facere.</em></span> <span class='ocrx_word' id='word_1_225' title='bbox 1443 1683 1538 1726; x_wconf 80' lang='lat' dir='ltr'><em>Quis</em></span> 
     </span>
     <span class='ocr_line' id='line_1_28' title="bbox 103 1736 1539 1793; baseline 0.002 -20"><span class='ocrx_word' id='word_1_226' title='bbox 103 1740 184 1773; x_wconf 62' lang='lat'>&#39;380⁵</span> <span class='ocrx_word' id='word_1_227' title='bbox 227 1739 384 1775; x_wconf 85' lang='lat' dir='ltr'><em>mandat</em></span> <span class='ocrx_word' id='word_1_228' title='bbox 432 1738 548 1775; x_wconf 85' lang='lat' dir='ltr'><em>alicui</em></span> <span class='ocrx_word' id='word_1_229' title='bbox 596 1751 641 1774; x_wconf 88' lang='lat' dir='ltr'><em>ne</em></span> <span class='ocrx_word' id='word_1_230' title='bbox 678 1738 896 1786; x_wconf 86' lang='lat' dir='ltr'><em>forniceris</em></span> <span class='ocrx_word' id='word_1_231' title='bbox 939 1739 1012 1774; x_wconf 88' lang='lat' dir='ltr'><em>nisi</em></span> <span class='ocrx_word' id='word_1_232' title='bbox 1054 1751 1162 1787; x_wconf 81' lang='lat' dir='ltr'><em>quenz</em></span> <span class='ocrx_word' id='word_1_233' title='bbox 1206 1739 1386 1790; x_wconf 80' lang='lat' dir='ltr'><em>intelligit</em></span> <span class='ocrx_word' id='word_1_234' title='bbox 1420 1736 1424 1793; x_wconf 85' lang='grc' dir='ltr'>Ι</span> <span class='ocrx_word' id='word_1_235' title='bbox 1459 1752 1539 1776; x_wconf 87' lang='lat' dir='ltr'><em>esse</em></span> 
     </span>
     <span class='ocr_line' id='line_1_29' title="bbox 226 1796 1535 1846; baseline 0.002 -15"><span class='ocrx_word' id='word_1_236' title='bbox 226 1796 443 1832; x_wconf 75' lang='lat' dir='ltr'><em>lascivum?</em></span> <span class='ocrx_word' id='word_1_237' title='bbox 480 1796 574 1840; x_wconf 79' lang='lat' dir='ltr'><em>Quis</em></span> <span class='ocrx_word' id='word_1_238' title='bbox 596 1796 754 1832; x_wconf 88' lang='lat' dir='ltr'><em>mandat</em></span> <span class='ocrx_word' id='word_1_239' title='bbox 781 1796 917 1832; x_wconf 82' lang='lat' dir='ltr'><em>alicui:</em></span> <span class='ocrx_word' id='word_1_240' title='bbox 948 1797 1077 1833; x_wconf 88' lang='lat' dir='ltr'><em>Nolite</em></span> <span class='ocrx_word' id='word_1_241' title='bbox 1114 1797 1300 1833; x_wconf 87' lang='lat' dir='ltr'><em>inebriari</em></span> <span class='ocrx_word' id='word_1_242' title='bbox 1329 1797 1402 1833; x_wconf 90' lang='lat' dir='ltr'><em>nisi</em></span> <span class='ocrx_word' id='word_1_243' title='bbox 1428 1810 1535 1846; x_wconf 79' lang='lat' dir='ltr'><em>quenz</em></span> 
     </span>
     <span class='ocr_line' id='line_1_30' title="bbox 225 1854 1536 1904; baseline 0 -14"><span class='ocrx_word' id='word_1_244' title='bbox 225 1854 415 1890; x_wconf 80' lang='lat' dir='ltr'><em>ebriosum</em></span> <span class='ocrx_word' id='word_1_245' title='bbox 449 1866 529 1890; x_wconf 90' lang='lat' dir='ltr'><em>esse</em></span> <span class='ocrx_word' id='word_1_246' title='bbox 560 1854 787 1904; x_wconf 75' lang='lat' dir='ltr'><em>cognoscit?</em></span> <span class='ocrx_word' id='word_1_247' title='bbox 819 1854 882 1890; x_wconf 87' lang='lat' dir='ltr'><em>Sic</em></span> <span class='ocrx_word' id='word_1_248' title='bbox 914 1862 948 1889; x_wconf 91' lang='lat' dir='ltr'><em>et</em></span> <span class='ocrx_word' id='word_1_249' title='bbox 979 1855 1206 1890; x_wconf 86' lang='lat' dir='ltr'><em>ammonicio</em></span> <span class='ocrx_word' id='word_1_250' title='bbox 1227 1855 1375 1891; x_wconf 81' lang='lat' dir='ltr'><em>Christi</em></span> <span class='ocrx_word' id='word_1_251' title='bbox 1406 1856 1452 1891; x_wconf 89' lang='lat' dir='ltr'><em>de</em></span> <span class='ocrx_word' id='word_1_252' title='bbox 1464 1856 1536 1904; x_wconf 84' lang='lat' dir='ltr'><em>su-</em></span> 
     </span>
     <span class='ocr_line' id='line_1_31' title="bbox 224 1911 1537 1962; baseline 0.001 -15"><span class='ocrx_word' id='word_1_253' title='bbox 224 1912 366 1962; x_wconf 74' lang='lat' dir='ltr'><em>gienda</em></span> <span class='ocrx_word' id='word_1_254' title='bbox 390 1912 557 1947; x_wconf 89' lang='lat' dir='ltr'><em>vanitate</em></span> <span class='ocrx_word' id='word_1_255' title='bbox 579 1911 861 1948; x_wconf 88' lang='lat' dir='ltr'><em>demonstracio</em></span> <span class='ocrx_word' id='word_1_256' title='bbox 889 1919 943 1947; x_wconf 90' lang='lat' dir='ltr'><em>est</em></span> <span class='ocrx_word' id='word_1_257' title='bbox 965 1912 1144 1948; x_wconf 83' lang='lat' dir='ltr'><em>vanitatis</em></span> <span class='ocrx_word' id='word_1_258' title='bbox 1161 1912 1336 1948; x_wconf 82' lang='lat' dir='ltr'><em>humane.</em></span> <span class='ocrx_word' id='word_1_259' title='bbox 1359 1913 1537 1949; x_wconf 87' lang='lat' dir='ltr'><em>Attamen</em></span> 
     </span>
     <span class='ocr_line' id='line_1_32' title="bbox 169 1969 1536 2018; baseline 0.001 -13"><span class='ocrx_word' id='word_1_260' title='bbox 169 1973 210 2005; x_wconf 75' lang='lat'><em>30</em></span> <span class='ocrx_word' id='word_1_261' title='bbox 225 1969 383 2005; x_wconf 88' lang='lat' dir='ltr'><em>mandat</em></span> <span class='ocrx_word' id='word_1_262' title='bbox 414 1970 500 2018; x_wconf 79' lang='lat' dir='ltr'><em>quia</em></span> <span class='ocrx_word' id='word_1_263' title='bbox 536 1969 606 2005; x_wconf 89' lang='lat' dir='ltr'><em>etsi</em></span> <span class='ocrx_word' id='word_1_264' title='bbox 633 1981 724 2005; x_wconf 85' lang='lat' dir='ltr'><em>caro</em></span> <span class='ocrx_word' id='word_1_265' title='bbox 755 1982 852 2005; x_wconf 90' lang='lat' dir='ltr'><em>vana</em></span> <span class='ocrx_word' id='word_1_266' title='bbox 877 1970 1082 2006; x_wconf 88' lang='lat' dir='ltr'><em>vanitatem</em></span> <span class='ocrx_word' id='word_1_267' title='bbox 1108 1970 1303 2006; x_wconf 90' lang='lat' dir='ltr'><em>desiderat</em></span> <span class='ocrx_word' id='word_1_268' title='bbox 1325 1978 1360 2006; x_wconf 88' lang='lat' dir='ltr'><em>et</em></span> <span class='ocrx_word' id='word_1_269' title='bbox 1381 1978 1536 2007; x_wconf 88' lang='lat' dir='ltr'><em>terrena</em></span> 
     </span>
     <span class='ocr_line' id='line_1_33' title="bbox 225 2027 1537 2077; baseline 0.001 -14"><span class='ocrx_word' id='word_1_270' title='bbox 225 2027 395 2063; x_wconf 84' lang='lat' dir='ltr'><em>condicio</em></span> <span class='ocrx_word' id='word_1_271' title='bbox 433 2027 605 2077; x_wconf 78' lang='lat' dir='ltr'><em>gloriam</em></span> <span class='ocrx_word' id='word_1_272' title='bbox 645 2040 754 2063; x_wconf 84' lang='lat' dir='ltr'><em>suam</em></span> <span class='ocrx_word' id='word_1_273' title='bbox 788 2034 923 2075; x_wconf 83' lang='lat' dir='ltr'><em>querat</em></span> <span class='ocrx_word' id='word_1_274' title='bbox 955 2027 990 2062; x_wconf 91' lang='lat' dir='ltr'><em>in</em></span> <span class='ocrx_word' id='word_1_275' title='bbox 1024 2035 1144 2073; x_wconf 84' lang='lat' dir='ltr'><em>terra,</em></span> <span class='ocrx_word' id='word_1_276' title='bbox 1188 2029 1276 2077; x_wconf 83' lang='lat' dir='ltr'><em>qnia</em></span> <span class='ocrx_word' id='word_1_277' title='bbox 1310 2041 1381 2064; x_wconf 90' lang='lat' dir='ltr'><em>non</em></span> <span class='ocrx_word' id='word_1_278' title='bbox 1409 2035 1537 2077; x_wconf 89' lang='lat' dir='ltr'><em>potest</em></span> 
     </span>
     <span class='ocr_line' id='line_1_34' title="bbox 225 2085 1536 2135; baseline 0.002 -15"><span class='ocrx_word' id='word_1_279' title='bbox 225 2085 425 2121; x_wconf 88' lang='lat' dir='ltr'><em>terrestris</em></span> <span class='ocrx_word' id='word_1_280' title='bbox 478 2092 617 2121; x_wconf 83' lang='lat' dir='ltr'><em>natura</em></span> <span class='ocrx_word' id='word_1_281' title='bbox 669 2085 840 2135; x_wconf 77' lang='lat' dir='ltr'><em>gloriam</em></span> <span class='ocrx_word' id='word_1_282' title='bbox 895 2085 1122 2121; x_wconf 88' lang='lat' dir='ltr'><em>desiderare</em></span> <span class='ocrx_word' id='word_1_283' title='bbox 1171 2086 1359 2132; x_wconf 87' lang='lat' dir='ltr'><em>celestem,</em></span> <span class='ocrx_word' id='word_1_284' title='bbox 1410 2093 1536 2122; x_wconf 87' lang='lat' dir='ltr'><em>tamen</em></span> 
     </span>
     <span class='ocr_line' id='line_1_35' title="bbox 225 2143 1536 2193; baseline 0.001 -15"><span class='ocrx_word' id='word_1_285' title='bbox 225 2143 352 2178; x_wconf 90' lang='lat' dir='ltr'><em>anima</em></span> <span class='ocrx_word' id='word_1_286' title='bbox 391 2155 461 2191; x_wconf 83' lang='lat' dir='ltr'><em>que</em></span> <span class='ocrx_word' id='word_1_287' title='bbox 500 2143 546 2178; x_wconf 89' lang='lat' dir='ltr'><em>de</em></span> <span class='ocrx_word' id='word_1_288' title='bbox 585 2143 746 2178; x_wconf 88' lang='lat' dir='ltr'><em>veritate</em></span> <span class='ocrx_word' id='word_1_289' title='bbox 783 2150 871 2178; x_wconf 90' lang='lat' dir='ltr'><em>nata</em></span> <span class='ocrx_word' id='word_1_290' title='bbox 911 2150 965 2178; x_wconf 90' lang='lat' dir='ltr'><em>est</em></span> <span class='ocrx_word' id='word_1_291' title='bbox 998 2150 1124 2191; x_wconf 91' lang='lat' dir='ltr'><em>potest</em></span> <span class='ocrx_word' id='word_1_292' title='bbox 1146 2144 1297 2193; x_wconf 81' lang='lat' dir='ltr'><em>fugere</em></span> <span class='ocrx_word' id='word_1_293' title='bbox 1330 2144 1536 2180; x_wconf 86' lang='lat' dir='ltr'><em>vanitatem</em></span> 
     </span>
     <span class='ocr_line' id='line_1_36' title="bbox 226 2200 1537 2248; baseline 0.001 -12"><span class='ocrx_word' id='word_1_294' title='bbox 226 2208 422 2236; x_wconf 86' lang='lat' dir='ltr'><em>terrenam</em></span> <span class='ocrx_word' id='word_1_295' title='bbox 432 2214 445 2245; x_wconf 88' lang='grc'><em>,·</em></span> <span class='ocrx_word' id='word_1_296' title='bbox 475 2212 566 2236; x_wconf 87' lang='lat' dir='ltr'><em>caro</em></span> <span class='ocrx_word' id='word_1_297' title='bbox 590 2200 714 2236; x_wconf 91' lang='lat' dir='ltr'><em>anime</em></span> <span class='ocrx_word' id='word_1_298' title='bbox 742 2200 910 2236; x_wconf 84' lang='lat' dir='ltr'><em>subiecta</em></span> <span class='ocrx_word' id='word_1_299' title='bbox 942 2208 1009 2247; x_wconf 88' lang='lat' dir='ltr'><em>est,</em></span> <span class='ocrx_word' id='word_1_300' title='bbox 1043 2213 1115 2236; x_wconf 90' lang='lat' dir='ltr'><em>non</em></span> <span class='ocrx_word' id='word_1_301' title='bbox 1139 2201 1265 2236; x_wconf 88' lang='lat' dir='ltr'><em>anima</em></span> <span class='ocrx_word' id='word_1_302' title='bbox 1289 2201 1410 2248; x_wconf 84' lang='lat' dir='ltr'><em>carni,</em></span> <span class='ocrx_word' id='word_1_303' title='bbox 1444 2214 1537 2237; x_wconf 88' lang='lat' dir='ltr'><em>caro</em></span> 
     </span>
     <span class='ocr_line' id='line_1_37' title="bbox 169 2258 1540 2308; baseline 0.001 -15"><span class='ocrx_word' id='word_1_304' title='bbox 169 2260 209 2293; x_wconf 79' lang='lat'><em>35</em></span> <span class='ocrx_word' id='word_1_305' title='bbox 225 2258 414 2294; x_wconf 84' lang='lat' dir='ltr'><em>adversus</em></span> <span class='ocrx_word' id='word_1_306' title='bbox 445 2258 612 2293; x_wconf 89' lang='lat' dir='ltr'><em>animam</em></span> <span class='ocrx_word' id='word_1_307' title='bbox 646 2265 799 2294; x_wconf 92' lang='lat' dir='ltr'><em>certare</em></span> <span class='ocrx_word' id='word_1_308' title='bbox 825 2265 965 2307; x_wconf 80' lang='lat' dir='ltr'><em>potest,</em></span> <span class='ocrx_word' id='word_1_309' title='bbox 1001 2259 1151 2294; x_wconf 89' lang='lat' dir='ltr'><em>vincere</em></span> <span class='ocrx_word' id='word_1_310' title='bbox 1182 2271 1254 2294; x_wconf 89' lang='lat' dir='ltr'><em>non</em></span> <span class='ocrx_word' id='word_1_311' title='bbox 1290 2266 1430 2308; x_wconf 85' lang='lat' dir='ltr'><em>potest,</em></span> <span class='ocrx_word' id='word_1_312' title='bbox 1467 2259 1540 2295; x_wconf 86' lang='lat' dir='ltr'><em>nisi</em></span> 
     </span>
     <span class='ocr_line' id='line_1_38' title="bbox 227 2315 1538 2365; baseline 0.002 -14"><span class='ocrx_word' id='word_1_313' title='bbox 227 2316 310 2365; x_wconf 89' lang='lat' dir='ltr'><em>ipsa</em></span> <span class='ocrx_word' id='word_1_314' title='bbox 334 2315 462 2351; x_wconf 90' lang='lat' dir='ltr'><em>anima</em></span> <span class='ocrx_word' id='word_1_315' title='bbox 487 2315 733 2363; x_wconf 84' lang='lat' dir='ltr'><em>consenserit,</em></span> <span class='ocrx_word' id='word_1_316' title='bbox 757 2323 796 2351; x_wconf 84' lang='lat' dir='ltr'><em>ut</em></span> <span class='ocrx_word' id='word_1_317' title='bbox 819 2315 1018 2363; x_wconf 82' lang='lat' dir='ltr'><em>vincatur‚·</em></span> <span class='ocrx_word' id='word_1_318' title='bbox 1048 2316 1175 2352; x_wconf 88' lang='lat' dir='ltr'><em>anima</em></span> <span class='ocrx_word' id='word_1_319' title='bbox 1198 2324 1324 2353; x_wconf 87' lang='lat' dir='ltr'><em>autem</em></span> <span class='ocrx_word' id='word_1_320' title='bbox 1348 2317 1538 2353; x_wconf 85' lang='lat' dir='ltr'><em>adversus</em></span> 
     </span>
     <span class='ocr_line' id='line_1_39' title="bbox 226 2372 1536 2423; baseline 0.002 -15"><span class='ocrx_word' id='word_1_321' title='bbox 226 2385 381 2409; x_wconf 89' lang='lat' dir='ltr'><em>carnem</em></span> <span class='ocrx_word' id='word_1_322' title='bbox 416 2380 451 2409; x_wconf 90' lang='lat' dir='ltr'><em>et</em></span> <span class='ocrx_word' id='word_1_323' title='bbox 483 2380 605 2409; x_wconf 89' lang='lat' dir='ltr'><em>certat</em></span> <span class='ocrx_word' id='word_1_324' title='bbox 637 2381 671 2408; x_wconf 91' lang='lat' dir='ltr'><em>et</em></span> <span class='ocrx_word' id='word_1_325' title='bbox 704 2372 831 2419; x_wconf 89' lang='lat' dir='ltr'><em>vincit,</em></span> <span class='ocrx_word' id='word_1_326' title='bbox 864 2385 961 2423; x_wconf 80' lang='lat' dir='ltr'><em>ergo</em></span> <span class='ocrx_word' id='word_1_327' title='bbox 994 2374 1058 2422; x_wconf 83' lang='lat' dir='ltr'><em>qui</em></span> <span class='ocrx_word' id='word_1_328' title='bbox 1083 2374 1199 2423; x_wconf 90' lang='lat' dir='ltr'><em>plena</em></span> <span class='ocrx_word' id='word_1_329' title='bbox 1227 2374 1378 2423; x_wconf 83' lang='lat' dir='ltr'><em>quidem</em></span> <span class='ocrx_word' id='word_1_330' title='bbox 1403 2374 1536 2410; x_wconf 87' lang='lat' dir='ltr'><em>volun—</em></span> 
     </span>
     <span class='ocr_line' id='line_1_40' title="bbox 226 2431 1538 2480; baseline 0.002 -14"><span class='ocrx_word' id='word_1_331' title='bbox 226 2438 303 2466; x_wconf 89' lang='lat' dir='ltr'><em>tate</em></span> <span class='ocrx_word' id='word_1_332' title='bbox 336 2438 503 2479; x_wconf 89' lang='lat' dir='ltr'><em>propter</em></span> <span class='ocrx_word' id='word_1_333' title='bbox 539 2431 711 2467; x_wconf 88' lang='lat' dir='ltr'><em>homines</em></span> <span class='ocrx_word' id='word_1_334' title='bbox 738 2431 857 2479; x_wconf 86' lang='lat' dir='ltr'><em>facit,</em></span> <span class='ocrx_word' id='word_1_335' title='bbox 901 2431 966 2467; x_wconf 89' lang='lat' dir='ltr'><em>ille</em></span> <span class='ocrx_word' id='word_1_336' title='bbox 999 2438 1167 2480; x_wconf 87' lang='lat' dir='ltr'><em>propter</em></span> <span class='ocrx_word' id='word_1_337' title='bbox 1198 2432 1369 2469; x_wconf 88' lang='lat' dir='ltr'><em>homines</em></span> <span class='ocrx_word' id='word_1_338' title='bbox 1390 2432 1538 2480; x_wconf 88' lang='lat' dir='ltr'><em>fecisse</em></span> 
     </span>
     <span class='ocr_line' id='line_1_41' title="bbox 228 2488 1536 2540; baseline 0.002 -17"><span class='ocrx_word' id='word_1_339' title='bbox 228 2488 391 2526; x_wconf 86' lang='lat' dir='ltr'><em>videtur.</em></span> <span class='ocrx_word' id='word_1_340' title='bbox 439 2488 566 2538; x_wconf 87' lang='lat' dir='ltr'><em>Super</em></span> <span class='ocrx_word' id='word_1_341' title='bbox 603 2488 710 2524; x_wconf 83' lang='lat' dir='ltr'><em>cuius</em></span> <span class='ocrx_word' id='word_1_342' title='bbox 747 2495 872 2524; x_wconf 87' lang='lat' dir='ltr'><em>autem</em></span> <span class='ocrx_word' id='word_1_343' title='bbox 917 2501 984 2524; x_wconf 90' lang='lat' dir='ltr'><em>cor</em></span> <span class='ocrx_word' id='word_1_344' title='bbox 1028 2489 1217 2540; x_wconf 81' lang='lat' dir='ltr'><em>cogitacio</em></span> <span class='ocrx_word' id='word_1_345' title='bbox 1247 2490 1399 2539; x_wconf 84' lang='lat' dir='ltr'><em>quidem</em></span> <span class='ocrx_word' id='word_1_346' title='bbox 1439 2502 1536 2525; x_wconf 89' lang='lat' dir='ltr'><em>vana</em></span> 
     </span>
     <span class='ocr_line' id='line_1_42' title="bbox 166 2546 1535 2596; baseline 0.001 -16"><span class='ocrx_word' id='word_1_347' title='bbox 166 2546 397 2590; x_wconf 86' lang='lat' dir='ltr'><em>4oascendit</em></span> <span class='ocrx_word' id='word_1_348' title='bbox 441 2546 666 2582; x_wconf 87' lang='lat' dir='ltr'><em>desiderans</em></span> <span class='ocrx_word' id='word_1_349' title='bbox 716 2546 931 2582; x_wconf 85' lang='lat' dir='ltr'><em>hominibus</em></span> <span class='ocrx_word' id='word_1_350' title='bbox 977 2558 1183 2596; x_wconf 84' lang='lat' dir='ltr'><em>apparere,</em></span> <span class='ocrx_word' id='word_1_351' title='bbox 1233 2547 1360 2583; x_wconf 87' lang='lat' dir='ltr'><em>anima</em></span> <span class='ocrx_word' id='word_1_352' title='bbox 1410 2554 1535 2583; x_wconf 86' lang='lat' dir='ltr'><em>autem</em></span> 
     </span>
    </p>
   </div>
   <div class='ocr_carea' id='block_1_5' title="bbox 226 2701 1535 2808">
    <p class='ocr_par' dir='ltr' id='par_1_5' title="bbox 226 2701 1535 2808">
     <span class='ocr_line' id='line_1_43' title="bbox 294 2701 1534 2740; baseline 0.002 -12"><span class='ocrx_word' id='word_1_353' title='bbox 294 2710 323 2735; x_wconf 83' lang='lat'><em>4.</em></span> <span class='ocrx_word' id='word_1_354' title='bbox 356 2701 394 2729; x_wconf 82' lang='lat' dir='ltr'><em>B:</em></span> <span class='ocrx_word' id='word_1_355' title='bbox 426 2703 581 2737; x_wconf 82' lang='lat' dir='ltr'><em>numquid.</em></span> <span class='ocrx_word' id='word_1_356' title='bbox 695 2702 719 2731; x_wconf 89' lang='lat'><em>5.</em></span> <span class='ocrx_word' id='word_1_357' title='bbox 752 2704 781 2730; x_wconf 95' lang='lat' dir='ltr'>A</span> <span class='ocrx_word' id='word_1_358' title='bbox 813 2703 843 2730; x_wconf 89' lang='lat' dir='ltr'><em>in</em></span> <span class='ocrx_word' id='word_1_359' title='bbox 880 2711 993 2738; x_wconf 65' lang='lat' dir='ltr'><em>marg:</em></span> <span class='ocrx_word' id='word_1_360' title='bbox 1028 2703 1119 2731; x_wconf 90' lang='lat' dir='ltr'><em>Nota.</em></span> <span class='ocrx_word' id='word_1_361' title='bbox 1230 2711 1257 2738; x_wconf 93' lang='lat'><em>7.</em></span> <span class='ocrx_word' id='word_1_362' title='bbox 1288 2703 1329 2731; x_wconf 88' lang='lat' dir='ltr'><em>B:</em></span> <span class='ocrx_word' id='word_1_363' title='bbox 1360 2705 1428 2731; x_wconf 85' lang='lat' dir='ltr'><em>sine</em></span> <span class='ocrx_word' id='word_1_364' title='bbox 1458 2705 1534 2740; x_wconf 72' lang='lat' dir='ltr'><em>ipso,</em></span> 
     </span>
     <span class='ocr_line' id='line_1_44' title="bbox 227 2737 1535 2777; baseline 0.002 -14"><span class='ocrx_word' id='word_1_365' title='bbox 227 2744 270 2771; x_wconf 86' lang='lat'><em>19.</em></span> <span class='ocrx_word' id='word_1_366' title='bbox 289 2737 333 2763; x_wconf 88' lang='lat' dir='ltr'><em>A:</em></span> <span class='ocrx_word' id='word_1_367' title='bbox 367 2737 416 2764; x_wconf 86' lang='lat' dir='ltr'><em>vel</em></span> <span class='ocrx_word' id='word_1_368' title='bbox 432 2737 540 2764; x_wconf 78' lang='lat' dir='ltr'><em>saltem</em></span> <span class='ocrx_word' id='word_1_369' title='bbox 560 2737 661 2770; x_wconf 83' lang='lat' dir='ltr'><em>deest;</em></span> <span class='ocrx_word' id='word_1_370' title='bbox 695 2738 735 2765; x_wconf 89' lang='lat' dir='ltr'><em>ib.</em></span> <span class='ocrx_word' id='word_1_371' title='bbox 756 2739 800 2765; x_wconf 87' lang='lat' dir='ltr'><em>A:</em></span> <span class='ocrx_word' id='word_1_372' title='bbox 833 2740 865 2765; x_wconf 85' lang='lat' dir='ltr'><em>ut</em></span> <span class='ocrx_word' id='word_1_373' title='bbox 884 2738 987 2777; x_wconf 71' lang='lat' dir='ltr'><em>timor.</em></span> <span class='ocrx_word' id='word_1_374' title='bbox 1098 2737 1138 2766; x_wconf 83' lang='lat'><em>25.</em></span> <span class='ocrx_word' id='word_1_375' title='bbox 1160 2739 1205 2766; x_wconf 86' lang='lat' dir='ltr'><em>A.-</em></span> <span class='ocrx_word' id='word_1_376' title='bbox 1226 2737 1390 2775; x_wconf 77' lang='lat' dir='ltr'><em>faciamus</em></span> <span class='ocrx_word' id='word_1_377' title='bbox 1400 2737 1535 2774; x_wconf 83' lang='lat' dir='ltr'><em>facere,-</em></span> 
     </span>
     <span class='ocr_line' id='line_1_45' title="bbox 226 2770 1534 2808; baseline 0.002 -10"><span class='ocrx_word' id='word_1_378' title='bbox 226 2771 264 2798; x_wconf 78' lang='lat' dir='ltr'><em>B:</em></span> <span class='ocrx_word' id='word_1_379' title='bbox 293 2771 485 2806; x_wconf 82' lang='lat' dir='ltr'><em>placeremus</em></span> <span class='ocrx_word' id='word_1_380' title='bbox 506 2770 632 2808; x_wconf 83' lang='lat' dir='ltr'><em>facere.</em></span> <span class='ocrx_word' id='word_1_381' title='bbox 752 2771 797 2799; x_wconf 87' lang='lat'><em>30.</em></span> <span class='ocrx_word' id='word_1_382' title='bbox 829 2774 873 2800; x_wconf 88' lang='lat' dir='ltr'><em>A:</em></span> <span class='ocrx_word' id='word_1_383' title='bbox 906 2774 1082 2800; x_wconf 83' lang='lat' dir='ltr'><em>canztatem.</em></span> <span class='ocrx_word' id='word_1_384' title='bbox 1199 2772 1246 2807; x_wconf 83' lang='lat'><em>34.</em></span> <span class='ocrx_word' id='word_1_385' title='bbox 1277 2774 1322 2800; x_wconf 86' lang='lat' dir='ltr'><em>A:</em></span> <span class='ocrx_word' id='word_1_386' title='bbox 1356 2774 1534 2800; x_wconf 75' lang='lat' dir='ltr'><em>subiectam.</em></span> 
     </span>
    </p>
   </div>
   <div class='ocr_carea' id='block_1_6' title="bbox 226 2804 1396 2887">
    <p class='ocr_par' dir='ltr' id='par_1_6' title="bbox 226 2804 1396 2887">
     <span class='ocr_line' id='line_1_46' title="bbox 226 2804 466 2833; baseline -0.004 0"><span class='ocrx_word' id='word_1_387' title='bbox 226 2804 267 2833; x_wconf 85' lang='lat'><em>35.</em></span> <span class='ocrx_word' id='word_1_388' title='bbox 288 2806 331 2833; x_wconf 87' lang='lat' dir='ltr'><em>A:</em></span> <span class='ocrx_word' id='word_1_389' title='bbox 352 2806 466 2833; x_wconf 84' lang='lat' dir='ltr'><em>venire.</em></span> 
     </span>
     <span class='ocr_line' id='line_1_47' title="bbox 1358 2855 1396 2887; baseline 0 0"><span class='ocrx_word' id='word_1_390' title='bbox 1358 2855 1396 2887; x_wconf 75' lang='lat'><em>16</em></span> 
     </span>
    </p>
   </div>
  </div>
 </body>
</html>
