2003 3322
160 208 233 235 112

159 441 280 475 Dauger
300 441 335 466 os
352 439 420 466 vain

242 477 338 510 glory.

861 209 979 241 opus
1004 209 1341 241 EVANGELICUM
1505 198 1611 252 [CAP.
1632 206 1755 234 xxxn.

442 328 538 350 nunc
571 316 950 369 evangelizatfidem
975 328 1086 365 quam
1122 316 1329 365 aliquando
1353 317 1530 352 vastabat
1562 324 1597 352 et
1632 318 1667 353 in
1697 330 1757 354 me

441 374 745 423 magnificabant
776 374 918 411 Deum.

499 430 667 467 Videtur
699 431 819 468 istum
853 440 1037 468 sanctum
1070 444 1161 468 vere
1193 431 1359 468 innuere
1392 434 1500 480 quod
1539 432 1655 468 multi
1689 432 1755 481 qui

442 500 482 524 se
515 498 702 537 reputant
736 502 822 526 esse
854 498 1016 526 sanctos
1049 491 1317 526 succumbunt
1351 489 1512 527 diabolo
1557 502 1628 539 per
1661 502 1754 538 pec-

442 555 575 582 catum
610 547 740 584 inanis
773 547 911 595 glorie,
945 547 1040 596 quia
1083 547 1246 584 difficile
1288 548 1403 584 valde
1446 548 1604 585 videtur
1647 549 1789 596 quod5

442 604 529 652 quis
563 604 684 642 faciat
717 618 818 653 opus
858 607 1010 642 bonum
1051 606 1098 641 de
1132 617 1276 653 genere
1316 605 1391 641 nisi
1432 619 1475 642 ex
1508 607 1584 643 hoc
1628 605 1669 641 in
1715 618 1756 642 se

441 661 527 709 ipso
560 662 735 700 inaniter
768 663 973 711 glorietur.
1020 665 1068 699 Et
1117 663 1193 699 hoc
1226 663 1409 699 Christus
1455 663 1519 700 hic
1566 663 1755 712 prohibet

441 732 512 767 per
543 723 764 757 secundum
788 723 955 758 verbum
990 720 1227 769 copulative,
1262 734 1353 757 cum
1387 722 1530 758 doceat
1562 729 1598 757 et
1628 722 1755 772 glori-

427 778 550 827 ficent
576 787 730 828 patrem
765 787 947 815 vestrum.
989 780 1105 815 Tunc
1139 778 1244 815 enim
1277 779 1442 828 ponitur
1474 780 1638 816 lucerna
1683 781 1754 816 sub

441 836 594 883 modio,
628 838 791 885 quando
825 839 875 874 ad
906 838 1068 874 laudem
1103 836 1312 885 propriam
1347 837 1520 874 hominis
1553 838 1614 874 vel
1648 850 1814 874 com-10

442 894 720 931 mendacionis
753 895 1004 943 propositum
1039 894 1290 931 terminatur.
1338 896 1430 932 Ideo
1465 895 1645 932 Christus
1690 894 1755 932 hic

438 965 520 988 non
543 953 730 1000 prohibet
752 954 861 1001 quod
893 954 1015 989 homo
1048 952 1168 989 faciat
1200 954 1357 989 occulte
1386 965 1509 1002 opera
1533 966 1603 990 sua
1627 953 1756 990 exclu-

440 1010 582 1047 dencia
625 1012 786 1048 laudem
825 1024 939 1048 suam
978 1012 1047 1047 sed
1079 1010 1244 1047 omnino
1278 1012 1384 1060 quod
1417 1023 1553 1049 versus
1597 1024 1755 1048 sursum

439 1068 488 1104 sit
526 1068 774 1116 spiraculum
819 1070 927 1117 apud
961 1071 1103 1116 Deum,
1148 1068 1204 1105 sic
1247 1071 1354 1117 quod
1393 1069 1477 1118 ipse
1510 1078 1592 1106 tam
1627 1069 1755 1106 inten-

440 1125 552 1162 cione
597 1140 717 1175 quam
764 1139 885 1175 opere
924 1126 973 1163 sit
1011 1128 1211 1172 laudatus,
1254 1136 1291 1164 et
1323 1130 1423 1164 bene
1461 1128 1561 1164 foret
1594 1127 1652 1163 illi
1686 1126 1812 1175 qui15

439 1184 613 1231 perfecte
647 1194 909 1233 cognosceret
931 1194 1014 1222 tam
1039 1184 1283 1233 speculative
1307 1198 1427 1234 quam
1451 1184 1629 1233 practice
1652 1186 1755 1222 hanc

439 1243 680 1279 doctrinam.
716 1245 948 1280 Habeamus
981 1256 1075 1292 ergo
1107 1242 1379 1280 intencionem
1413 1252 1565 1280 rectam
1597 1243 1756 1280 exclusa

436 1301 613 1348 ypocrisi
647 1310 683 1337 et
716 1301 912 1338 faciamus
960 1313 1085 1349 opera
1132 1301 1320 1348 patencia
1367 1303 1472 1338 bona
1516 1302 1564 1338 de
1611 1312 1755 1349 genere

438 1360 660 1395 secundum
696 1361 803 1407 quod
828 1359 1012 1396 convenit
1034 1358 1144 1395 laudi
1169 1358 1254 1405 Dei,
1288 1359 1383 1408 quia
1405 1359 1597 1396 Johannis
1619 1360 1754 1405 XVIII,

440 1426 504 1463 20,
539 1417 636 1453 dicit
669 1417 872 1456 Christus:
918 1418 1010 1469 Ego
1038 1417 1173 1466 palam
1208 1417 1357 1454 Iocutus
1389 1430 1472 1453 sum
1507 1417 1661 1455 mundo.
1707 1418 1756 1452 Et
1772 1436 1814 1457 20

438 1474 637 1523 sequitur:
684 1476 736 1511 Et
768 1476 804 1511 in
837 1476 986 1512 occulto
1019 1475 1167 1511 locutus
1204 1486 1287 1511 sum
1321 1475 1450 1511 nichil.
1504 1476 1630 1511 Debet
1661 1487 1755 1523 ergo

439 1534 580 1569 doctor
613 1533 745 1570 dicere
777 1533 987 1570 veritatem
1022 1532 1262 1570 catholICam
1310 1535 1357 1570 de
1397 1532 1509 1569 cuius
1549 1532 1753 1570 sentencia

438 1603 519 1627 non
553 1591 745 1628 formidat
778 1600 815 1628 et
848 1600 1040 1640 appetere
1074 1592 1182 1640 quod
1224 1591 1454 1639 publicetur
1499 1590 1540 1627 in
1584 1590 1753 1628 ecclesia

437 1661 518 1685 non
551 1650 601 1685 ad
626 1650 787 1686 laudern
821 1649 1029 1698 propriam
1063 1650 1131 1685 sed
1165 1650 1214 1685 ad
1248 1649 1417 1697 gloriam
1444 1648 1516 1686 Dei
1550 1649 1610 1685 sui
1644 1657 1681 1685 et
1705 1649 1753 1685 de

438 1706 506 1743 illa
539 1707 611 1743 Dei
645 1707 772 1756 gloria
805 1707 1012 1756 glorietur.
1769 1714 1810 1748 25

495 1764 766 1803 Crisostomus
790 1775 924 1803 autem
948 1765 1004 1802 sic
1026 1765 1223 1815 loquitur:
1257 1765 1320 1800 Sic
1342 1765 1555 1801 illuminate
1578 1765 1755 1801 docentes

438 1830 477 1858 ut
510 1835 583 1860 non
616 1831 745 1860 vestra
779 1824 894 1860 verba
928 1824 1193 1860 tantummodo
1226 1823 1381 1859 audient
1413 1823 1584 1859 homines
1615 1823 1684 1859 sed
1714 1829 1755 1858 ut

437 1887 471 1916 et
504 1894 622 1931 opera
646 1890 774 1918 vestra
798 1881 964 1929 videant,
994 1889 1034 1918 ut
1055 1894 1148 1931 quos
1171 1881 1482 1917 illunzinaveritis
1499 1893 1573 1930 per
1595 1880 1752 1917 verbum

437 1939 547 1987 quasi
577 1940 648 1975 lux
676 1939 864 1976 condiatis
881 1952 957 1989 per
978 1940 1198 1989 exemplum
1224 1951 1382 1988 operum
1407 1946 1624 1975 vestrorum
1647 1937 1757 1987 quasi

435 1997 506 2033 sal.
547 1997 736 2041 Quoniam
761 1997 825 2046 qui
845 1998 954 2034 docet
986 1998 1137 2047 etfacit
1165 2009 1254 2034 vere
1281 1997 1347 2034 ille
1375 1997 1494 2034 docet.
1524 1996 1601 2041 Qui
1626 2003 1753 2032 autem
1770 2005 1812 2037 30

435 2067 508 2090 non
522 2055 628 2103 facit
650 2063 684 2091 et
702 2056 823 2103 docet,
847 2068 919 2091 non
937 2056 1054 2092 alium
1072 2057 1179 2092 docet
1195 2055 1264 2092 sed
1278 2067 1319 2091 se
1340 2055 1463 2104 ipsum
1486 2055 1750 2104 condempnat.

435 2113 488 2148 Et
520 2113 656 2149 melius
689 2120 744 2149 est
767 2113 910 2162 facere
942 2121 977 2150 et
1007 2126 1080 2150 non
1114 2114 1254 2150 docere
1284 2125 1397 2162 quam
1431 2113 1569 2149 docere
1607 2119 1643 2148 et
1680 2124 1752 2148 non

426 2171 590 2218 sacere‚·
640 2171 817 2220 quoniam
860 2171 924 2220 qui
954 2172 1060 2221 facit
1091 2172 1162 2208 etsi
1203 2171 1378 2218 tacuerit,
1434 2171 1535 2207 alios
1585 2169 1753 2220 corrigit

434 2241 503 2264 suo
536 2230 728 2278 exemplo.
769 2229 846 2273 Qui
875 2237 1002 2265 autem
1038 2230 1147 2266 docet
1190 2236 1226 2265 et
1264 2242 1336 2265 non
1358 2228 1464 2278 facit
1510 2241 1582 2265 non
1627 2228 1752 2264 solum

436 2286 621 2323 neminem
679 2287 846 2337 corrigit
888 2288 957 2324 sed
999 2288 1125 2323 adhuc
1172 2287 1313 2323 multos
1354 2286 1604 2339 scandalizat.
1659 2285 1754 2330 Quis
1768 2293 1807 2327 35

436 2345 533 2380 enini
581 2357 653 2381 non
697 2352 902 2381 moveatur
948 2346 1001 2381 ad
1039 2346 1293 2395 peccandum,
1338 2357 1421 2381 cum
1466 2344 1606 2380 viderit
1649 2343 1753 2393 ipsos

437 2403 614 2439 doctores
641 2402 799 2452 pietatis
825 2411 1041 2452 peccantes.
1075 2404 1190 2454 Ergo
1219 2415 1295 2453 per
1326 2403 1413 2439 illos
1445 2402 1596 2451 quidem
1626 2399 1630 2451 Ι
1660 2401 1749 2437 doc-
1791 2406 1872 2443 366b

436 2467 540 2496 tores
572 2460 636 2509 qui
667 2461 802 2496 docent
834 2468 869 2496 et
889 2461 1048 2509 faciunt
1095 2461 1371 2511 magnificatur
1409 2461 1527 2508 Deus,
1569 2471 1645 2509 per
1688 2470 1751 2495 eos

507 2651 530 2679 3.
554 2654 583 2680 A
602 2653 631 2680 in
654 2660 768 2688 marg:
788 2652 957 2680 Jolzannes.
1067 2651 1111 2679 23.
1132 2653 1176 2680 A:
1226 2652 1375 2680 ublicetur
1395 2652 1497 2679 twice.
1603 2651 1651 2679 26.
1671 2651 1700 2678 A
1719 2650 1750 2678 in

438 2696 551 2721 marg:
582 2687 799 2715 crisos-tomus.
874 2695 889 2715 2
915 2709 921 2722 ,
942 2686 988 2715 30.
1010 2688 1054 2715 A:
1084 2695 1189 2722 exemp
1203 2695 1222 2714 a
1239 2708 1245 2713 .
1261 2707 1267 2713 .
1286 2708 1291 2713 .
1309 2708 1314 2713 .
1329 2687 1419 2714 sales.
1492 2685 1531 2714 31.
1559 2686 1597 2713 B:
1624 2686 1747 2721 aliquos

437 2722 571 2757 corrigit.
646 2721 687 2750 35.
710 2723 747 2749 15:
769 2722 883 2750 scande
899 2723 967 2759 izat.
1041 2721 1086 2757 37.
1107 2723 1149 2749 A:
1171 2721 1259 2758 Ergo
1280 2722 1375 2749 deest.

508 2828 560 2861 26.
588 2829 686 2871 Opus
713 2829 863 2871 Imperf.‚
891 2828 911 2860 1.
939 2839 967 2860 c.
994 2839 1026 2871 p.
1054 2829 1130 2871 793.
