2003 3322
206 223 281 271 396

217 461 292 488 Like
312 462 361 489 the
382 470 451 489 man

201 496 271 522 who
293 497 340 523 fell
362 505 476 532 among

244 531 370 565 thieves,
392 540 438 559 we

223 571 335 593 cannot
354 575 393 602 go
412 575 452 594 on

226 601 356 628 without
375 602 455 637 help.

220 1019 224 1022 ι
264 984 323 1010 We
343 984 418 1023 need

219 1023 402 1046 instruction
424 1027 456 1046 as

237 1058 266 1080 to
288 1062 345 1081 our
366 1062 442 1090 way⁴

214 1333 286 1360 And
308 1334 395 1361 when
417 1342 463 1360 we

236 1369 327 1395 know
347 1369 380 1403 it,
400 1377 446 1395 we

233 1408 315 1431 must
336 1405 447 1437 knock,

257 1439 295 1474 by
316 1447 435 1475 prayer.

895 229 1014 261 opus
1038 228 1376 260 EVANGELICUM
1598 216 1705 271 [CAP.
1727 226 1804 255 xm.

491 344 631 373 cuntur
674 348 790 386 usque
832 337 884 372 ad
926 336 1217 372 mundacionem
1261 336 1620 385 simplicitatemque
1661 335 1804 379 cordis,

491 396 641 444 qualem
676 395 853 431 dominus
886 395 992 431 Deus
1022 401 1139 430 amat.
1174 395 1258 431 Hec
1290 393 1551 442 Augustinus.

548 452 716 489 Videtur
767 453 887 490 istum
941 461 1124 489 sanctum
1178 452 1311 488 dicere
1364 453 1472 500 quod
1524 459 1611 487 tota
1662 460 1805 488 natura

492 513 669 548 humana
712 510 762 547 sit
805 511 928 547 homo
972 510 1038 546 ille
1078 510 1146 558 qui
1179 510 1384 546 descendit
1423 511 1471 546 ab
1504 509 1725 545 Jerusalem
1764 509 1805 545 in

490 569 649 606 Jericho
689 578 725 605 et
756 568 898 605 incidit
936 568 976 604 in
1013 569 1206 618 latrones⁷
1246 567 1315 616 qui
1349 567 1675 616 despoliaverunt
1713 571 1838 603 eum5

491 637 528 664 et
574 626 701 675 plagis
748 626 947 675 impositis
994 626 1180 663 abierunt
1224 625 1415 662 semivivo
1458 625 1610 670 relicto,
1663 634 1700 661 et
1750 625 1806 662 sic

491 686 566 722 nisi
600 698 644 722 ex
676 684 810 733 gracia
844 683 1087 721 Samaritani
1119 684 1249 721 factus
1281 693 1338 720 est
1371 683 1572 732 impotens
1599 683 1806 720 ambulare

491 746 541 781 ad
581 743 775 792 patriam3
821 752 858 779 et
896 743 951 779 ita
991 742 1158 791 quilibet
1197 741 1438 778 christianus
1482 754 1644 778 necesse
1687 742 1807 778 habet

491 802 621 851 primo
655 810 789 850 petere
822 801 1000 849 graciam
1034 800 1262 837 sanacionis
1295 809 1332 836 et
1352 800 1540 837 virtutem
1572 801 1621 836 ad
1646 799 1808 836 celestia

491 859 715 909 gradiendi,
755 859 846 896 ideo
886 859 1092 908 signanter
1132 858 1330 907 premittit
1364 858 1565 895 Christus:
1612 858 1733 894 Petite
1773 865 1807 894 et
1827 870 1865 891 10

490 918 698 967 accipietis.

551 976 737 1013 Secundo
791 975 1010 1023 dispositus
1062 975 1112 1011 ad
1162 975 1355 1011 viandum
1408 973 1599 1022 ignorans
1653 981 1806 1010 rectum

493 1034 702 1071 tramitem
735 1046 898 1070 necesse
930 1034 1049 1070 habet
1073 1045 1240 1081 querere
1273 1041 1425 1068 rectam
1455 1032 1580 1078 viam3
1613 1033 1683 1068 sed
1716 1043 1807 1068 cum

493 1092 675 1130 Christus
698 1091 813 1128 dicit:
848 1092 938 1142 Ego
966 1104 1050 1128 sum
1076 1091 1151 1138 via,
1173 1090 1259 1128 Joh.
1276 1092 1375 1136 XIV,
1401 1092 1423 1126 6
1458 1098 1566 1138 patet
1589 1091 1697 1138 quod
1721 1089 1807 1138 qui-

492 1151 587 1187 libet
650 1149 892 1187 christianus
953 1161 1115 1186 necesse
1173 1149 1294 1185 habet
1352 1148 1391 1183 in
1456 1147 1634 1184 moribus
1695 1147 1864 1195 sequi15

494 1208 711 1246 Christum.
758 1209 850 1245 Ideo
888 1207 1091 1256 signanter
1123 1208 1300 1244 secundo
1334 1205 1449 1242 dicit:
1490 1206 1649 1250 Querite
1687 1213 1722 1242 et
1754 1205 1808 1241 in-

495 1267 662 1303 venietis.

553 1326 630 1361 Sed
668 1324 792 1361 tercio
831 1325 927 1360 dum
965 1322 1118 1360 venerit
1157 1322 1285 1359 fidelis
1324 1335 1394 1370 per
1426 1321 1587 1358 ianuam
1622 1322 1673 1358 ad
1705 1320 1808 1358 viam

497 1385 600 1419 hanc
624 1392 773 1419 rectam
800 1383 1013 1418 ducentem
1037 1382 1087 1417 ad
1111 1380 1300 1428 patriam,
1324 1392 1485 1416 necesse
1509 1380 1629 1416 habet
1651 1379 1811 1427 pulsare

496 1443 546 1478 ad
575 1441 723 1478 ostium
754 1453 825 1489 per
848 1440 1079 1476 oracionem
1105 1438 1351 1475 dominicam
1377 1447 1413 1474 et
1437 1447 1531 1474 tunc
1554 1437 1594 1474 in
1616 1436 1811 1474 viacionis
1828 1449 1869 1471 20

495 1499 668 1536 termino
703 1497 891 1535 exaudiri.
940 1500 1032 1534 Ideo
1066 1496 1161 1533 dicit
1195 1497 1377 1533 Christus
1409 1496 1553 1533 tercio:
1588 1496 1747 1531 Pulsate
1778 1503 1813 1531 et

495 1558 693 1607 aperietur
738 1556 855 1593 vobis.
908 1558 956 1593 Et
1006 1556 1082 1592 ista
1125 1555 1330 1591 sentencia
1374 1563 1431 1591 est
1474 1553 1569 1591 satis
1614 1553 1813 1590 catholica

496 1625 616 1663 atque
663 1615 794 1663 plana.
845 1616 923 1651 Sed
966 1615 1087 1651 verba
1126 1613 1341 1661 sequencia
1380 1612 1567 1649 videntur
1611 1611 1813 1660 aliquibus

497 1674 583 1722 plus
606 1675 791 1717 obscura,
815 1672 1039 1721 specialiter
1063 1684 1152 1708 cum
1172 1673 1277 1708 Luce
1292 1673 1356 1717 XI,
1386 1671 1519 1707 5-13
1548 1669 1643 1706 dicit
1665 1678 1811 1706 textus:

502 1733 597 1776 Quis
641 1738 811 1767 vestrum
858 1731 1008 1767 habebit
1050 1730 1216 1765 amicum
1262 1737 1297 1765 et
1340 1729 1407 1764 ibit
1444 1729 1496 1764 ad
1533 1728 1641 1763 illum
1687 1728 1813 1764 media
1830 1730 1869 1761 25

496 1798 603 1826 nocte
646 1797 681 1825 et
714 1789 813 1824 dicet
850 1789 925 1824 illi:
970 1788 1114 1833 Amice,
1155 1787 1355 1824 commoda
1402 1786 1519 1823 michi
1559 1793 1640 1822 tres
1677 1798 1812 1835 panes,

496 1848 674 1896 quoniam
713 1846 860 1882 amicus
892 1859 998 1883 meus
1031 1845 1130 1881 venit
1168 1845 1220 1881 ad
1252 1857 1311 1881 me
1344 1845 1391 1880 de
1422 1845 1482 1880 via
1521 1851 1556 1880 et
1588 1856 1660 1880 non
1694 1844 1813 1879 habeo

496 1907 598 1954 quod
624 1917 768 1955 ponam
801 1912 888 1940 ante
921 1905 1051 1949 illum‚·
1083 1912 1118 1939 et
1149 1904 1213 1939 ille
1243 1903 1391 1939 deintus
1427 1903 1663 1951 respondens
1692 1902 1815 1937 dicat:

498 1964 590 2000 Noli
611 1963 705 1999 mihi
726 1963 908 1999 molestus
931 1975 1031 2007 esse;
1063 1962 1138 1997 iam
1162 1961 1299 1997 ostium
1324 1961 1497 1997 clausum
1531 1967 1598 2007 est,
1638 1968 1673 1996 et
1699 1960 1816 2009 pueri

497 2022 571 2058 mei
608 2034 755 2057 mecum
793 2028 881 2056 sunt
920 2021 955 2056 in
989 2020 1115 2064 cubili,
1155 2032 1227 2056 non
1256 2031 1415 2067 possum
1453 2030 1622 2069 surgere
1653 2025 1688 2054 et
1720 2018 1815 2053 dare
1831 2021 1873 2053 30

497 2080 574 2116 tibi.
620 2080 672 2115 Et
708 2080 742 2115 si
778 2079 842 2114 ille
870 2078 1187 2128 perseveraverit
1214 2077 1390 2127 pulsans,
1436 2077 1521 2113 dico
1561 2076 1687 2112 vobis:
1730 2075 1818 2111 Etsi

498 2151 569 2175 non
601 2137 706 2173 dabit
733 2137 792 2172 illi
819 2149 1001 2187 surgens,
1035 2148 1076 2172 eo
1106 2136 1207 2184 quod
1234 2136 1380 2171 amicus
1411 2135 1472 2181 sit,
1505 2141 1632 2169 tamen
1649 2141 1818 2183 propter

498 2196 782 2245 improbitatem
827 2195 907 2231 eius
951 2201 1091 2245 surget
1134 2201 1169 2229 et
1213 2194 1318 2229 dabit
1360 2193 1419 2228 illi
1466 2199 1649 2242 quotquot
1705 2192 1817 2227 habet

499 2253 747 2291 necessarios.
795 2253 847 2288 Et
885 2265 958 2303 ego
997 2253 1081 2288 dico
1122 2251 1249 2287 vobis:
1287 2251 1409 2287 Petite
1440 2258 1475 2286 et
1508 2250 1665 2286 dabitur
1696 2249 1815 2295 vobis,

498 2312 645 2361 querite
689 2319 724 2347 et
769 2310 979 2356 invenietis,
1019 2311 1176 2360 pulsate
1213 2317 1248 2345 et
1286 2309 1485 2358 aperietur
1523 2308 1641 2345 vobis.
1682 2307 1816 2343 Omnis
1833 2308 1873 2343 35

499 2370 596 2406 enim
641 2369 708 2419 qui
748 2369 846 2418 petit
889 2368 1027 2418 accipit
1064 2375 1100 2404 et
1137 2367 1202 2416 qui
1237 2367 1362 2416 querit
1399 2366 1540 2402 invenit
1577 2373 1613 2402 et
1645 2365 1820 2414 pulsanti

498 2428 708 2477 aperietur.
738 2427 835 2470 Quis
856 2439 954 2477 ergo
977 2438 1028 2462 ex
1050 2426 1155 2462 vobis
1165 2433 1321 2475 patrem
1340 2425 1437 2474 petit
1455 2436 1609 2474 panem,
1633 2423 1817 2471 numquid

499 2486 668 2535 lapidem
709 2485 815 2520 dabit
853 2485 941 2520 illi?
983 2492 1049 2520 aut
1085 2484 1120 2520 si
1144 2484 1306 2532 pecierit
1332 2483 1491 2532 piscem,
1530 2481 1714 2530 numquid
1739 2493 1816 2530 pro

494 2544 602 2593 pisce
643 2550 858 2592 serpentem
906 2542 1042 2578 dabit?
1086 2549 1152 2577 aut
1194 2542 1229 2577 si
1266 2540 1428 2590 pecierit
1460 2552 1587 2586 ovum,
1634 2538 1817 2587 numquid

494 2601 672 2652 porrigit
715 2601 774 2636 illi
809 2600 1085 2650 scorpionem?
1129 2600 1172 2635 Si
1208 2611 1306 2649 ergo
1352 2611 1419 2634 vos
1457 2610 1541 2634 cum
1585 2597 1669 2633 sitis
1711 2596 1876 2643 mali,4o

571 2789 596 2809 2·
620 2782 657 2809 B:
680 2789 743 2809 non
763 2784 858 2808 amat.
932 2780 957 2808 3.
979 2782 1007 2807 A
1027 2781 1057 2807 in
1080 2788 1194 2815 marg:
1215 2779 1382 2807 Jolzannes.
1404 2788 1428 2807 1.
1503 2786 1541 2806 12.
1562 2779 1591 2805 A
1611 2778 1640 2805 in
1658 2785 1772 2812 marg:
1788 2783 1817 2803 2.

502 2816 542 2844 18.
564 2818 592 2844 A
613 2817 642 2843 in
666 2824 780 2850 marg:
814 2824 856 2849 3,·
889 2816 928 2843 ib.
952 2816 989 2842 ss:
1011 2815 1053 2842 ad
1071 2815 1196 2842 ianuam
1218 2823 1278 2850 per
1304 2816 1395 2841 viam.
1503 2814 1550 2841 26,
1572 2813 1610 2840 ss:
1644 2812 1745 2844 dicem·
1776 2811 1816 2838 ib.

503 2852 540 2878 B:
563 2851 735 2879 Accomodo
755 2850 856 2877 michi.
930 2849 972 2878 33.
995 2851 1036 2877 A:
1060 2852 1169 2885 quotus
1188 2853 1218 2876 et
1235 2850 1332 2877 lzahet.
