2003 3322
204 230 221 266 3
232 242 251 277 7
260 231 281 267 8
908 239 1026 271 OPUs
1051 239 1387 271 EVANGELICUM
1530 227 1644 284 [CAP.
1664 236 1805 266 xxxvi

488 345 631 381 iudicat
661 345 813 394 quidem
848 353 883 381 et
915 357 990 381 non
1023 346 1308 394 condempnat?
1339 345 1392 381 Et
1423 346 1505 394 quis
1537 352 1592 382 est
1622 346 1688 395 qui
1717 354 1805 383 con‘-

488 404 671 452 dempnat
698 403 850 451 quidem
883 410 918 439 et
950 410 1077 439 tamen
1112 403 1299 439 dimittit?
1340 403 1393 439 Et
1424 404 1508 452 quis
1544 411 1600 440 est
1626 404 1704 452 qui,
1739 405 1805 440 dat

486 461 735 509 exposuimus
750 461 810 496 ihi.
827 461 880 496 Et
894 462 1217 509 quemadmodum
1231 462 1428 512 superflua
1444 461 1596 510 quidem
1611 474 1805 509 mensura,

487 520 605 555 datur
636 519 671 554 ei
698 519 763 568 qui
799 531 866 555 nec
903 519 1059 567 iudicat,
1098 527 1289 556 commota
1327 527 1453 555 autem
1493 519 1527 555 ei
1555 519 1621 569 qui
1649 519 1805 567 iudicat,

487 589 559 612 non
598 585 725 613 autem
766 578 1033 626 condempnat,
1074 578 1172 613 bona
1211 585 1336 613 autem
1381 578 1415 614 ei
1451 577 1515 626 qui
1552 578 1839 626 condempnat5

484 635 557 671 ‘sed
589 635 757 681 dimittit,
798 635 975 683 quoniam
1008 636 1106 671 sicut
1138 635 1265 672 maior
1296 643 1352 672 est
1381 635 1579 685 superflua
1612 647 1804 681 mensura,

489 705 602 742 quam
647 700 838 729 commota
886 700 921 729 et
967 700 1159 730 commota
1204 694 1332 730 maior
1376 701 1432 730 est
1473 705 1586 741 quam
1632 693 1728 730 bona
1772 701 1807 730 et

490 751 602 796 iusta,
647 751 957 800 sic-perfeccior
988 759 1043 787 est
1081 752 1157 798 ille,
1197 752 1262 800 qui
1298 764 1364 788 nec
1386 751 1558 797 iudicat,
1596 763 1709 800 quam
1735 751 1808 787 'ille

491 809 556 857 qui
586 809 732 845 iudicat
754 816 788 844 et
817 822 889 845 non
923 810 1192 858 condempnat,
1225 817 1260 846 et
1282 810 1346 846 ille
1367 810 1431 859 qui
1452 821 1550 845 nunc
1572 809 1716 846 iudicat
1738 809 1808 845 sed

498 879 570 903 non
593 868 861 916 condempnat,
894 867 1032 903 melior
1054 875 1109 904 est
1131 868 1197 904 illo
1219 868 1284 916 qui
1304 868 1560 916 condempnat
1579 875 1614 903 et
1636 867 1804 903 dimittit.
1826 880 1864 902 10

211 929 357 968 Matthew
377 938 464 957 more
549 925 627 961 Hic
670 932 795 961 autem
835 926 1034 962 Mattheus
1075 926 1202 961 onmia
1247 926 1316 962 illa
1359 926 1468 962 brevi
1502 937 1694 965 sermonex
1717 938 1804 962 con-

227 972 351 991 conmse
371 966 445 992 than
583 983 589 989 .
710 984 715 990 .
866 987 869 989 ,
964 983 970 990 .
1055 984 1061 990 .
1124 983 1130 990 .
1487 983 1493 989 .
1557 984 1563 990 .
1654 983 1661 990 .
1694 983 1700 990 .

284 999 379 1026 Luke.
490 983 616 1029 cluszt,
675 984 824 1019 dicens:
875 983 1007 1019 Nolite
1048 984 1222 1020 iudicare
1273 991 1312 1020 ut
1363 996 1435 1019 non
1481 984 1711 1020 zudzcemznz.
1764 984 1806 1019 In

488 1053 709 1090 quocunque
731 1041 829 1078 enim
853 1041 992 1078 iudicio
1015 1041 1293 1090 iudicaveritis,
1327 1041 1564 1077 iudicabitur
1587 1042 1632 1078 de
1654 1041 1774 1088 vobis,
1800 1037 1803 1095 Ι

486 1099 707 1149 intelligens
740 1099 917 1148 quoniam
951 1100 1084 1136 iudicii
1112 1112 1242 1136 sermo
1280 1101 1333 1136 ad
1369 1099 1496 1136 omnia
1524 1100 1694 1149 pertinet
1725 1100 1804 1136 illa.
1854 1101 1935 1145 395³

485 1157 588 1193 Nam
611 1158 677 1206 qui
696 1158 841 1194 iudicat
862 1164 1009 1194 tantum
1021 1165 1244 1206 peccantem
1267 1159 1302 1194 in
1325 1170 1366 1194 se
1388 1165 1421 1194 et
1444 1170 1516 1194 non
1539 1158 1804 1207 condempnat,
1825 1160 1862 1192 15

485 1215 646 1265 iudicat,
679 1223 715 1252 et
745 1216 811 1264 qui
840 1228 913 1251 non
945 1217 1070 1252 solum
1104 1216 1248 1252 iudicat
1284 1217 1353 1252 sed
1384 1216 1503 1252 eciam
1536 1216 1805 1265 condempnat,

485 1273 640 1310 iudicat.
699 1274 788 1310 Hoc
839 1274 963 1323 ipsum
1017 1274 1115 1310 enim
1168 1275 1456 1324 condempnare
1513 1273 1686 1310 iudicare
1737 1281 1804 1313 est.

484 1332 598 1382 Ergo
638 1344 715 1381 pro
760 1332 827 1368 illo
871 1332 974 1380 quod
1018 1332 1147 1368 Lucas
1192 1332 1313 1369 dixit:
1358 1332 1490 1368 Nolite
1527 1331 1702 1368 iudicare
1738 1339 1805 1367 aut

483 1390 696 1426 iudicantes
739 1389 856 1426 nolite
896 1391 1194 1439 condempnare,
1239 1391 1304 1427 ille
1343 1390 1463 1426 dixit.-
1503 1390 1545 1425 In
1585 1401 1806 1439 quocunque

483 1448 622 1484 iudicio
655 1447 933 1494 iudicaveritis,
967 1438 1201 1484 iudicabitur
1225 1449 1270 1485 de
1294 1449 1411 1495 vobis,
1443 1448 1483 1483 id
1505 1455 1572 1494 est,
1605 1448 1638 1484 si
1659 1448 1804 1484 iudica·
1821 1459 1863 1481 20

484 1506 616 1542 veritis
657 1514 693 1542 et
734 1518 807 1542 non
851 1506 1238 1556 condempnaveritis,
1296 1506 1414 1543 simili
1459 1506 1598 1541 iudicio
1651 1513 1685 1542 et
1737 1518 1806 1543 vos

483 1564 633 1613 quidem
679 1564 943 1600 iudicabimini
984 1577 1005 1600 a
1045 1565 1143 1611 Deo,
1188 1565 1257 1601 sed
1299 1577 1372 1601 non
1417 1564 1801 1613 condempnabimini.

484 1622 527 1657 Si
557 1629 683 1658 autem
708 1630 744 1658 et
765 1622 978 1658 iudicantes
1010 1622 1400 1671 condempnaveritis,
1433 1622 1552 1658 simili
1572 1621 1712 1658 iudicio
1737 1634 1805 1658 vos

483 1680 747 1716 iudicabimini
796 1688 831 1716 et
880 1680 1263 1730 condempnabimini.
1316 1680 1369 1716 Et
1419 1680 1521 1728 quod
1569 1680 1634 1716 ille
1685 1680 1805 1716 dixit.-

483 1738 679 1774 Dimittite
710 1746 746 1774 et
779 1738 1036 1785 dimittemini,
1070 1739 1159 1775 date
1190 1746 1226 1774 et
1258 1738 1414 1774 dabitur
1441 1737 1559 1784 vobis,
1592 1738 1661 1774 iste
1684 1738 1859 1774 dixit:25

483 1797 524 1831 In
558 1808 629 1844 qua
664 1808 844 1832 mensura
878 1797 1000 1832 mensi
1021 1796 1200 1845 fueritis,
1233 1796 1418 1832 mecietur
1449 1795 1567 1832 vohis.
1613 1795 1702 1832 Hoc
1734 1803 1801 1840 est,

480 1854 516 1890 si
552 1867 624 1890 non
667 1855 801 1905 rogati
838 1854 1062 1891 dimiseritis
1089 1862 1291 1903 peccatum
1325 1853 1526 1903 proximis
1565 1853 1704 1890 vestris
1733 1855 1803 1890 sed

481 1912 562 1948 solo
596 1912 672 1948 Dei
709 1920 899 1961 respectu,
938 1920 974 1948 et
1010 1913 1118 1948 Deus
1156 1924 1207 1948 ex
1244 1925 1284 1948 se
1313 1912 1540 1961 priusquam
1581 1919 1749 1962 rogetur
1779 1925 1801 1947 a

482 1970 588 2006 vobis
625 1971 789 2006 dimittet
822 1971 940 2006 vobis.
975 1971 1019 2006 Si
1049 1978 1174 2007 autem
1210 1971 1345 2020 rogati
1375 1969 1523 2006 veniam
1555 1969 1739 2006 dederitis
1767 1977 1802 2006 et

481 2029 589 2064 Deus
633 2036 721 2064 tunc
764 2029 869 2064 vohis
909 2029 1013 2064 dabit
1053 2029 1215 2075 veniam,
1260 2041 1344 2064 cum
1385 2028 1513 2078 dignis
1547 2027 1729 2076 precibus
1768 2035 1802 2064 et
1818 2030 1859 2063 30

481 2099 658 2137 congrua
704 2087 981 2123 lamentacione
1034 2099 1117 2122 eum
1166 2086 1416 2136 rogaveritis.
1468 2085 1657 2129 Quoniam
1703 2097 1800 2135 ergo

483 2145 640 2180 dixerat
675 2145 875 2194 precipue,
913 2145 1011 2181 sicut
1044 2144 1144 2180 dixit
1184 2144 1427 2181 doctoribus:
1467 2143 1597 2179 Nolite
1628 2143 1802 2179 iudicare

481 2210 516 2239 et
539 2215 611 2239 non
635 2203 864 2249 indicemini,
898 2203 1167 2238 convenienter
1187 2203 1298 2238 addit
1324 2209 1360 2238 et
1393 2201 1505 2238 dicit:
1540 2201 1646 2244 Quid
1672 2208 1798 2237 autem

482 2261 588 2297 vides
623 2261 823 2309 festucam
869 2261 904 2296 in
953 2261 1062 2297 oculo
1093 2260 1246 2309 fratris
1290 2260 1355 2306 tui,
1400 2260 1548 2295 trabem
1592 2265 1718 2295 autem
1763 2259 1799 2294 in

482 2319 591 2354 oculo
639 2326 702 2354 tuo
743 2331 816 2355 non
858 2319 993 2355 vides?
1040 2325 1079 2354 ut
1116 2318 1209 2368 quid
1248 2318 1353 2354 vides
1381 2318 1581 2366 festucam
1620 2317 1657 2352 in
1689 2317 1798 2354 oculo
1816 2318 1855 2351 35

470 2376 624 2425 fratris
667 2377 751 2412 tui?
802 2376 856 2412 Ac
900 2376 933 2412 si
976 2376 1099 2412 dicat:
1149 2376 1292 2412 Melius
1334 2382 1390 2411 est
1434 2387 1500 2411 nec
1545 2375 1682 2411 docere
1732 2387 1799 2411 nec

482 2435 770 2483 reprehendere
807 2434 949 2470 laicum
984 2446 1097 2483 quam
1132 2434 1271 2470 docere
1302 2441 1337 2469 et
1369 2441 1403 2469 te
1435 2433 1559 2482 ipsum
1593 2433 1629 2468 in
1662 2445 1796 2482 repre-

482 2493 661 2528 hensione
693 2492 913 2538 consistere,
954 2492 1131 2540 quoniam
1165 2492 1254 2528 talis
1287 2491 1463 2527 doctrina
1497 2503 1569 2527 non
1602 2497 1657 2526 est
1688 2491 1797 2526 audi-

482 2550 567 2586 bilis
598 2551 668 2586 sed
700 2550 919 2586 derisibilis.
961 2550 1131 2599 Propter
1162 2550 1263 2598 quod
1295 2549 1416 2585 omnis
1447 2549 1632 2599 sacerdos
1661 2548 1696 2598 si
1717 2548 1798 2584 vult

483 2608 623 2644 docere
662 2608 850 2657 populum
891 2608 1006 2657 prius
1054 2620 1094 2644 se
1137 2608 1261 2657 ipsum
1308 2608 1460 2652 doceat,·
1509 2606 1544 2642 si
1587 2613 1854 2648 autem-se4o

551 2793 574 2820 ¹3.
599 2794 636 2820 13:
660 2794 722 2820 tihi.
833 2793 860 2827 ὃ,
883 2803 909 2828 9,
933 2795 976 2820 Α;
1005 2801 1095 2828 quam
1117 2794 1169 2820 ille
1188 2795 1240 2828 qm·
1261 2792 1381 2820 iudicat
1399 2792 1492 2819 deest.
1596 2791 1637 2819 25.
1659 2792 1704 2818 A:
1731 2791 1793 2818 ille.

480 2827 576 2889 gast&
598 2829 626 2856 in
651 2837 765 2863 marga
788 2828 880 2855 Nota.
955 2828 1001 2862 36,
1018 2828 1062 2863 37-
1078 2830 1120 2855 A:
1142 2829 1189 2855 vel
1207 2827 1445 2862 reprehendere.
1513 2825 1559 2862 39.
1575 2827 1618 2853 A:
1634 2825 1794 2853 desidera-
