2003 3322
161 226 236 259 144

856 219 974 251 OPUS
999 218 1338 250 EVANGELICUM
1558 207 1664 260 [CAP.
1685 216 1748 244 XL.

442 338 671 375 quamquam
717 326 917 361 iubeamur
959 337 1043 361 cum
1089 325 1302 361 hominibus
1339 332 1521 372 quantum
1565 325 1601 360 in
1646 326 1752 362 nobis

442 391 498 420 est
521 396 658 433 pacem
691 384 845 430 habere,
879 383 942 419 ubi
972 383 1098 431 utique
1130 390 1165 419 et
1195 383 1461 419 benevolencia
1485 390 1520 419 et
1543 383 1751 420 concordia

443 449 477 477 et
509 442 704 478 consensio
732 448 860 491 potest
897 441 1074 490 intelligi,
1120 453 1192 477 non
1239 441 1347 477 video
1393 448 1518 477 tamen
1563 442 1750 490 quomodo

442 500 627 548 accipiam
650 500 696 535 ab
719 499 870 535 homine
892 511 959 535 nos
987 498 1104 535 iudici
1124 498 1241 545 tradi,
1267 498 1330 534 ubi
1355 498 1552 535 Christum
1576 499 1751 550 intelligo

443 558 620 604 iudicem,
645 565 732 593 ante
763 557 869 593 cuius
900 556 1072 592 tribunal
1103 568 1232 592 omnes
1256 563 1407 605 oportet
1437 557 1625 604 exhiberi,
1656 557 1786 593 sicut5

444 616 534 651 dicit
565 616 786 664 Apostolus,
825 614 1014 663 quomodo
1059 626 1156 664 ergo
1199 614 1317 650 iudici
1352 614 1573 651 traditurus
1604 621 1659 650 est
1691 614 1754 663 qui

443 673 670 721 quandoque
682 680 770 709 ante
784 672 946 708 iudicem
959 672 1115 721 pariter
1129 672 1382 707 exhibebitur.
1406 672 1482 708 Aut
1495 672 1753 722 sipropterea

442 731 616 766 traditur
648 731 804 779 quisque
836 730 963 777 iudici,
997 729 1084 778 quia
1116 729 1306 765 hominem
1340 730 1437 776 lesit,
1481 731 1655 778 quamvis
1687 730 1753 766 illo

444 802 516 825 non
559 789 737 824 tradente
775 788 838 837 qui
869 789 970 824 lesus
1008 794 1076 833 est,
1122 788 1241 823 multo
1288 788 1525 824 commodius
1567 788 1756 837 accipitur

443 860 465 882 a
499 847 586 897 Iege
623 847 705 895 ipsa
745 858 853 882 reum
892 845 1001 882 tradi
1036 845 1163 891 iudici,
1203 852 1338 881 contra
1371 858 1484 894 quam
1508 846 1622 894 fecit,
1668 858 1751 882 cum
1774 856 1812 877 10

444 905 633 940 hominem
658 905 815 940 lederet.
853 904 953 946 Quia
977 904 1048 939 etsi
1068 903 1276 939 occidendo
1299 903 1381 951 quis
1403 904 1576 939 nocuerit
1598 904 1753 950 homini,

444 975 517 999 non
550 963 623 999 erit
654 962 730 998 iam
764 969 914 1011 tempus
951 973 1024 1010 quo
1063 962 1272 997 concordet
1314 973 1398 997 cum
1445 973 1501 1009 eo,
1546 961 1631 1010 quia
1677 962 1752 997 iam

444 1033 517 1056 non
550 1027 605 1056 est
637 1032 721 1056 cum
754 1019 821 1055 illo
853 1020 889 1055 in
923 1019 997 1062 via,
1030 1019 1069 1054 id
1100 1026 1166 1064 est,
1200 1019 1235 1055 in
1269 1019 1340 1055 hac
1373 1019 1471 1054 vita:
1502 1031 1568 1055 nec
1595 1017 1600 1072 Ι
1628 1027 1754 1055 tamen
1794 1017 1876 1062 369⁶

443 1079 529 1115 ideo
561 1090 633 1114 non
665 1078 867 1114 sanabitur
894 1077 1100 1126 penitendo
1138 1084 1173 1112 et
1212 1077 1263 1112 ad
1300 1077 1405 1113 illius
1442 1077 1752 1113 misericordiam

444 1149 529 1173 cum
551 1136 743 1186 sacrificio
766 1136 897 1171 cordis
920 1135 1095 1171 tribulati
1116 1135 1351 1184 refugiendo
1374 1134 1437 1182 qui
1459 1136 1576 1171 donat
1596 1142 1754 1184 peccata
1775 1133 1812 1167 15

446 1194 642 1231 conversis
684 1194 737 1229 ad
778 1205 819 1229 se
861 1201 896 1229 et
933 1193 998 1242 qui
1028 1193 1120 1242 plus
1156 1193 1303 1242 gaudet
1351 1193 1397 1228 de
1443 1205 1516 1228 uno
1549 1201 1757 1242 peccatore

439 1252 634 1303 penitente
665 1264 779 1300 quam
820 1252 866 1287 de
903 1251 1113 1301 nonaginta
1155 1263 1289 1287 novem
1327 1250 1446 1287 iustis.
1505 1250 1628 1287 Carni
1663 1263 1755 1287 vero

446 1311 566 1347 multo
600 1310 725 1346 minus
765 1309 874 1345 video
906 1310 1099 1358 quomodo
1139 1309 1312 1345 benevoli
1350 1309 1411 1345 vel
1448 1309 1659 1345 concordes
1698 1309 1759 1345 vel

446 1368 726 1405 consencientes
748 1380 829 1404 esse
851 1367 1062 1403 iubeamur.
1099 1367 1232 1416 Magis
1255 1367 1352 1403 enim
1370 1374 1598 1416 peccatores
1626 1374 1757 1403 amant

447 1439 602 1463 carnem
635 1438 745 1462 suam
779 1433 813 1461 et
845 1426 1082 1462 concordant
1113 1437 1198 1461 cum
1232 1425 1299 1460 illa
1338 1431 1373 1460 et
1411 1425 1656 1461 consenciunt
1688 1424 1756 1468 illi,
1772 1432 1814 1454 20

448 1485 512 1534 qui
542 1496 633 1521 vero
665 1483 854 1520 subiciunt
884 1496 968 1520 eam
999 1483 1189 1529 servituti,
1234 1495 1306 1519 non
1340 1482 1414 1531 ipsi
1446 1483 1691 1519 consenciunt
1723 1482 1758 1518 ei

447 1543 516 1579 sed
542 1542 678 1592 pocius
710 1541 784 1591 ipsi
813 1553 895 1577 eam
929 1541 1002 1578 sibi
1032 1541 1246 1577 consentire
1276 1548 1431 1591 cogunt.

504 1601 691 1637 Fortasse
733 1600 857 1650 igitur
888 1599 1063 1635 iubemur
1095 1599 1179 1635 Deo
1212 1599 1426 1635 consentire
1457 1605 1493 1634 et
1524 1598 1558 1635 ei
1588 1598 1762 1635 benevoli

448 1671 540 1705 esse,
579 1665 620 1694 ut
656 1658 691 1693 ei
727 1657 1019 1694 reconsiliemur
1049 1670 1070 1692 a
1104 1669 1175 1705 quo
1210 1657 1407 1706 peccando
1448 1657 1580 1693 aversi
1614 1669 1758 1703 sumus,

449 1724 489 1753 ut
526 1716 781 1752 adversarius
823 1722 952 1752 noster
990 1715 1065 1751 dici
1098 1714 1234 1764 possit.
1285 1714 1431 1757 Quibus
1467 1715 1564 1750 enim
1604 1709 1816 1758 resistit,25

449 1782 552 1811 recte
599 1774 740 1809 dicitur
783 1786 917 1810 eorum
962 1773 1227 1809 adversarius.
1273 1773 1383 1809 Deus
1434 1772 1531 1808 enim
1583 1772 1760 1821 superbis

450 1833 605 1878 resistit,
640 1832 845 1868 humilibus
877 1832 944 1867 dat
974 1830 1154 1881 graciam
1189 1837 1223 1866 et
1262 1830 1413 1866 inicium
1456 1830 1579 1867 omnis
1611 1830 1761 1879 peccati

448 1890 641 1940 superbia.
686 1890 845 1925 Inicium
890 1896 1016 1925 autem
1055 1888 1233 1938 superbie
1270 1889 1434 1924 hominis
1476 1895 1701 1938 apostatare
1738 1900 1760 1924 a

450 1949 555 1994 Deo;
586 1956 621 1984 et
652 1948 861 1997 Apostolus
893 1947 1005 1983 dicit.-
1048 1947 1092 1982 Si
1133 1946 1230 1982 enim
1271 1958 1355 1982 cum
1396 1946 1539 1983 inimici
1580 1957 1760 1992 essemus,

450 2006 691 2043 reconciliati
719 2018 850 2042 sumus
868 2006 952 2041 Deo
970 2017 1045 2054 per
1067 2011 1229 2040 mortem
1244 2005 1326 2054 filii
1356 2004 1447 2052 eius,
1481 2005 1601 2040 multo
1634 2004 1762 2054 magis
1778 2001 1820 2034 30

451 2064 690 2101 reconciliati
718 2063 821 2100 salvi
850 2064 994 2100 erimus
1025 2063 1060 2098 in
1094 2063 1170 2098 vita
1204 2062 1332 2111 ipsius.

508 2123 577 2158 Ex
609 2134 680 2171 quo
708 2128 837 2171 potest
867 2121 1045 2171 intelligi,
1078 2121 1224 2156 nullam
1258 2128 1479 2157 creaturam
1511 2120 1653 2156 malam
1678 2121 1762 2156 Deo

450 2192 530 2218 esse
576 2180 783 2224 inimicam,
836 2180 988 2228 quando
1034 2179 1184 2228 quidem
1235 2178 1309 2228 ipsi
1350 2179 1650 2215 reconciliantur
1701 2178 1764 2227 qui

451 2238 594 2274 inimici
613 2239 794 2287 suerunt.
835 2237 1018 2286 Quisquis
1050 2249 1148 2287 ergo
1181 2236 1216 2272 in
1250 2237 1320 2272 hac
1353 2237 1426 2283 via,
1459 2237 1499 2272 id
1530 2243 1598 2281 est,
1630 2235 1665 2271 in
1692 2237 1764 2272 hac

452 2298 528 2332 vita
561 2308 633 2332 non
655 2296 787 2345 suerit
824 2295 1094 2331 reconciliatus
1126 2295 1210 2330 Deo
1245 2306 1321 2343 per
1359 2301 1522 2331 mortem
1550 2293 1634 2344 filii
1670 2289 1819 2339 eius,35

451 2356 633 2391 tradetur
664 2354 782 2390 iudici
812 2354 858 2389 ab
891 2354 970 2399 illo,
1005 2353 1091 2402 quia
1115 2353 1235 2388 Pater
1260 2364 1332 2388 non
1357 2353 1500 2389 iudicat
1522 2364 1761 2401 quemquam,

451 2414 520 2449 sed
551 2420 661 2449 omne
693 2412 874 2448 iudicium
909 2411 1013 2448 dedit
1050 2411 1164 2457 Filio,
1211 2417 1324 2458 atque
1361 2411 1412 2446 ita
1453 2418 1579 2447 cetera
1619 2422 1689 2458 que
1726 2410 1761 2446 in

521 2568 546 2588 2.
574 2562 617 2588 A:
648 2560 700 2587 ubi
726 2559 849 2594 itaque;
876 2558 916 2585 ib.
944 2559 973 2584 et
997 2556 1101 2583 before
1126 2556 1342 2595 beneuolencffl
1372 2556 1495 2583 extinct.
1602 2565 1631 2589 4.
1652 2557 1766 2589 iudici,-

452 2597 496 2624 A:
513 2595 636 2627 induci,·
653 2594 690 2622 B:
706 2594 848 2621 correxit.
910 2601 936 2628 7.
947 2592 1205 2627 A:quandoque;
1219 2591 1259 2618 lb.
1270 2592 1313 2618 A:
1331 2590 1488 2618 iudicium.
1554 2591 1590 2619 15.
1604 2592 1646 2618 A:
1662 2592 1765 2619 cordis

452 2632 546 2658 deest.
634 2629 673 2657 ιθ.
695 2630 740 2656 A:
762 2635 932 2656 conversus
1015 2634 1053 2654 21.
1075 2627 1119 2654 A:
1140 2627 1171 2653 ei
1188 2625 1250 2661 qui.
1329 2633 1372 2653 22.
1393 2626 1439 2653 A:
1456 2626 1567 2661 pocius
1587 2626 1651 2661 ipsi
1668 2626 1762 2653 deest.

454 2664 494 2692 23.
516 2666 559 2693 A:
582 2664 755 2692 consentire
775 2663 877 2697 deest3
897 2662 937 2689 ib.
959 2663 1003 2690 A:
1025 2661 1074 2689 illi
1091 2660 1238 2689 benevoli.
1343 2659 1384 2688 32.
1406 2662 1450 2689 A:
1473 2661 1589 2688 nullam
1608 2663 1762 2689 naturam.

522 2748 554 2778 4.
587 2738 689 2768 Rom.
730 2737 819 2777 XIV,
863 2745 918 2772 103
956 2735 995 2766 Π.
1034 2734 1114 2765 Cor.
1147 2734 1188 2774 V,
1232 2743 1281 2764 10.
1429 2743 1478 2775 17.
1513 2733 1596 2765 Luc.
1627 2733 1700 2774 XV,
1733 2742 1762 2775 7.

456 2794 509 2826 27.
534 2785 603 2815 Jac.
633 2784 688 2821 lv,
715 2782 746 2814 6.
883 2781 935 2812 28.
962 2780 1068 2812 Eccli.
1094 2781 1134 2820 X,
1166 2790 1215 2820 14,
1247 2779 1298 2811 15.
1434 2781 1485 2812 30.
1514 2779 1615 2810 Rom.
1641 2779 1682 2817 V,
1714 2789 1762 2810 10.

457 2832 508 2872 37.
534 2830 610 2862 Joh.
638 2831 678 2869 V,
707 2839 757 2860 22.
