2003 3322
104 864 184 897 361⁸

228 232 317 261 CAP.
337 222 420 277 XX.]
737 233 877 265 PRIMA
903 232 1030 264 PARS.

227 342 298 378 ista
341 342 562 391 paciuntur.
619 340 705 375 Non
751 340 848 375 enim
900 339 1098 375 Christum
1143 338 1317 387 sequitur
1362 338 1425 387 qui
1468 349 1541 373 non

225 400 432 436 secundum
467 411 598 435 veram
619 398 744 447 fidem
780 405 814 434 et
845 397 1073 433 catholicam
1108 396 1348 446 disciplinam
1380 402 1543 432 vocatur

225 457 471 494 christianus.

288 516 475 562 Gaudete,
521 513 665 562 inquit,
711 521 746 550 et
784 514 969 560 exultate,
1014 513 1192 562 quoniam
1231 523 1380 548 merces
1413 518 1541 547 vestra

193 574 345 609 §multa
390 580 446 610 est
487 572 522 608 in
561 572 663 608 celis.
709 571 795 608 Non
840 571 900 607 hic
932 578 1028 621 puto
1068 571 1170 607 celos
1208 570 1285 606 dici
1319 569 1542 619 superiores

225 631 335 667 lulius
378 631 515 667 mundi
550 630 708 666 visibilis
735 637 883 679 partes.
930 629 1018 665 Non
1058 629 1155 665 enim
1201 640 1349 664 merces
1393 634 1540 673 nostra,

224 701 294 737 que
343 689 567 725 inconcussa
619 695 655 724 et
706 695 837 724 eterna
890 699 971 723 esse
1019 687 1141 733 debet,
1186 686 1222 722 in
1267 686 1381 722 rebus
1433 685 1540 721 volu-

223 747 359 783 bilibus
390 754 426 782 et
456 746 735 796 temporalibus
767 746 992 782 collocanda
1026 752 1093 790 est,
1126 744 1196 781 sed
1222 744 1258 779 in
1281 743 1372 780 celis
1396 743 1539 779 dictum

218 812 326 853 puto,
360 805 395 840 in
427 805 694 854 spiritualibus
714 803 992 853 firmamentis,
1033 803 1097 839 ubi
1128 802 1274 838 habitat
1305 801 1540 851 sempiterna

221 863 383 909 iusticia,
426 863 462 898 in
509 874 672 911 quorum
701 859 706 913 Ι
735 861 1030 911 comparacione
1072 869 1181 897 terra
1227 860 1369 896 dicitur
1411 859 1539 895 anima

221 920 347 969 iniqua
377 921 439 956 cui
454 921 631 970 peccanti
662 920 804 956 dictum
839 927 914 955 est:
958 920 1081 955 Terra
1106 931 1144 955 es
1167 926 1202 954 et
1224 918 1259 953 in
1283 925 1432 954 terram
1456 917 1539 956 ibis,

220 977 283 1015 De
304 979 436 1027 quibus
464 979 554 1014 celis
577 978 667 1014 dicit
686 978 916 1027 Apostolus:
946 977 1094 1014 Nostra
1119 976 1366 1013 conversacio
1390 976 1425 1011 in
1450 975 1540 1011 celis

221 1043 287 1072 est.
322 1036 503 1072 Senciunt
534 1049 631 1087 ergo
664 1036 775 1072 istam
810 1036 885 1071 iam
917 1036 1148 1081 mercedem,
1190 1034 1253 1083 qui
1288 1034 1464 1083 gaudent
1502 1033 1537 1069 in

221 1094 327 1131 bonis
358 1095 637 1144 spiritualibus,
685 1094 754 1130 sea'
792 1106 843 1130 ex
880 1093 985 1130 omni
1016 1100 1133 1143 parte
1166 1093 1408 1142 perficietur,
1453 1104 1537 1128 cum

168 1153 386 1188 15m0rtale
418 1153 488 1189 hoc
521 1153 688 1188 induerit
720 1152 1049 1187 inmortalitatem
1097 1151 1160 1187 Sic
1204 1151 1302 1186 enim
1341 1149 1541 1200 persecuti

219 1217 319 1256 sunt,
353 1210 496 1260 inquit,
525 1211 753 1260 prophetas,
786 1210 850 1258 qui
869 1217 955 1246 ante
979 1222 1045 1245 vos
1060 1209 1241 1257 fuerunt.
1276 1209 1388 1244 Nunc
1411 1215 1536 1246 autem

214 1269 526 1317 persecucionem
549 1268 789 1319 generaliter
803 1268 935 1317 posuit
957 1275 992 1303 et
1014 1268 1049 1303 in
1072 1267 1289 1303 maledictis
1321 1274 1356 1302 et
1378 1266 1413 1301 in
1439 1266 1536 1301 dila-

219 1326 418 1362 ceracione
438 1327 554 1375 same
585 1334 621 1362 et
652 1327 743 1362 bene
775 1326 954 1375 exemplo
977 1327 1210 1361 adhortatus
1233 1332 1300 1371 est,
1334 1324 1420 1373 quia
1445 1336 1537 1360 vera

220 1384 386 1420 dicentes
416 1385 539 1420 solent
566 1384 653 1433 pati
677 1384 1014 1433 persecucionem:
1057 1396 1123 1420 nec
1162 1390 1287 1419 tamen
1328 1382 1412 1418 ideo
1439 1394 1536 1431 pro-

163 1442 329 1490 20phete
359 1443 505 1491 antiqui
535 1443 674 1478 timore
697 1442 984 1491 persecucionis
1015 1455 1037 1477 a
1072 1441 1246 1478 veritatis
1264 1440 1538 1490 predicacione

219 1501 454 1549 defecerunt.

275 1560 324 1594 Et
357 1558 628 1595 Crisostomus
662 1557 717 1594 sic
749 1557 905 1594 scribit:
951 1558 1064 1594 Beati
1095 1557 1214 1603 eritis,
1249 1569 1333 1592 cum
1368 1568 1435 1592 vos
1467 1567 1535 1591 ex-

212 1617 493 1665 probraverint
531 1617 714 1654 homines.
768 1617 976 1665 Postquam
1023 1616 1171 1651 locutus
1216 1622 1271 1651 est
1319 1615 1365 1650 de
1403 1626 1537 1663 perse-

217 1675 433 1711 cucionibus
479 1675 722 1721 sustinendis,
768 1681 962 1723 tamquam
1001 1674 1036 1710 si
1079 1673 1311 1723 respondeat
1354 1673 1437 1721 quis
1487 1672 1539 1707 ad

162 1733 200 1765 25
218 1744 323 1768 eum:
373 1733 551 1779 Domine,
597 1733 687 1781 quid
729 1732 764 1768 si
796 1732 1108 1781 persecucionem
1154 1731 1270 1767 talem
1309 1731 1422 1780 passi
1464 1742 1537 1766 non

209 1790 411 1838 fuerimus
438 1798 606 1840 propter
637 1798 672 1826 te
705 1790 765 1826 vel
787 1797 955 1839 propter
988 1789 1178 1826 iusticiam
1212 1790 1248 1824 in
1282 1788 1536 1838 opprobrium

217 1855 322 1884 tuum
374 1850 442 1885 sed
498 1849 533 1884 in
588 1848 839 1898 opprobrium
895 1848 1112 1884 venerimus
1171 1855 1204 1883 et
1257 1846 1535 1896 blasphemiam

217 1906 412 1942 hominum
444 1907 694 1955 iniquorum?
724 1906 848 1953 Beati,
881 1906 1026 1954 inquit,
1059 1906 1178 1952 eritis,
1206 1917 1278 1941 non
1302 1905 1426 1941 solum
1451 1917 1535 1941 cum

212 1965 525 2013 persecucionem
544 1965 655 2013 passi
666 1964 842 2012 fueritis,
865 1965 933 2000 sed
955 1964 1073 2000 eciam
1098 1976 1183 1999 cum
1207 1963 1536 2012 exprobraverint

162 2025 202 2057 30
219 2034 284 2058 vos
313 2023 495 2058 homines.
530 2023 632 2058 Ecce
663 2023 776 2058 multi
806 2023 977 2058 homines
1004 2029 1172 2072 propter
1204 2034 1361 2057 causam
1385 2021 1535 2070 quidem

216 2081 294 2117 Dei
310 2081 415 2130 fiant
447 2081 552 2116 vobis
583 2080 737 2127 inimici,
773 2080 842 2116 sed
873 2093 945 2116 non
977 2087 1111 2129 aperte
1143 2092 1209 2115 vos
1235 2086 1536 2129 persequuntur,

208 2138 385 2186 forsitan
436 2139 522 2187 quia
567 2151 634 2174 nec
679 2145 855 2187 possunt,
906 2145 1032 2174 tamen
1084 2138 1363 2173 circumeuntes
1410 2137 1536 2173 onmia

218 2197 486 2246 blasphemant
525 2208 591 2232 vos
630 2204 665 2232 et
704 2197 834 2232 dicunt
874 2197 919 2232 de
953 2196 1057 2232 vobis
1096 2208 1165 2244 que
1203 2202 1292 2231 sunt
1325 2195 1534 2244 probrosa.

217 2254 331 2290 Beati
362 2255 481 2300 eritis,
515 2267 600 2290 cum
635 2266 701 2290 vos
733 2254 1063 2303 exprobraverint
1095 2253 1265 2289 homines
1297 2260 1332 2289 et
1365 2252 1538 2289 dixerint

162 2314 202 2347 35
218 2325 327 2348 omne
358 2313 502 2348 malum
536 2313 726 2348 adversus
759 2324 826 2348 vos
863 2312 1090 2348 mencientes
1117 2319 1284 2360 propter
1316 2323 1388 2346 me.
1430 2311 1537 2346 Sicut

219 2371 316 2406 enim
351 2383 484 2406 verum
518 2377 574 2406 est
605 2370 706 2419 quod
738 2370 802 2418 qui
832 2370 990 2406 calicem
1030 2382 1126 2418 aque
1158 2369 1264 2405 nobis
1291 2368 1535 2418 porrexerit,

219 2441 366 2464 merces
397 2429 476 2464 eius
508 2440 581 2464 non
609 2428 727 2477 perit,
769 2428 824 2463 sic
862 2429 927 2476 qui
964 2428 1024 2463 vel
1061 2427 1172 2463 unius
1210 2427 1318 2463 verbi
1354 2426 1539 2462 levissimi

220 2487 326 2522 vobis
358 2486 538 2521 iniuriam
562 2486 723 2534 fecerit,
771 2486 911 2521 iniuria
957 2493 1090 2522 nostra
1131 2497 1251 2521 vacua
1290 2497 1363 2520 non
1403 2485 1476 2521 erit
1514 2496 1536 2519 a

290 2686 329 2706 12.
348 2679 392 2706 A:
415 2678 561 2715 quoniam
581 2681 699 2706 nostra.
826 2678 866 2706 16.
887 2679 931 2705 A:
953 2680 1026 2705 ante
1046 2686 1111 2705 nos.
1237 2684 1281 2704 22.
1302 2678 1347 2704 A:
1374 2677 1419 2704 sz'c
1439 2677 1531 2704 deest.

220 2712 264 2748 32,
285 2712 326 2741 33.
347 2715 391 2741 A:
413 2714 633 2741 circumierunt
651 2713 753 2741 onznia
773 2713 973 2748 blasphemat.

290 2819 322 2849 4.
348 2808 468 2840 Matth.
493 2810 535 2845 V,
567 2819 617 2840 12.
753 2820 802 2841 11.
831 2809 916 2841 Gen.
942 2809 996 2848 HI,
1028 2818 1078 2851 19·
1207 2808 1257 2841 13.
1284 2807 1372 2838 Phil.
1398 2807 1452 2847 III,
1482 2816 1535 2838 20.

228 2854 277 2886 15.
292 2855 410 2886 Matth.
425 2856 466 2896 V,
490 2865 539 2886 12.
630 2865 683 2886 22.
703 2855 770 2897 Op.
789 2856 886 2897 Imp.,
906 2856 927 2886 l.
947 2865 975 2886 c.
993 2865 1026 2896 p.
1047 2864 1124 2897 791.
1214 2855 1267 2887 35.
1286 2852 1406 2884 Matth.
1420 2854 1461 2893 X,
1478 2863 1535 2894 42.

1354 2910 1396 2943 5-ὶέ

1587 1560 1804 1597 Chrysostom.
