2003 3322
216 205 304 234 CAP.
327 197 481 251 xxxix]
717 208 857 239 PRIMA
884 208 1009 239 PARS.

217 315 268 350 ad
300 315 425 350 Deum
459 321 493 350 et
530 314 629 349 alius
661 314 851 350 adversus
888 321 923 350 te
955 314 1079 350 Deum
1118 313 1364 363 interpellet?
1409 314 1458 349 Et
1495 315 1529 350 si

217 373 268 408 ad
306 372 413 408 istius
445 372 662 408 oracionem
697 372 778 407 vult
809 372 876 407 tibi
903 372 1010 408 Deus
1042 372 1350 408 misericordiam
1372 372 1526 420 facere,

216 429 319 466 illius
350 429 612 478 interpellacio
645 441 717 466 non
735 430 938 479 permittit.
972 430 1114 466 Melius
1141 437 1197 466 est
1228 437 1267 465 ut
1299 430 1370 466 etsi
1390 430 1530 466 nemini

211 488 370 536 prodes,
416 487 556 523 nemini
605 499 741 524 noceas
786 499 898 536 quam
944 495 984 524 ut
1027 488 1124 524 alios
1167 488 1312 537 spolias
1354 495 1389 524 et
1431 488 1529 524 alios

184 545 361 589 5vesties.
399 546 481 582 Hec
515 545 794 581 Crisostornus.

273 602 348 639 Hic
370 602 526 639 videtur
548 602 668 639 istum
692 611 875 639 sanctum
900 604 1105 639 doctorem
1131 603 1237 640 clare
1262 602 1394 639 dicere
1419 604 1527 652 quod

215 659 345 697 viator
377 669 536 697 tenetur
565 662 636 697 sub
660 673 763 708 pena
787 660 1012 697 amissionis
1046 660 1306 697 beatitudinis
1339 661 1370 697 si
1403 662 1522 698 talem

216 718 403 755 habuerit
436 718 600 766 diligere
633 718 855 765 inimicum,
890 718 984 767 quia
1020 718 1136 755 aliter
1168 719 1298 767 perdit
1322 719 1394 755 Dei
1428 719 1527 755 arni-

216 775 372 824 eiciam,
407 785 443 813 et
471 776 674 825 diligendo
697 776 828 824 ipsum
851 782 909 824 (ut
933 776 1114 813 Christus
1137 776 1325 825 precipit)
1349 777 1527 825 adquirit

163 834 290 878 msibi
335 835 536 883 duplicem
583 834 825 881 amiciciam,
882 834 1034 871 scilicet
1080 834 1228 871 Christi
1275 844 1312 872 et
1356 835 1528 883 proximi

216 905 333 941 quem
367 892 423 929 sic
455 901 576 929 amat.
624 892 771 928 Christi
812 892 990 941 quidem,
1036 892 1131 941 quia
1168 892 1264 929 facit
1302 894 1376 930 hoc
1417 906 1528 930 man-

217 951 354 987 datum
379 963 526 987 novum
553 952 661 999 quod
685 950 866 987 Christus
889 950 1061 999 precipit
1091 960 1128 987 et
1160 951 1291 999 ipsum
1315 950 1526 988 inimicum

216 1008 311 1045 facit
342 1010 562 1045 secundum
597 1008 693 1057 quid
726 1008 918 1055 amicum,
959 1008 1053 1057 quia
1086 1009 1200 1046 aliter
1233 1009 1414 1045 Christus
1447 1022 1529 1045 non

217 1065 366 1103 diceret
399 1068 498 1103 Jude
526 1067 613 1103 Joh.
638 1068 777 1103 XVIII:
804 1067 935 1103 Amice
957 1068 1009 1102 ad
1029 1067 1121 1116 quid
1143 1067 1308 1103 venisti?
1332 1067 1528 1104 Amicicia

164 1133 200 1167 15
218 1123 323 1161 enim
357 1137 447 1161 cum
482 1125 532 1161 sit
554 1126 604 1161 ad
629 1124 796 1172 aliquid,
821 1126 871 1161 ad
895 1126 971 1161 hoc
994 1134 1038 1161 ut
1060 1126 1257 1161 habeatur
1289 1124 1526 1173 simpliciter

217 1182 384 1231 requirit
422 1195 556 1220 veram
600 1182 856 1219 concordiam
897 1191 1179 1221 extremorum.
1234 1184 1312 1220 Sed
1357 1184 1407 1220 ad
1453 1184 1528 1220 hoc

217 1241 325 1289 quod
371 1240 439 1277 uni
488 1240 593 1289 parti
637 1240 763 1288 prosit
807 1240 1044 1289 simpliciter
1088 1240 1192 1277 illius
1238 1241 1362 1290 partis
1409 1241 1528 1289 exigit

216 1297 440 1344 caritatem,
474 1308 511 1335 et
543 1299 599 1335 sic
633 1298 847 1335 concilium
872 1299 1019 1335 Christi
1051 1298 1266 1347 utrobique
1290 1308 1348 1336 est
1370 1299 1527 1336 facilius

216 1365 336 1405 atque
365 1355 516 1404 utilius,
551 1356 645 1405 quia
678 1358 874 1393 servando
907 1357 1013 1393 istud
1046 1356 1260 1394 concilium
1295 1357 1527 1394 reconcilia-

159 1433 200 1455 20
216 1413 323 1451 bitur
374 1415 496 1451 homo
545 1414 671 1460 fratri,
731 1423 769 1451 et
828 1424 923 1452 tunc
975 1424 1108 1463 potest
1159 1415 1338 1452 securius
1383 1415 1528 1453 offerre

217 1484 361 1508 munus
395 1472 560 1509 ecclesie
594 1482 630 1509 et
662 1474 795 1510 facere
834 1474 1105 1522 quodcunque
1145 1475 1293 1510 bonum
1338 1487 1439 1522 opus
1479 1474 1527 1510 de

215 1542 358 1578 genere
391 1532 499 1579 quod
531 1532 703 1567 deberet.

274 1589 460 1625 Secundo
498 1588 656 1626 videtur
695 1600 877 1637 expresse
917 1601 961 1625 ex
999 1589 1205 1626 sentencia
1244 1589 1360 1626 huius
1399 1589 1526 1627 sancti

215 1647 323 1694 quod
368 1646 564 1683 confessio
602 1646 751 1684 vocalis
790 1647 894 1684 facta
933 1647 1134 1684 sacerdoti
1178 1647 1409 1685 introducta
1455 1661 1525 1697 per

159 1711 199 1744 25
217 1705 479 1741 Innocencium
525 1706 588 1741 III
623 1717 705 1741 non
757 1713 814 1741 est
865 1714 948 1741 tam
999 1705 1225 1743 necessaria
1278 1705 1431 1743 homini
1483 1715 1525 1742 ut

217 1761 376 1809 diffinit,
409 1762 504 1812 quia
527 1762 796 1800 Crisostornus
829 1762 926 1800 dicit
958 1763 1022 1800 hic
1055 1765 1176 1812 quod,
1210 1763 1241 1800 si
1274 1764 1363 1813 quis
1395 1765 1524 1801 solum

217 1820 406 1867 cogitatu,
440 1822 561 1858 verbo
582 1822 643 1858 vel
665 1833 785 1869 opere
818 1821 1029 1858 offenderit
1054 1822 1219 1859 fratrem
1253 1835 1369 1859 suurn
1397 1823 1526 1859 solum

217 1877 408 1926 cogitatu,
452 1880 574 1916 verbo
606 1880 667 1916 vel
699 1891 821 1928 opere
853 1879 1000 1916 sufficit
1032 1879 1225 1928 penitere.
1279 1882 1371 1917 Ideo
1410 1881 1528 1917 debet

212 1948 316 1985 papa
357 1937 517 1973 Latinus
574 1938 808 1974 erubescere
864 1938 912 1974 de
961 1937 1028 1974 illa
1068 1940 1260 1975 moderna
1300 1938 1528 1987 penitencia

159 2001 202 2033 30
217 1993 301 2030 sine
322 1994 576 2041 fundacione,
611 2008 700 2032 cum
722 2007 804 2032 non
825 1995 917 2032 licet
941 1996 1310 2033 mortalibuseciam
1335 1996 1528 2045 apostolis

217 2051 459 2089 difficultare
494 2053 621 2101 legem
663 2052 826 2090 Domini
849 2054 954 2090 ultra
982 2054 1057 2090 hoc
1091 2055 1200 2102 quod
1226 2054 1395 2103 ipsemet
1425 2054 1528 2090 limi—

216 2109 327 2146 tavit.
383 2110 596 2158 Sapiencia
629 2119 764 2148 autem
801 2111 935 2148 divina
973 2113 1225 2148 Hebreorum
1257 2121 1293 2149 et
1323 2112 1527 2161 sapiencia

217 2169 436 2204 Grecorum
470 2168 696 2206 desiderent
727 2169 846 2205 istam
878 2169 1094 2206 stulticiam
1127 2169 1376 2207 Latinorum.

1741 212 1807 245 14¹

1551 611 1611 639 We
1631 620 1681 639 are
1702 612 1805 639 bound

1583 651 1613 673 to
1634 647 1703 686 love
1723 655 1779 674 our

1606 689 1751 709 enennes.

1592 1595 1758 1624 Auricular

1551 1630 1727 1659 confession
1749 1633 1809 1660 less

1549 1671 1711 1702 necessary
1731 1667 1804 1694 than

1574 1699 1722 1728 Innocent
1742 1702 1783 1729 ΙΙΙ

1581 1733 1720 1763 declared
1742 1737 1773 1764 it.

274 2227 323 2261 Et
362 2238 405 2262 ex
443 2225 528 2263 istis
566 2226 723 2263 videtur
761 2227 886 2263 tercio
919 2227 1203 2276 particularius
1244 2229 1525 2265 descendendo
1540 2233 1817 2269 Therivalpopes

160 2288 200 2321 35
216 2285 326 2331 quod
369 2285 489 2321 ambo
533 2297 636 2333 pape
680 2285 866 2322 moderni
911 2285 1101 2322 decidunt
1139 2298 1161 2322 a
1209 2285 1344 2335 papali
1389 2286 1525 2323 officio

216 2343 349 2389 quoad
384 2344 526 2389 Deum,
572 2342 667 2391 quia
704 2352 874 2392 uterque
913 2343 1074 2380 illorum
1112 2345 1173 2380 vel
1211 2345 1313 2381 alter
1347 2344 1526 2392 peccavit

216 2398 256 2435 in
288 2399 487 2448 reliquum
523 2409 559 2437 et
591 2402 812 2438 secundum
847 2402 923 2438 hoc
949 2403 1184 2438 mandatum
1209 2401 1357 2438 Christi
1381 2403 1527 2438 debent

216 2457 469 2494 reconciliari
502 2467 719 2508 antequam
754 2460 854 2495 alter
885 2459 1029 2496 offerat
1063 2473 1208 2496 munus
1240 2473 1377 2496 suum·
1419 2461 1528 2509 quod

1370 2490 1378 2507 9

216 2527 306 2551 cum
340 2514 546 2563 omittunt,
580 2525 690 2565 patet
723 2529 767 2553 ex
799 2516 867 2554 illa
900 2517 1115 2555 maledicta
1147 2518 1398 2566 negligencia
1431 2531 1528 2566 quo-

286 2683 306 2702 1.
326 2675 371 2702 A:
394 2674 490 2702 Deum
510 2675 605 2702 Alter.
696 2675 718 2703 5.
739 2676 784 2703 A:
805 2676 928 2703 vestias.
1022 2676 1050 2703 6.
1071 2677 1099 2704 A
1119 2676 1148 2704 in
1171 2684 1286 2712 marg:
1312 2676 1481 2704 Jolzannes.
1505 2685 1527 2703 1.

217 2716 254 2736 12.
276 2710 318 2736 A:
340 2717 452 2737 nonum
472 2712 503 2737 ut
526 2709 675 2737 Christus.
784 2718 824 2738 21.
845 2712 889 2738 A:
911 2719 988 2746 opus
1007 2711 1102 2738 deest.
1199 2719 1242 2738 22.
1263 2712 1308 2739 A:
1330 2711 1415 2747 quod
1433 2712 1527 2738 deest.

217 2742 260 2771 23.
280 2745 309 2771 A
329 2744 357 2771 in
380 2751 493 2779 marg:
516 2751 543 2771 2.
617 2743 663 2778 34.
685 2745 713 2772 A
732 2745 762 2772 in
786 2753 903 2781 mai-gr:
924 2754 957 2781 3.

291 2826 340 2855 ¹4-
367 2815 486 2847 Matth.
511 2816 631 2856 XXVI,
660 2816 711 2848 50.
810 2816 862 2849 25.
890 2817 942 2849 Cf.
968 2817 1018 2849 De
1044 2817 1271 2857 Eucharistia‚
1298 2829 1331 2860 p.
1359 2819 1436 2851 331.

1598 2268 1701 2296 would
1726 2269 1760 2295 be

1575 2303 1745 2330 reconciled
1767 2303 1793 2330 if

1574 2339 1644 2372 they
1664 2338 1781 2373 obeyed

1624 2373 1737 2401 Christ.
