2003 3322
195 235 271 270 352
901 243 1018 275 opus
1045 244 1381 276 EVANGELICUM
1554 232 1660 286 [CAP.
1683 241 1791 269 xxix.

483 358 524 385 ut
568 357 659 384 sunt
707 349 832 397 magis
872 350 986 386 bone.
1031 351 1112 385 Nec
1151 358 1281 397 potest
1321 350 1491 386 deficere
1523 349 1563 386 in
1597 362 1690 386 cura
1724 350 1794 386 ali-

222 412 305 452 ‘We
326 418 407 440 must
482 407 595 443 cuius
648 415 841 444 creature.
897 408 951 442 Ex
1003 419 1083 455 quo
1136 407 1293 443 videtur
1336 407 1578 455 capiendum
1625 407 1793 444 ulterius

220 453 334 475 ¹m¹t³te
356 448 435 475 God.
481 473 686 513 tamquam
766 464 863 500 fides
916 466 1023 512 quod
1076 477 1165 500 cum
1223 466 1412 501 debemus
1464 465 1612 501 imitari
1666 468 1790 501 Deum

482 531 675 570 quantum
712 522 946 567 sufficimus,
981 523 1173 558 debemus
1206 523 1294 569 plus
1328 534 1468 559 curare
1501 524 1548 559 de
1581 523 1695 559 bonis
1717 523 1793 559 vir-

481 588 611 616 tutum
647 592 723 627 que
761 588 853 616 sunt
893 581 997 616 bona
1030 579 1164 616 anime
1197 589 1233 615 et
1268 589 1476 616 manerent
1509 581 1718 616 nobiscum
1754 580 1826 617 in5

480 638 612 673 fructu
656 646 851 685 perpetuo
891 650 1011 686 quam
1057 639 1104 673 de
1144 637 1256 673 bonis
1297 638 1478 686 corporis
1519 651 1595 686 que
1634 647 1793 686 oportet

479 695 634 732 viantes
673 695 712 731 in
751 695 814 731 via
853 695 1092 743 relinquere.
1132 697 1218 732 Hoc
1258 696 1363 731 enim
1404 696 1505 732 foret
1549 696 1790 744 principium

481 753 697 789 christiane
737 752 941 801 religionis
981 753 1184 789 hominem
1226 765 1309 789 esse
1348 753 1563 790 sollicitum
1599 753 1704 790 circa
1736 753 1795 789 iu-

479 811 634 847 sticiam
689 820 725 847 et
777 811 943 847 virtutes
995 811 1093 847 alias
1138 810 1421 859 adquirendas,
1467 813 1704 848 exercendas
1758 821 1794 848 et

480 868 773 905 continuandas
820 878 857 905 et
902 868 1215 905 sollicitudinem
1270 869 1373 905 circa
1427 869 1666 917 temporalia
1718 869 1851 905 istaio

479 926 719 975 relinquere.
765 929 865 963 Nam
913 927 1081 975 quilibet
1127 926 1277 963 diceret
1321 927 1428 975 quod
1474 927 1574 963 foret
1618 927 1792 963 stulticia

480 984 683 1021 hominem
720 997 803 1021 esse
836 984 1053 1021 sollicitum
1087 984 1195 1020 circa
1225 993 1358 1020 ortum
1389 984 1483 1021 solis
1506 986 1566 1021 vel
1589 997 1791 1031 occasum,

240 1050 412 1085 Authings
481 1042 574 1090 quia
626 1045 732 1079 Deus
785 1043 1009 1079 necessario
1064 1051 1216 1078 motum
1270 1042 1354 1078 eius
1406 1043 1659 1080 determinat.
1713 1045 1792 1079 Nec

206 1084 368 1151 Πειὲίξρῑῗζῗ
378 1071 444 1146 obfut
481 1109 612 1147 potest
635 1102 684 1136 ad
715 1101 789 1137 hoc
822 1100 1050 1137 sollicitudo
1083 1099 1257 1136 hominis
1290 1113 1540 1149 promovere,
1575 1109 1612 1137 et
1635 1100 1690 1137 sic
1713 1113 1792 1137 non

215 1150 393 1215 mmsfssre‘gjfl
415 1162 441 1180 ¹5
482 1159 598 1194 debet
622 1159 743 1194 homo
767 1158 872 1195 circa
902 1158 1054 1206 aliquid
1086 1158 1397 1194 sollicitudinem
1423 1159 1666 1206 appendere,
1700 1171 1790 1194 cum
1812 1160 1847 1193 15

480 1215 618 1252 onmia
641 1228 719 1264 que
743 1216 924 1252 evenient
957 1218 1004 1252 de
1037 1216 1273 1253 necessitate
1308 1216 1502 1261 evenient,
1538 1216 1612 1252 nisi
1646 1216 1792 1252 sollici-

479 1275 577 1310 tudo
610 1273 675 1309 illa
709 1276 842 1322 quoad
874 1274 1038 1310 virtutes
1071 1287 1161 1310 suas
1201 1283 1334 1322 posset
1367 1274 1575 1321 proficere.
1625 1276 1678 1310 Ex
1711 1286 1790 1322 quo

477 1331 634 1367 videtur
667 1333 776 1380 quod
815 1333 865 1368 ad
899 1334 1048 1368 bonum
1090 1341 1127 1368 et
1162 1332 1310 1368 malum
1344 1344 1421 1379 que
1453 1340 1562 1368 stant
1602 1331 1642 1367 in
1672 1331 1790 1368 liber-

476 1397 556 1425 tate
588 1389 648 1425 sui
682 1389 837 1426 arbitrii
871 1391 1015 1426 debent
1048 1389 1260 1437 diligenter
1293 1390 1499 1426 attendere
1531 1398 1568 1425 et
1601 1390 1651 1425 ad
1684 1391 1788 1425 bona

477 1446 635 1483 fortune
675 1456 711 1483 et
751 1447 828 1484 alia
869 1460 961 1484 cure
1000 1460 1068 1484 sue
1108 1448 1238 1483 minus
1276 1447 1389 1483 utilia
1430 1460 1553 1495 parva
1594 1459 1688 1483 cura
1728 1449 1789 1484 vel
1806 1459 1847 1480 20

476 1505 585 1541 nulla
624 1505 832 1553 respicere.
879 1507 992 1542 Unde
1035 1507 1250 1554 desperans
1294 1507 1341 1541 de
1380 1505 1463 1541 istis
1497 1505 1788 1553 temporalibus

476 1562 571 1599 dicit
609 1562 824 1599 infideliter
865 1565 974 1612 quod
1008 1566 1113 1599 Deus
1153 1576 1232 1599 non
1273 1563 1423 1610 cogitat
1455 1564 1514 1599 vel
1554 1576 1634 1599 non
1675 1572 1788 1600 curat

476 1622 523 1656 de
557 1621 848 1668 temporalibus
881 1621 955 1658 sibi
988 1621 1223 1658 necessariis
1245 1621 1306 1657 vel
1328 1620 1424 1657 dicit
1457 1620 1673 1657 infideliter
1695 1633 1785 1657 cum

475 1678 672 1726 Epicuriis
705 1680 814 1726 quod
849 1679 1053 1715 beatitudo
1088 1678 1260 1715 hominis
1300 1678 1482 1715 consistit
1515 1678 1556 1714 in
1588 1678 1684 1725 illis3
1719 1680 1788 1715 sed

476 1736 571 1784 quid
610 1735 809 1772 infidelius
847 1750 968 1785 quam
1008 1736 1247 1785 utrumque?
1290 1736 1489 1784 Respiciat
1528 1749 1621 1784 ergo
1660 1736 1787 1773 fidelis
1804 1739 1843 1771 25

475 1795 525 1829 ad
571 1794 644 1830 sibi
689 1794 938 1842 pertinencia
978 1803 1015 1830 et
1056 1795 1122 1831 illa
1162 1806 1239 1842 que
1279 1804 1370 1830 sunt
1403 1796 1508 1831 bona
1541 1794 1689 1839 anime,
1743 1803 1786 1830 ut

474 1851 675 1887 iusticiam
733 1861 770 1888 et
821 1851 1139 1900 adquisicionem
1191 1851 1449 1888 beatitudinis
1500 1852 1625 1899 magis
1677 1861 1789 1888 curet

475 1918 512 1945 et
545 1910 593 1945 de
632 1909 747 1945 bonis
788 1910 969 1958 corporis
1007 1923 1148 1958 parum
1192 1918 1301 1946 curet
1341 1909 1440 1946 citra
1472 1909 1785 1946 sollicitudinem

477 1968 694 2006 moderate.
729 1969 777 2004 Et
800 1969 875 2004 hoc
905 1967 1148 2016 principium
1184 1967 1331 2004 diaboli
1365 1967 1459 2004 facit
1493 1968 1639 2004 multos
1673 1980 1787 2004 mun-

475 2026 599 2061 danos
646 2038 667 2061 a
707 2025 901 2073 religione
946 2025 1109 2062 Domini
1143 2025 1314 2071 deviare,
1355 2038 1443 2061 cum
1487 2025 1619 2073 cupidi
1654 2025 1845 2062 clerici3o

477 2082 669 2119 maiorem
700 2095 837 2119 curam
868 2093 1078 2132 apponunt
1102 2085 1148 2120 ad
1176 2083 1341 2131 pingues
1365 2082 1579 2131 dignitates
1603 2083 1787 2119 ecclesia-

474 2140 593 2177 sticas
624 2140 894 2189 adquirendas
918 2154 1039 2189 quam
1069 2142 1119 2178 ad
1150 2141 1349 2177 iusticiam
1376 2142 1598 2177 docendam
1624 2140 1787 2177 ecclesie

473 2199 535 2234 vel
558 2198 846 2235 beatitudinem
872 2199 1075 2247 propriam
1107 2199 1413 2247 adquirendam.
1448 2200 1524 2235 Sed
1548 2211 1625 2247 que
1659 2198 1787 2235 maior

475 2256 715 2292 infidelitas?
776 2256 964 2305 Religiosi
1018 2257 1143 2293 eciam
1203 2256 1347 2293 novelli
1402 2256 1595 2292 maiorem
1649 2268 1785 2292 curam

475 2323 684 2362 apponunt
723 2316 773 2351 ad
812 2314 1164 2351 continuacionem
1211 2314 1271 2350 sui
1312 2313 1487 2350 mardosi
1525 2313 1679 2350 ordinis
1717 2326 1787 2361 per
1803 2316 1843 2351 35

477 2372 686 2408 mendacia
731 2381 767 2408 et
812 2372 909 2408 alias
950 2372 1032 2409 vias
1077 2372 1252 2409 nefarias
1292 2385 1412 2420 quam
1459 2380 1668 2420 apponunt
1712 2384 1785 2419 pro

478 2429 782 2477 multiplicanda
828 2430 986 2466 iusticia
1031 2430 1068 2466 in
1114 2430 1281 2466 ecclesia
1322 2429 1531 2467 militante.
1578 2430 1655 2466 Sed
1690 2428 1786 2477 quid

476 2487 700 2523 infidelius?
725 2490 770 2523 Et
794 2488 825 2524 si
848 2500 928 2524 non
947 2488 1062 2524 fallor
1088 2487 1217 2524 maior
1232 2500 1323 2536 pars
1348 2487 1494 2523 erroris
1519 2486 1783 2523 militancium

476 2547 524 2582 ab
557 2545 643 2593 ipsa
676 2545 912 2582 infidelitate
946 2546 1053 2594 capit
1084 2545 1279 2593 originem
1313 2554 1355 2581 ut
1388 2554 1469 2581 tam
1505 2545 1631 2581 clerus
1664 2557 1784 2593 quarn

546 2753 570 2782 3.
593 2755 634 2782 A:
658 2754 790 2782 imitate.
884 2754 923 2782 16.
944 2755 972 2781 A
993 2754 1021 2781 in
1045 2761 1140 2789 maig
1153 2764 1158 2769 ·
1186 2753 1267 2781 Nom
1289 2753 1372 2788 quod
1392 2753 1494 2780 omnia
1514 2761 1572 2788 que
1591 2752 1786 2780 ezenier1tde

476 2793 656 2816 necessitate
675 2774 1345 2819 evement.10.A·secunaumarbit1i'.1
1419 2795 1457 2815 21.
1481 2788 1517 2814 ss:
1546 2788 1606 2815 Ιιίιε
1632 2790 1742 2848 tevAn'po
1752 2794 1785 2813 α-

476 2825 561 2850 libus.
636 2832 714 2857 22,2
701 2824 744 2850 ὕ.
766 2825 807 2851 A:
830 2824 907 2850 di'ctt
925 2823 1096 2859 infideliter
1114 2839 1147 2842 —
1168 2823 1387 2861 temporalibus
1408 2823 1502 2849 deest.
1581 2830 1628 2855 24.
1688 2820 1784 2856 Ep'v

477 2859 682 2886 cu›·1‘s.25.
704 2860 747 2885 A:
770 2858 937 2893 Respiccat.
1011 2858 1328 2892 30.A:1psatxx1cc
