2003 3322
161 232 171 255 1
191 220 236 255 16
849 225 967 257 OPUS
992 224 1328 256 EVANGELICUM
1492 211 1597 265 [CAP.
1619 221 1757 249 xxxm.

164 340 209 368 He
229 340 354 380 fulfilled
374 340 424 367 the
504 332 720 367 Secundum
765 332 920 367 modum
974 331 1127 367 vivendi
1175 338 1301 367 autem
1357 332 1481 381 legem
1534 330 1760 378 adimplevit

172 376 413 446 trhaevgtlssatsseby
446 390 591 425 duobus
623 389 758 425 modis.
805 389 980 424 Primum
1028 389 1244 425 exteriores
1288 389 1437 437 quidem
1478 388 1577 438 legis
1596 388 1760 438 figuras

190 445 284 480 doing
303 445 395 480 good.
444 448 610 493 solvens,
671 447 874 483 interiores
924 454 1050 482 autem
1098 447 1279 483 veritates
1324 447 1402 483 eius
1446 446 1676 495 adimplens,
1720 452 1760 481 ut

440 513 549 554 puta,
582 505 618 540 in
652 505 739 555 lege
765 505 940 554 precepit
972 517 1082 540 omne
1114 517 1208 553 opus
1230 505 1369 541 servile
1392 505 1427 540 in
1450 504 1607 540 sabbato
1631 515 1758 552 quem-

445 575 557 611 quam
582 562 726 611 facere
757 575 829 598 non
861 563 998 598 debere
1021 570 1273 611 preterquam
1303 563 1404 611 quod
1424 562 1476 612 fit
1499 562 1603 597 omni
1623 561 1793 607 anime‚5

446 622 516 657 hoc
536 621 717 670 figurale
749 628 816 665 est,
850 620 935 669 quia
967 620 1021 656 sic
1053 621 1161 657 Deus
1191 621 1349 657 sabbato
1383 627 1506 656 cessat
1550 620 1595 655 ab
1629 632 1757 669 opere.

447 678 716 727 Spiritualiter
758 686 884 714 autem
931 679 1139 715 secundum
1185 679 1379 729 evangelii
1422 678 1622 714 veritatem
1667 689 1761 726 opus

446 736 588 772 servile
620 743 675 772 est
703 743 918 785 peccatum,
962 737 1139 785 quoniam
1172 737 1295 772 omnis
1340 737 1403 785 qui
1422 736 1527 785 facit
1560 743 1760 785 peccatum

445 806 583 831 servus
626 801 681 830 est
718 795 882 843 peccati.
938 794 1059 830 Omne
1101 802 1227 830 autem
1272 807 1367 844 opus
1409 795 1546 830 bonum
1592 806 1664 830 non
1709 800 1764 829 est

446 853 588 889 servile
619 853 688 888 sed
718 852 878 888 liberale
909 859 944 888 et
970 864 1047 902 pro
1079 853 1204 888 anime
1224 853 1278 902 fit
1311 853 1499 900 libertate,
1540 852 1626 888 licet
1658 851 1762 887 vide-
1783 862 1821 883 10

448 917 538 946 atur
582 922 677 959 opus
720 910 756 946 in
789 910 922 959 prima
956 911 1067 959 facie
1109 911 1325 959 corporale.
1379 910 1491 946 Vides
1536 922 1633 961 ergo
1677 910 1763 958 quia

454 968 633 1004 Christus
663 968 833 1004 sabbatis
871 980 1037 1017 operans
1069 968 1297 1018 adimplevit
1341 969 1479 1019 legem,
1525 980 1597 1004 non
1636 968 1764 1014 solvit,

449 1026 726 1074 manifestavit,
760 1038 833 1062 non
866 1026 1118 1063 conculcavit.

506 1084 613 1128 Item,
654 1084 689 1120 in
723 1085 810 1135 lege
843 1085 985 1133 fuerat
1030 1085 1238 1134 scriptum:
1285 1084 1455 1134 Lepram
1495 1091 1659 1134 tangere
1690 1095 1763 1119 non

450 1149 611 1192 oportet.
646 1142 733 1178 Hoc
752 1142 979 1192 figuratum
1013 1149 1089 1178 est:
1120 1143 1250 1192 Lepra
1283 1143 1379 1179 enim
1414 1142 1647 1192 intelligitur
1674 1153 1763 1191 pec·
1784 1141 1820 1173 ¹5

449 1207 596 1245 catum‚·
633 1200 813 1237 Christus
846 1213 944 1251 ergo
978 1208 1141 1251 tangens
1174 1201 1323 1250 lepram
1365 1213 1436 1237 non
1481 1200 1596 1236 solvit
1638 1199 1763 1250 legem

448 1259 517 1295 sed
566 1258 804 1308 adimplevit.
868 1259 1064 1295 Mundans
1120 1266 1246 1295 autem
1300 1259 1511 1308 leprosum,
1572 1257 1764 1294 iusticiam

450 1323 633 1366 operatus
675 1324 742 1362 est,
789 1329 861 1353 non
901 1324 1118 1366 peccatum,
1171 1324 1206 1353 et
1244 1324 1410 1366 propter
1461 1317 1532 1352 hoc
1576 1316 1765 1352 iusticiam

451 1375 590 1425 tetigit,
625 1387 697 1411 non
725 1382 927 1424 peccatum
961 1376 1064 1424 quod
1096 1382 1152 1411 est
1184 1387 1274 1411 vere
1305 1375 1427 1424 lepra.
1462 1374 1563 1410 Nam
1597 1374 1662 1410 ille
1705 1373 1768 1422 qui

445 1440 647 1482 peccatum
681 1445 753 1468 non
776 1433 878 1482 fecit
917 1445 984 1469 nec
1017 1433 1129 1469 dolus
1167 1433 1341 1469 inventus
1384 1440 1439 1469 est
1483 1432 1518 1468 in
1564 1444 1631 1469 ore
1674 1432 1766 1479 eius,
1783 1442 1824 1464 20

451 1498 598 1527 certum
630 1498 687 1527 est
718 1492 820 1540 quod
841 1503 1032 1540 nunquam
1056 1491 1183 1542 tetigit
1205 1492 1369 1541 lepram,
1403 1491 1442 1526 id
1464 1498 1531 1538 est,
1550 1497 1764 1540 peccatum.

451 1549 595 1585 Merito
628 1561 725 1599 ergo
759 1549 870 1585 dicit.-
916 1549 1051 1586 Donec
1082 1557 1255 1586 transeat
1293 1550 1415 1586 celum
1449 1556 1484 1585 et
1524 1556 1645 1592 terra,
1690 1548 1766 1584 iota

452 1619 567 1643 unum
601 1607 662 1643 vel
694 1620 790 1643 unus
821 1619 926 1657 apex
958 1620 979 1643 a
1013 1607 1100 1658 lege
1131 1620 1204 1644 non
1233 1607 1453 1657 preteribit,
1488 1608 1607 1644 donec
1640 1606 1766 1643 omnia

440 1665 556 1715 fiant.
598 1666 788 1709 Quoniam
823 1666 949 1701 omnia
983 1677 1053 1714 que
1084 1666 1130 1701 ab
1154 1666 1264 1702 inicio
1288 1666 1424 1701 mundi
1444 1678 1562 1715 usque
1586 1665 1620 1701 in
1641 1664 1766 1714 finem

452 1730 565 1759 erunt
586 1723 733 1772 futura
767 1736 900 1759 eorum
935 1723 1107 1760 misteria
1139 1730 1228 1760 sunt
1256 1724 1491 1773 prophetata
1525 1724 1560 1759 in
1595 1723 1694 1773 lege,
1726 1729 1767 1758 ut
1784 1722 1823 1755 25

453 1793 498 1817 ne
544 1781 723 1817 videatur
765 1781 913 1830 aliquid
956 1794 1089 1818 eorum
1135 1794 1205 1830 que
1237 1782 1343 1832 fiunt
1388 1782 1495 1818 Deus
1538 1793 1610 1817 non
1656 1788 1767 1817 antea

452 1839 691 1889 cognovisse.
727 1840 942 1889 Propterea
976 1839 1087 1875 dicit:
1119 1840 1206 1876 Non
1235 1847 1362 1889 potest
1382 1840 1481 1889 fieri
1518 1847 1557 1875 ut
1596 1845 1770 1875 transeat

453 1897 575 1933 celum
609 1897 670 1933 vel
701 1905 823 1945 terra,
857 1898 975 1934 donec
1008 1898 1134 1934 omnia
1158 1898 1285 1947 quein
1310 1898 1396 1949 lege
1422 1898 1658 1948 prophetata
1682 1903 1770 1933 sunt

454 1955 568 1992 rebus
600 1955 692 2004 ipsis
712 1956 870 2004 fuerint
901 1956 1123 2005 adimpleta.
1172 1956 1367 2006 Ingenuus
1398 1957 1511 1992 homo
1554 1956 1589 1992 si
1625 1955 1685 1991 vel
1733 1954 1768 1989 in

455 2013 522 2049 vili
554 2014 751 2049 mendacio
784 2014 958 2050 inventus
978 2014 1109 2062 suerit
1141 2014 1340 2052 erubescit.
1374 2014 1428 2050 Et
1449 2013 1640 2063 quomodo
1663 2013 1770 2048 Deus
1786 2013 1827 2045 30

455 2072 555 2120 quod
594 2071 629 2107 in
670 2072 757 2122 lege
789 2072 971 2121 promisit
1009 2084 1080 2107 non
1103 2072 1235 2120 faciat
1273 2073 1334 2108 vel
1364 2072 1479 2108 aliter
1501 2072 1651 2120 saciat:
1707 2070 1771 2106 Vir

454 2129 607 2178 sapiens
622 2130 724 2178 quod
746 2130 893 2165 dixerit
916 2130 1072 2166 verbum
1098 2142 1207 2166 suum
1233 2142 1305 2166 non
1329 2130 1511 2179 relinquit
1534 2130 1569 2165 in
1593 2140 1767 2166 vacuum.

455 2187 507 2222 Et
551 2188 741 2236 quomodo
799 2188 915 2223 verba
965 2187 1093 2223 divina
1137 2188 1217 2224 sine
1262 2188 1367 2224 exitu
1427 2200 1547 2224 vacua
1586 2193 1772 2236 poterunt

457 2246 689 2281 remanere?
741 2246 848 2282 Deus
885 2246 1075 2281 hominem
1110 2246 1233 2295 punit,
1280 2246 1314 2282 si
1352 2247 1454 2295 quod
1495 2246 1604 2282 docet
1638 2245 1771 2290 alium,

456 2303 536 2352 ipse
568 2315 639 2339 non
662 2304 820 2352 fecerit.
875 2304 1078 2348 Quomodo
1124 2303 1302 2340 Christus
1335 2304 1406 2340 hoc
1445 2304 1593 2340 locutus
1637 2310 1692 2339 est
1735 2302 1770 2337 in
1788 2299 1827 2334 35

451 2362 655 2410 prophetis
687 2373 760 2397 non
783 2361 1007 2411 adimplebit
1024 2361 1060 2397 in
1084 2362 1230 2410 opere?
1258 2362 1429 2410 Denique
1451 2361 1622 2411 implevit
1646 2361 1770 2411 legem

456 2419 491 2454 in
525 2419 701 2455 minimis.
737 2420 820 2456 Hee
853 2419 1137 2456 Crisostornus.

515 2478 557 2512 In
591 2477 664 2513 hiis
699 2476 815 2513 dictis
847 2477 1003 2514 videtur
1048 2478 1167 2513 istum
1201 2486 1384 2514 sanctum
1435 2479 1641 2514 doctorem
1675 2478 1771 2512 Gre—

458 2547 547 2570 cum
584 2536 729 2572 multas
762 2535 958 2572 notabiles
981 2535 1166 2572 veritates
1195 2535 1374 2582 innuere,
1400 2535 1532 2583 primo
1557 2535 1771 2571 dividendo

530 2689 549 2707 1.
572 2681 609 2707 B:
631 2680 752 2707 modum
772 2684 874 2708 autem
894 2681 1046 2708 veniendi.
1147 2680 1172 2708 3.
1193 2682 1237 2708 A:
1258 2683 1359 2707 autem
1380 2681 1475 2708 twice!
1575 2689 1615 2714 14,
1639 2681 1677 2708 B:
1700 2680 1772 2708 Item

459 2715 553 2742 deest.
628 2723 666 2748 17.
690 2716 726 2742 B:
748 2715 905 2743 Mundans
925 2717 1013 2743 enim.
1100 2715 1137 2742 18.
1161 2716 1198 2742 B:
1220 2718 1251 2743 et
1266 2724 1325 2751 per
1345 2716 1410 2743 lzoc.
1485 2717 1530 2742 20.
1552 2717 1597 2743 A:
1619 2724 1677 2751 que
1687 2715 1773 2750 fiunt

459 2750 552 2776 deest.
627 2750 665 2776 31.
689 2751 726 2777 B:
748 2754 803 2777 aut
823 2752 926 2778 aliter.
1006 2750 1045 2778 58.
1069 2752 1095 2777 A
1117 2750 1145 2777 in
1170 2759 1282 2785 marg:
1303 2750 1470 2777 Jolzannes.

529 2843 559 2874 7.
586 2833 663 2864 Joh.
692 2834 777 2873 VIII,
807 2836 858 2875 34.
961 2845 1009 2877 ¹9·
1037 2835 1077 2866 Is.
1107 2835 1190 2874 LIII,
1217 2845 1247 2877 9.
