2003 3322
213 250 286 288 192
910 250 1028 282 OPUS
1054 250 1391 283 EVANGELICUM
1617 240 1724 294 [CAP.
1744 250 1807 277 LII.

495 355 662 392 subditis
696 368 777 392 non
809 356 938 393 solum
974 359 1046 394 sub
1079 358 1209 394 forma
1231 358 1411 406 precepti
1434 357 1515 395 sive
1548 357 1703 395 consilii
1737 359 1804 395 sed

495 413 706 450 innuentes
738 414 859 450 tacite
892 417 1001 463 quod
1033 417 1106 452 hec
1137 416 1283 452 vellent
1321 416 1407 452 fieri
1440 416 1653 464 requirunt
1685 415 1807 453 tacite

495 471 567 508 hec
600 471 780 520 impleri3
827 481 979 521 quanto
1020 473 1145 521 magis
1191 474 1266 510 hoc
1311 473 1530 522 requiritur
1575 486 1596 510 a
1641 473 1807 511 domino

496 528 769 576 dominorum,
815 530 1043 578 specialiter
1076 544 1166 567 cum
1200 544 1281 568 non
1305 540 1439 579 potest
1471 531 1547 567 nisi
1575 532 1625 568 ad
1658 531 1805 568 iustum

495 596 531 624 et
564 587 661 623 utile
694 588 914 636 complenti
948 589 1175 636 consulere3
1210 589 1300 625 ideo
1334 589 1497 626 indubie
1522 588 1591 637 qui
1615 588 1809 638 relinquit
1825 595 1841 628 5·

495 645 753 693 despiciendo
797 645 898 682 tanti
943 646 1105 695 patroni
1151 646 1367 683 consilium
1416 647 1586 683 incurrit
1633 647 1808 696 prevari-

496 703 702 740 cacionern
746 704 786 740 in
829 703 901 740 Dei
943 713 1177 752 preceptum
1222 713 1258 741 et
1308 705 1578 753 ingratissime
1620 718 1666 742 ac
1713 706 1809 741 stul-

495 761 647 798 tissime
679 761 875 798 offensam
906 761 945 798 in
973 762 1092 799 istam
1126 762 1335 799 dominum
1370 772 1407 799 et
1440 771 1669 811 patronum.
1710 764 1743 799 O
1778 763 1809 799 si

496 818 671 867 religiosi
715 819 841 856 nostri
885 819 1073 857 timerent
1111 829 1303 868 patronos
1341 833 1434 857 suos
1472 820 1564 857 licet
1614 820 1807 857 iniustum

496 877 689 925 pecierint
720 890 802 913 non
836 877 1086 914 meritorium
1120 879 1188 914 sed
1222 890 1398 915 nocuum
1434 878 1654 915 resistendo
1686 878 1867 917 offen-10

497 936 602 981 dere,
654 944 806 984 quanto
859 935 986 983 magis
1037 935 1278 972 christianus
1331 936 1489 972 timeret
1545 935 1587 972 in
1638 935 1808 973 consilio

496 992 746 1030 condicionis
769 993 953 1041 opposite
976 993 1178 1030 offendere
1201 993 1410 1030 dominum
1433 996 1565 1030 Jesum
1591 993 1805 1030 Christum.

496 1053 623 1087 Nemo
669 1051 774 1087 enirn
817 1060 948 1099 potest
993 1063 1033 1088 se
1079 1064 1267 1088 excusare
1312 1052 1408 1100 quin
1452 1060 1586 1100 posset
1639 1051 1809 1088 faciliter

496 1108 665 1156 implere
710 1110 786 1145 hoc
816 1109 963 1146 Christi
1006 1109 1233 1156 consilium,
1283 1122 1373 1146 cum
1418 1109 1600 1146 consistit
1644 1122 1725 1146 non
1768 1109 1809 1145 in

496 1166 650 1203 difficili
687 1167 853 1215 agencia
896 1168 965 1204 sed
1007 1166 1048 1203 in
1090 1167 1233 1204 humili
1261 1167 1469 1215 paciencia
1502 1168 1609 1215 quod
1641 1166 1864 1216 quilibet15

496 1224 564 1273 qui
596 1225 716 1261 habet
748 1226 895 1262 bonum
931 1224 1111 1262 animum
1146 1234 1280 1273 posset
1312 1225 1517 1274 perficere.

216 1296 286 1323 The
307 1296 368 1323 cler
391 1295 469 1331 ydo
555 1283 671 1319 Unde
705 1283 886 1319 Christus
919 1283 959 1319 in
1005 1295 1075 1319 sua
1114 1283 1301 1331 passione
1341 1285 1513 1320 docebat
1553 1283 1672 1331 plane
1712 1295 1805 1319 con-

258 1330 436 1394 sfffifffss'tgw
496 1340 631 1377 silium
686 1340 792 1377 istud
836 1341 876 1377 in
923 1353 1045 1389 opere
1094 1350 1131 1377 et
1177 1350 1371 1389 martyres
1426 1340 1575 1378 Christi
1629 1353 1673 1377 ex
1724 1340 1808 1377 eius

269 1400 422 1435 teaching.
498 1398 683 1435 doctrina
715 1399 821 1435 istud
855 1399 1071 1436 consilium
1105 1399 1238 1447 sepius
1271 1398 1561 1448 practizabant.
1595 1400 1682 1444 Que
1715 1411 1808 1446 ergo

497 1456 704 1494 excusacio
736 1457 777 1493 in
809 1457 983 1506 peccatis
1016 1459 1125 1505 quod
1158 1470 1231 1494 nos
1264 1459 1314 1494 ad
1359 1469 1544 1506 magnam
1579 1455 1689 1504 pacis
1721 1468 1809 1504 per—
1825 1474 1867 1495 20

499 1514 781 1551 turbacionem
827 1515 933 1551 istud
979 1515 1190 1552 consilium
1238 1515 1400 1552 Domini
1452 1528 1534 1552 non
1587 1526 1807 1551 servamus.

499 1573 665 1609 Indubie
687 1573 845 1609 videtur
867 1574 975 1622 quod
999 1585 1071 1610 nos
1102 1573 1337 1610 manifestos
1361 1573 1680 1621 prevaricatores
1711 1571 1808 1620 legis

499 1630 664 1668 Domini
703 1640 966 1668 ostentamus.
1020 1630 1061 1668 Si
1102 1644 1196 1679 ergo
1235 1633 1307 1668 sub
1352 1643 1456 1680 pena
1501 1629 1809 1679 dampnacionis

500 1690 691 1726 debemus
724 1688 800 1737 legi
834 1689 906 1725 Dei
938 1698 1078 1726 nostro
1110 1688 1339 1726 adversario
1372 1690 1467 1725 dum
1500 1701 1639 1725 sumus
1673 1687 1713 1724 in
1744 1687 1809 1724 via

500 1746 622 1783 cicius
652 1747 890 1793 consentire,
926 1756 1078 1795 quanto
1109 1747 1236 1795 magis
1260 1748 1452 1784 debemus
1476 1746 1682 1783 addiscere
1705 1746 1809 1782 hanc
1827 1752 1866 1785 25

499 1805 723 1842 doctrinam
759 1818 840 1842 non
874 1806 1025 1841 malum
1059 1806 1120 1842 vel
1153 1805 1426 1851 maledictum,
1472 1813 1515 1841 ut
1548 1805 1689 1841 Petrus
1722 1815 1810 1852 pre-

500 1862 610 1911 cipit,
654 1862 821 1900 inimico
868 1872 1007 1900 nostro
1051 1865 1283 1912 rependere.
1329 1864 1377 1899 Et
1421 1862 1537 1899 istam
1584 1861 1809 1899 doctrinam

498 1920 796 1969 parvipendunt
835 1920 969 1958 clerici
1009 1934 1030 1958 a
1070 1934 1229 1957 summo
1268 1921 1459 1969 pontifice
1497 1932 1624 1968 usque
1664 1921 1714 1956 ad
1752 1919 1810 1955 in-

499 1979 639 2015 fimum
673 1980 945 2025 sacerdotem3
986 1988 1023 2016 et
1056 1992 1147 2016 curn
1180 1979 1237 2015 illi
1271 1981 1418 2016 debent
1451 1990 1534 2016 esse
1568 1977 1811 2025 exemplaria

498 2036 539 2073 in
571 2036 647 2073 isto
680 2038 831 2086 populo
870 2037 1016 2083 laicali,
1065 2050 1146 2074 non
1186 2037 1333 2073 mirum
1373 2037 1405 2073 si
1445 2037 1485 2073 in
1525 2035 1693 2073 ecclesia
1733 2034 1811 2071 sint
1827 2044 1869 2077 30

498 2107 573 2143 pax
597 2104 635 2131 et
667 2094 941 2143 tranquillitas
965 2097 1213 2143 perturbate.
1248 2097 1338 2132 Non
1372 2094 1477 2131 enim
1513 2102 1629 2130 sonat
1662 2093 1702 2129 in
1735 2093 1810 2128 hoc

500 2152 647 2189 Christi
682 2153 896 2190 consilium
930 2154 1037 2201 quod
1062 2165 1167 2201 papa
1201 2154 1396 2189 concedat
1430 2152 1646 2188 immensas
1680 2150 1811 2186 indul—

499 2210 659 2258 gencias
692 2213 741 2248 ad
775 2210 984 2247 inimicum
1017 2224 1133 2247 suum
1167 2220 1204 2247 et
1237 2219 1373 2259 gentes
1405 2219 1567 2247 neutras
1590 2222 1660 2257 per
1681 2219 1812 2245 sacer-

499 2270 612 2305 dotes
628 2269 818 2305 atrociter
830 2270 1168 2317 persequendum.
1192 2270 1284 2305 Ideo
1300 2268 1369 2317 qui
1384 2267 1555 2316 percipit
1570 2265 1810 2304 distanciam

499 2326 602 2363 inter
635 2328 710 2363 hoc
740 2327 889 2364 factum
915 2335 952 2363 et
974 2326 1080 2363 istud
1105 2326 1253 2363 Christi
1278 2326 1492 2363 consilium
1518 2333 1651 2374 posset
1675 2324 1810 2360 dolere
1827 2332 1866 2365 35

499 2385 547 2421 de
571 2386 647 2421 hoc
670 2385 847 2422 facinore
870 2385 949 2421 iam
974 2393 1166 2433 regnante
1190 2394 1227 2422 et
1250 2385 1457 2433 percipere
1479 2385 1588 2432 quod
1610 2382 1650 2419 in
1673 2381 1812 2418 diebus

499 2442 584 2479 istis
613 2442 851 2479 novissimus
875 2444 1104 2479 sacerdotes
1128 2442 1183 2479 illi
1208 2443 1276 2491 qui
1301 2443 1445 2479 debent
1467 2439 1812 2490 propinquissime

499 2500 611 2549 sequi
645 2500 847 2537 Christum
899 2510 990 2537 sunt
1038 2514 1060 2537 a
1104 2500 1183 2537 suis
1227 2500 1424 2549 preceptis
1472 2509 1592 2548 atque
1636 2497 1811 2535 consiliis

501 2558 671 2595 maxime
704 2558 891 2606 elongati.

557 2617 672 2653 Unde
705 2616 846 2653 fratres
885 2615 953 2665 qui
985 2624 1118 2653 tacent
1151 2616 1287 2653 dolere
1326 2616 1365 2652 in
1404 2616 1479 2652 hoc
1522 2614 1700 2652 facinore
1743 2613 1869 2656 sed4o

499 2674 666 2710 omnino
699 2674 767 2722 qui
795 2682 1014 2722 procurant
1046 2674 1224 2711 officiose
1257 2674 1363 2710 istud
1396 2673 1563 2722 implere
1595 2674 1812 2710 ostendunt

571 2839 591 2859 1.
624 2832 667 2858 A:
692 2829 843 2871 sormam.
952 2832 975 2859 5.
1009 2832 1047 2859 B:
1080 2839 1141 2859 non
1171 2832 1305 2859 indubie.
1414 2839 1452 2859 21.
1483 2833 1527 2860 Ax
1558 2831 1686 2859 Domini
1711 2832 1808 2859 twice.

499 2873 549 2900 40.
570 2867 613 2893 A:
637 2869 665 2894 et
685 2868 744 2894 zsto
753 2865 919 2901 faemore,
