2003 3322
199 216 288 244 CAP.
308 207 435 261 xxm]
674 216 885 248 SECUNDA
914 216 1039 247 PARS.

198 325 375 374 simplici,
409 325 448 360 id
480 332 547 371 θεῖ,
580 323 790 359 intencione
819 335 989 372 superna
1011 322 1096 373 fine
1117 322 1183 358 illo
1206 322 1392 366 caritatis.
1426 323 1511 370 quia

195 383 396 432 plenitudo
429 382 529 432 legis
562 382 706 417 caritas
738 388 805 417 est.
847 381 1010 417 Oculum
1044 381 1102 416 liic
1134 380 1310 429 accipere
1334 381 1512 417 debemus

201 441 322 489 ipsam
356 440 604 476 intencionem
639 451 712 487 qua
736 439 913 487 facimus
943 438 1129 487 quidquid
1149 438 1340 486 facimus,
1379 450 1450 487 que
1481 438 1515 474 si

201 498 344 534 munda
368 498 498 546 fuerit
526 504 561 533 et
584 504 705 543 recta,
738 504 774 532 et
807 496 903 532 illud
934 509 1126 532 summum
1157 497 1295 532 bonum
1325 496 1513 544 aspiciens

169 556 302 604 §quod
334 555 621 605 adspiciendum
656 562 723 601 θεῖ,
758 554 884 590 omnia
914 566 1033 603 opera
1056 561 1190 590 nostra
1213 566 1284 602 que
1304 554 1512 590 secundum

201 626 284 649 eam
319 625 530 662 operamur
561 624 713 649 necesse
745 619 800 648 est
833 613 931 648 bona
969 613 1057 648 sint.
1109 612 1191 656 Que
1229 612 1357 648 omnia
1394 624 1513 661 opera

202 679 321 707 totum
346 683 488 720 corpus
510 670 736 720 appellavit,
760 670 846 718 quia
879 678 914 706 et
940 667 1150 720 Apostolus
1182 670 1356 706 membra
1380 677 1512 706 nostra

202 729 293 765 dicit
332 729 495 777 quedam
535 741 653 777 opera
691 740 762 776 que
801 728 996 777 improbat
1039 736 1073 763 et
1117 728 1388 778 mortificanda
1422 740 1514 776 pre-

77 790 157 834 389ΙΙ
201 787 292 835 cipit
319 782 323 839 Ι
353 787 501 823 dicens:
546 785 785 835 *Mortificate
817 797 914 835 ergo
955 786 1128 821 membra
1163 794 1292 822 vestra
1325 797 1395 834 que
1427 793 1516 821 sunt

150 860 187 880 10
200 856 318 893 super
349 852 511 891 terram,
535 843 860 892 fornicacionem,
894 844 1198 890 immundiciam,
1232 843 1446 880 avariciam
1480 851 1515 879 et

202 910 329 938 cetera
363 902 467 938 talia.

260 960 347 996 Non
380 960 502 1010 igitur
532 959 623 1008 quid
654 959 810 1008 quisque
831 959 976 1007 faciat,
1013 959 1083 995 sed
1112 971 1184 1007 quo
1217 959 1345 995 animo
1368 958 1512 1007 faciat,

203 1017 524 1054 considerandum
565 1024 631 1053 est.
676 1016 764 1052 Hoc
803 1024 857 1053 est
897 1017 994 1052 enim
1035 1017 1160 1052 lumen
1193 1017 1228 1052 in
1262 1017 1380 1063 nobis,
1424 1017 1510 1066 quia

204 1076 274 1111 lzoc
306 1076 413 1112 nobis
444 1075 694 1123 manifestum
738 1082 793 1110 est
831 1075 927 1111 bono
967 1075 1093 1111 animo
1133 1087 1201 1111 nos
1230 1075 1374 1123 facere
1410 1076 1513 1124 quod

151 1133 381 1181 15facimus.
422 1133 542 1169 Omne
574 1133 672 1168 enim
705 1132 806 1181 quod
838 1132 1116 1181 manifestatur
1148 1133 1274 1169 lumen
1308 1141 1375 1170 est.
1410 1134 1512 1169 Nam

203 1191 287 1240 ipsa
309 1192 425 1240 facta
457 1203 527 1240 que
559 1191 611 1226 ad
642 1190 837 1226 hominum
869 1191 1090 1227 societatem
1113 1203 1135 1226 a
1158 1191 1265 1227 nobis
1282 1191 1514 1240 procedunt,

204 1249 391 1285 incertum
415 1249 553 1284 habent
575 1248 736 1289 exitum,
769 1256 804 1284 et
835 1248 919 1284 ideo
944 1249 1121 1285 tenebras
1144 1262 1207 1286 eas
1230 1250 1391 1285 vocavit.
1428 1250 1514 1285 Non

204 1307 302 1343 enim
335 1307 436 1353 novi,
470 1319 554 1342 cum
583 1306 785 1355 pecuniam
803 1306 975 1357 porrigo
998 1307 1188 1357 indigenti
1209 1315 1243 1343 et
1259 1307 1407 1356 petenti
1427 1307 1517 1356 quid

205 1364 291 1400 inde
322 1372 388 1400 aut
408 1366 598 1413 facturus
628 1364 677 1399 sit
707 1371 774 1399 aut
800 1376 1004 1413 passurus,
1043 1372 1077 1400 et
1103 1365 1202 1415 fieri
1225 1372 1355 1414 potest
1387 1366 1447 1401 vel
1479 1373 1518 1400 ut

149 1422 328 1470 zofaciat
359 1434 409 1459 ex
442 1435 486 1458 ea
519 1423 579 1458 vel
605 1429 774 1471 propter
802 1434 885 1458 eam
905 1423 1089 1472 paciatur
1112 1423 1259 1472 aliquid
1280 1423 1386 1470 mali,
1418 1424 1519 1472 quod

205 1492 278 1530 ego
310 1493 395 1516 cum
430 1481 578 1527 darem,
618 1492 690 1516 non
724 1480 875 1516 evenire
913 1481 1100 1517 voluerim
1139 1493 1257 1530 neque
1289 1483 1359 1517 lzoc
1391 1482 1518 1517 animo

207 1538 393 1574 dederim.
446 1539 579 1587 Itaque
622 1538 657 1573 in
702 1538 798 1574 bono
844 1538 970 1575 animo
1004 1539 1091 1587 feci
1131 1540 1233 1587 quod
1276 1539 1381 1586 mihi,
1432 1552 1517 1575 cum

197 1596 393 1644 facerem,
426 1603 557 1632 notum
591 1603 689 1643 erat,
723 1603 757 1631 et
790 1596 873 1632 ideo
907 1596 1033 1632 lumen
1062 1604 1246 1641 vocatum
1277 1597 1520 1633 illuminatur

205 1654 324 1690 eciam
346 1654 503 1702 sactum
535 1662 661 1689 ‘meum
693 1654 994 1703 qualemcunque
1033 1655 1178 1691 exitum
1219 1655 1416 1700 habuerit7·
1458 1655 1522 1703 qui

150 1713 188 1745 25
206 1712 332 1748 exitus
364 1712 541 1760 quoniam
575 1712 742 1747 incertus
780 1719 815 1747 et
852 1712 1009 1762 ignotus
1047 1721 1103 1749 est
1140 1714 1294 1749 tenebre
1327 1714 1520 1762 appellate

205 1777 304 1805 sunt.
343 1770 385 1805 Si
414 1777 540 1805 autem
565 1769 692 1805 animo
715 1770 818 1805 malo
832 1770 930 1818 feci,
954 1771 1074 1806 eciam
1097 1771 1220 1820 ipsum
1245 1772 1346 1819 quod
1368 1769 1521 1808 videtur

206 1827 332 1863 lumen
366 1828 520 1863 tenebre
550 1834 648 1863 sunt.
687 1827 834 1863 Lumen
868 1828 965 1864 enim
1000 1829 1153 1876 dicitur,
1186 1829 1271 1877 quia
1305 1829 1409 1865 novit
1440 1830 1521 1878 quis

205 1897 277 1933 quo
310 1885 437 1921 animo
452 1885 597 1933 faciat,
630 1885 749 1921 eciam
772 1898 857 1921 cum
882 1886 985 1922 malo
1008 1887 1135 1923 animo
1151 1886 1270 1935 facit,
1305 1887 1374 1923 sed
1395 1887 1518 1936 ipsum

207 1943 331 1979 lumen
366 1943 520 1979 tenebre
540 1950 641 1990 sunt,
674 1943 761 1991 quia
785 1956 857 1979 non
881 1944 917 1979 in
939 1955 1108 1994 superna
1141 1945 1332 1995 dirigitur
1352 1945 1521 1994 simplex

151 2004 192 2036 30
207 2000 381 2047 intencio,
414 2001 482 2037 sed
512 2002 564 2036 ad
595 2001 784 2050 inferiora
808 2002 1025 2038 declinatur
1048 2010 1083 2038 et
1106 2003 1252 2052 duplici
1272 2004 1391 2040 corde
1413 2003 1523 2051 quasi

207 2058 385 2094 umbram
421 2059 539 2107 facit.
589 2059 631 2104 Si
676 2070 773 2109 ergo
819 2059 945 2096 lumen
985 2061 1089 2109 quod
1127 2060 1163 2096 in
1202 2068 1238 2097 te
1275 2068 1330 2097 est
1367 2061 1521 2097 tenebre

206 2124 306 2160 suntj
339 2117 418 2166 ipse
449 2117 603 2152 tenebre
624 2124 766 2166 quante
786 2125 886 2163 sunt,
919 2118 990 2154 hoc
1023 2126 1091 2165 θεῖ,
1123 2119 1157 2154 si
1186 2118 1268 2168 ipsa
1302 2119 1433 2155 cordis
1465 2119 1519 2154 in-

205 2174 327 2210 tencio
368 2186 440 2223 qua
464 2174 574 2222 facis
607 2175 708 2223 quod
728 2175 839 2224 facis
859 2187 931 2225 que
962 2176 1030 2212 tibi
1060 2184 1148 2212 nota
1182 2184 1249 2223 est,
1289 2177 1521 2213 sordidatur

207 2231 376 2280 appetitu
416 2244 547 2268 rerum
587 2239 835 2269 terrenarum
881 2242 916 2270 et
955 2234 1228 2283 temporalium
1273 2242 1309 2271 et
1352 2242 1519 2281 cecatur,

150 2293 189 2325 35
206 2297 345 2337 quanto
384 2290 512 2340 magis
556 2290 679 2339 ipsum
713 2291 885 2339 factum,
933 2291 1038 2328 cuius
1081 2292 1250 2328 incertus
1294 2300 1349 2329 est
1395 2293 1522 2329 exitus

204 2347 407 2383 sordidum
432 2355 467 2383 et
490 2348 733 2384 tenebrosum
758 2349 843 2395 erit,
868 2350 954 2397 quia
978 2350 1049 2386 etsi
1069 2351 1161 2386 bene
1182 2351 1300 2386 alicui
1314 2351 1521 2400 proveniat

206 2406 307 2452 quod
338 2413 377 2440 tu
410 2418 484 2441 non
525 2413 631 2442 recta
670 2414 705 2442 et
744 2408 886 2442 munda
925 2407 1136 2444 intencione
1164 2408 1286 2456 sacis⁷
1331 2409 1522 2457 quomodo

206 2470 245 2497 tu
280 2463 443 2510 feceris,
489 2464 555 2499 tibi
591 2464 807 2513 imputatur
844 2477 918 2501 non
956 2466 1148 2515 quomodo
1187 2466 1247 2502 illi
1282 2467 1519 2516 provenerit.

208 2521 289 2556 Hee
322 2520 585 2568 Augustinus,

275 2664 299 2699 5,
315 2665 343 2692 6.
363 2667 392 2692 A
431 2666 594 2693 secundum
608 2674 657 2694 ea.
732 2674 771 2694 12.
786 2668 829 2694 A:
846 2668 876 2694 si
886 2675 958 2703 quo.
1033 2668 1069 2696 15.
1085 2667 1325 2704 A:facianzus;
1343 2669 1384 2696 ib.
1401 2669 1519 2696 Codcl.:

207 2699 278 2734 quia
298 2699 399 2727 lumen
418 2703 471 2727 est.
493 2700 631 2728 Correxi.
740 2710 779 2736 17.
800 2703 844 2729 A:
865 2706 974 2735 vocat‚·
994 2702 1032 2729 13:
1054 2706 1176 2730 vocant.
1266 2711 1306 2731 21.
1327 2704 1371 2731 A:
1400 2704 1523 2731 evenire

206 2734 370 2761 noluerim.
478 2742 520 2761 22.
544 2735 581 2762 B:
603 2736 646 2762 ita
667 2736 759 2771 quod.
867 2744 914 2770 24.
936 2738 979 2764 A:
1001 2737 1171 2772 etfaclum.
1272 2739 1317 2765 28.
1338 2740 1381 2765 A:
1404 2742 1432 2766 et
1447 2747 1521 2766 cum.

206 2766 250 2795 32.
270 2769 314 2796 A:
335 2769 389 2796 hec
403 2772 455 2796 est,
529 2768 574 2797 38.
596 2770 633 2797 ss:
652 2771 805 2805 provenit.
1034 2768 1039 2772 “

280 2838 310 2859 2.
336 2828 440 2860 Rom.
466 2829 552 2870 XIII,
585 2838 634 2861 10.
730 2841 761 2873 9.
790 2831 867 2862 Col.
896 2831 949 2872 III,
978 2832 1007 2863 5.
1110 2832 1158 2863 15.
1186 2832 1274 2874 Eph.
1301 2833 1343 2872 V,
1374 2832 1425 2863 13.

1722 204 1798 254 327

1554 962 1616 989 Not
1635 970 1692 989 our
1712 966 1776 989 acts

1585 1005 1636 1024 are
1654 1001 1686 1024 to
1708 997 1742 1023 be

1536 1032 1718 1059 considered
1742 1032 1793 1058 but

1572 1075 1629 1094 our
1649 1067 1756 1094 intent.
