2003 3322
174 189 262 218 CAP.
283 181 392 235 xm]
649 194 862 227 SECUNDA
888 195 1014 227 PARS.
1701 189 1778 236 397

174 298 293 334 nostis
330 299 426 333 bona
466 298 555 334 data
595 299 691 334 dare
710 300 811 348 filiis
851 300 1002 345 vestris,
1042 307 1181 348 quanto
1214 300 1343 349 magis
1370 307 1489 348 pater

174 363 300 391 vester
332 356 378 391 de
409 356 488 392 celo
522 356 626 392 dabit
657 358 836 406 spiritum
869 358 1007 393 bonum
1036 357 1253 406 petentibus
1285 369 1335 393 se.

231 412 306 449 Ubi
346 413 481 450 fideles
521 423 663 450 notant
703 427 746 451 ex
784 414 886 451 libro
926 415 1030 451 beati
1069 414 1282 463 Augustini
1316 416 1364 451 de
1398 427 1489 451 con-
1515 422 1572 450 We
1594 425 1764 465 qnusttake

174 470 311 507 cordia
334 471 411 507 tria
440 472 489 508 ad
513 472 717 520 evangelia
741 474 1086 519 concordandum,
1119 473 1296 521 primum
1330 482 1489 520 oportet
1517 458 1771 520 ‘¹¹eth(gss.slt³ff‡⁵e¹'¹

140 528 395 576 5intelligere
427 531 547 566 verba
581 530 810 578 evangelica
842 531 1039 567 catholice
1073 533 1293 567 secundum
1328 543 1488 567 sensum
1564 529 1717 563 meaning.

172 598 290 634 quem
337 587 510 634 Spiritus
550 589 720 624 Sanctus
765 588 861 636 ipsis
906 589 1037 635 dedit;
1082 597 1118 625 et
1163 590 1238 625 hoc
1277 597 1335 625 est
1374 589 1489 636 quasi

173 644 479 680 fundamentum
524 645 796 682 necessarium
837 647 887 682 ad
933 646 1130 683 catholice
1170 647 1487 695 procedendum.

229 703 414 738 Secundo
454 711 596 739 notant
629 706 737 752 quod
775 704 923 740 sufficit
967 717 1104 741 sensus
1145 704 1350 752 evangelii,
1396 704 1491 740 licet
1506 699 1564 727 We
1583 705 1664 728 must
1679 702 1780 728 attend

171 760 376 807 evangelia
414 760 455 796 in
486 761 615 797 verbis
654 761 882 809 aliqualiter
929 762 1223 798 discordarunt.
1272 762 1337 799 Sic
1383 762 1487 798 enim
1530 736 1754 804 iiotthciiwsessliiiiegi

118 832 156 852 10
170 827 350 854 servatur
409 819 548 855 eadem
602 819 746 856 veritas
805 820 1046 867 evangelica,
1107 820 1199 856 licet
1252 820 1292 856 in
1343 820 1489 868 linguis
1549 806 1738 867 ἀῖξῖρῗξῇἓέἐ

171 875 397 923 disparibus
430 876 549 913 fuerit
580 878 848 925 promulgata.

227 935 275 969 Et
307 934 432 970 tercio
464 943 605 971 notant
629 937 736 983 quod
760 935 1010 984 Evangeliste
1044 948 1125 972 non
1155 935 1388 972 discordant
1421 937 1489 972 sed
1516 945 1575 983 We
1596 949 1677 983 must
1699 945 1770 971 bear

170 1000 261 1027 sunt
306 992 486 1039 consoni,
532 992 624 1029 licet
664 1006 765 1029 unus
810 1006 970 1030 sensum
1009 1007 1134 1029 unum
1174 993 1323 1030 inserat
1368 1006 1487 1041 quem
1504 979 1769 1049 tlssggngssffilsshgflfe

170 1048 271 1085 alius
316 1049 556 1098 simpliciter
599 1051 873 1099 pretermittit,
928 1064 1018 1087 cum
1065 1051 1268 1088 discordia
1320 1050 1779 1100 sequisitcomplementary.

117 1106 477 1144 ificoexistenciam
522 1117 804 1145 extremorum.
860 1109 925 1146 Sic
971 1122 1064 1157 ergo
1104 1110 1307 1146 ,Iohannes
1352 1119 1489 1146 narrat

173 1165 416 1213 theologiam
451 1166 615 1202 Domini
649 1167 689 1203 in
723 1168 860 1203 decern
894 1167 1147 1204 sermonibus
1181 1181 1302 1216 quam
1337 1167 1393 1204 sic
1427 1180 1489 1204 ex-

168 1222 318 1270 plicare
356 1223 423 1260 alii
463 1225 776 1272 pretermittunt.
823 1227 871 1262 Et
908 1225 963 1262 sic
1007 1225 1184 1262 invenies
1228 1226 1268 1262 in
1311 1226 1489 1274 quolibet

169 1290 341 1328 quatuor
386 1282 732 1330 Evangelistarum
782 1295 825 1319 ex
871 1284 1077 1320 voluntate
1122 1283 1284 1320 Domini
1325 1296 1484 1320 sensum

171 1351 295 1374 unum
330 1339 524 1376 insertum
559 1353 677 1389 quem
711 1341 811 1377 alius
844 1341 1116 1389 pretermittit.
1162 1344 1217 1377 Ex
1256 1355 1336 1390 quo
1378 1350 1488 1390 patet

112 1410 153 1430 20
169 1398 275 1444 quod
308 1410 446 1434 omnes
480 1398 534 1434 hii
567 1407 740 1447 quatuor
771 1408 863 1435 sunt
896 1399 1109 1436 necessarii
1143 1402 1193 1436 ad
1221 1400 1339 1436 fidem
1373 1412 1488 1436 evan-

168 1454 335 1502 gelicam
376 1456 684 1503 publicandam:
726 1457 816 1493 ideo
855 1470 937 1494 non
976 1466 1033 1493 est
1072 1458 1344 1505 repugnancia
1378 1459 1486 1506 quod

170 1513 296 1549 Lucas
329 1513 504 1561 aliquem
538 1527 698 1551 sensum
733 1514 899 1551 inseruit
923 1528 1042 1563 quem
1067 1517 1269 1552 Mattheus
1299 1528 1342 1552 ex
1366 1528 1487 1552 eausa

168 1571 313 1620 tacuit3
347 1580 384 1608 et
416 1572 472 1608 sic
506 1574 723 1608 tenendum
758 1582 814 1608 est
838 1573 950 1621 quasi
983 1573 1228 1621 principium
1263 1574 1354 1609 fidei
1378 1575 1485 1622 quod

168 1628 243 1664 ista
287 1638 461 1677 quatuor
506 1630 711 1678 evangelia
744 1643 824 1667 non
874 1641 1112 1679 repugnant,
1162 1632 1256 1680 quia
1294 1640 1389 1668 tunc
1424 1631 1486 1683 (ut

112 1687 436 1723 25Antichristus
468 1686 616 1739 arguit)
651 1689 901 1736 evangelium
936 1690 1037 1725 foret
1071 1690 1227 1727 falsum.

660 1825 799 1866 CAP.
833 1825 985 1866 XLII.

225 1919 378 1956 Fideles
417 1930 551 1958 autem
593 1922 863 1958 communiter
907 1922 1135 1970 intelligunt
1173 1931 1323 1959 textum
1360 1924 1482 1959 Luce:
1517 1941 1606 1967 Ifwe
1628 1942 1690 1968 lose
1712 1942 1760 1969 the

169 1979 267 2022 Hoc,
302 1978 500 2026 inquiunt,
536 1979 785 2027 evangelium
821 1981 937 2016 docet
971 1980 1107 2016 fideles
1136 1980 1308 2017 formam
1342 1980 1484 2016 orandi
1511 1976 1585 2036 ξῐῐυίῑὲ
1604 1977 1765 2038 gsslPffijff'

168 2044 204 2071 et
237 2037 413 2072 declarat
446 2038 676 2085 parabolice
715 2050 786 2085 per
817 2039 951 2074 locum
993 2051 1015 2074 a
1050 2038 1192 2075 maiori
1226 2040 1332 2086 quod
1365 2051 1484 2074 nemo
1604 2046 1688 2072 fault.

111 2101 151 2132 30
167 2101 297 2140 potest
336 2096 384 2130 ab
424 2095 625 2132 oracionis
659 2096 789 2131 fructu
823 2096 1006 2142 deficere,
1046 2096 1121 2132 nisi
1161 2096 1331 2144 ipsemet
1364 2096 1412 2132 sit
1445 2096 1484 2132 in

168 2163 300 2188 causa.
336 2152 468 2189 Prima
502 2162 637 2189 autem
672 2153 781 2190 racio
811 2154 1046 2202 parabolica
1078 2163 1154 2190 stat
1178 2154 1217 2189 in
1241 2154 1336 2190 isto:
1372 2155 1484 2190 Patet

168 2210 215 2245 de
257 2209 417 2246 racione
456 2211 575 2247 amici
615 2213 723 2259 quod
762 2211 801 2247 in
839 2212 1079 2248 necessitate
1119 2211 1273 2248 amicus
1319 2211 1484 2248 visitans

168 2278 257 2302 eum
313 2268 445 2304 media
496 2277 613 2305 nocte
658 2282 731 2317 pro
784 2270 1097 2306 accomodandis
1141 2270 1270 2305 tribus
1314 2269 1484 2317 panibus

49 2334 129 2372 ³97³
167 2324 310 2372 quibus
351 2325 501 2363 cibaret
541 2326 717 2363 amicum
758 2327 958 2375 reliquum
1002 2336 1211 2375 tamquam
1249 2327 1481 2377 lhospitem

110 2382 390 2420 35veniente1n
433 2384 643 2421 deficiente
687 2385 857 2433 prandio
902 2385 1080 2433 proprio,
1130 2385 1285 2433 primus
1331 2385 1484 2421 amicus

167 2441 316 2477 habens
361 2441 649 2479 sufficienciam
695 2456 844 2490 panum
889 2443 949 2479 vel
993 2443 1153 2490 prandii
1197 2443 1307 2479 dabit
1346 2443 1402 2478 illi
1445 2443 1484 2478 in

166 2506 279 2534 tanta
322 2500 557 2536 necessitate
597 2500 823 2547 specialiter
862 2500 991 2537 amico
1033 2500 1165 2537 medio
1205 2510 1484 2548 perseverante

235 2665 264 2690 4.
297 2657 325 2683 A
352 2656 381 2683 in
410 2664 523 2691 marg.:
552 2664 576 2684 1.
684 2657 711 2684 8.
737 2659 766 2684 A
792 2657 822 2684 in
850 2665 964 2692 marg.:
991 2665 1019 2685 2.
1128 2665 1166 2685 12.
1193 2659 1222 2685 A
1248 2658 1278 2684 in
1306 2666 1420 2693 marg:
1449 2666 1482 2693 3.

167 2697 209 2717 22.
231 2692 275 2718 A:
303 2691 410 2718 inserit
430 2691 571 2719 inseruit.
680 2692 725 2719 28.
746 2693 775 2719 A
795 2692 825 2719 in
847 2700 961 2727 marg:
991 2692 1171 2724 Jolzannes;
1199 2693 1221 2720 Β
1241 2693 1270 2719 in
1293 2700 1408 2728 marg.:
1429 2693 1483 2728 38.

167 2723 206 2752 31.
225 2726 254 2752 A
274 2725 304 2752 in
327 2733 440 2760 marg:
462 2734 486 2753 J.
507 2726 606 2754 racio.
679 2725 721 2754 32.
744 2727 783 2754 B:
804 2726 844 2754 de
862 2727 1057 2754 necessitate.

238 2799 266 2829 3.
294 2799 327 2829 S.
346 2799 530 2839 Augustini
551 2800 602 2830 De
621 2809 793 2830 consensu
814 2800 944 2840 Evang.
965 2800 1022 2830 lib.
1042 2800 1082 2839 11,
1102 2809 1175 2841 cap.
1190 2800 1313 2831 XLVII
1334 2807 1366 2832 et
1384 2811 1482 2842 seqq.
