2003 3322
182 241 261 287 314

210 363 259 390 All
282 369 419 396 penance

178 397 287 424 should
310 396 345 422 be
366 395 445 422 done

176 431 307 458 without
323 430 455 464 thought

228 466 262 493 of
280 466 394 492 human

258 499 368 536 praise.

192 1111 258 1138 The
279 1110 386 1138 orders
408 1111 446 1146 by

233 1147 311 1185 their
331 1153 404 1184 yery

183 1185 385 1208 constitutlon
409 1188 459 1207 are

210 1216 329 1251 spotted
351 1215 424 1242 with

235 1251 410 1286 hypocrisy.

215 2531 432 2567 Chrysostom.

859 249 978 280 opus
1003 249 1338 281 EVANGELICUM
1586 237 1693 291 [CAP.
1714 247 1778 275 xx.

524 354 693 391 Videtur
749 354 868 390 istum
927 364 1109 391 sanctum
1170 356 1404 402 exponendo
1464 356 1569 391 hunc
1628 364 1779 391 textum

469 412 602 448 dicere
649 414 757 460 quod
803 414 925 448 homo
964 412 1180 449 ieiunando
1221 422 1257 449 et
1295 412 1478 449 faciendo
1512 414 1780 461 quodcunque

469 483 569 518 opus
599 470 824 517 penitencie
853 471 970 506 debet
998 470 1215 518 ypocrisim
1246 483 1459 518 precavere
1489 479 1525 506 et
1547 483 1629 507 non
1650 471 1780 507 facere

468 527 600 576 ipsum
626 536 808 576 patenter
831 528 1063 564 hominibus
1092 530 1142 564 ad
1172 528 1291 564 finem
1315 530 1424 577 quod
1455 529 1615 565 laudem
1639 536 1781 576 querat

469 587 687 622 humanam
712 588 780 622 sed
808 585 1037 622 intencione
1067 595 1176 622 recta
1206 599 1341 623 coram
1366 589 1449 622 Deo
1472 595 1515 622 ut
1547 586 1588 622 in
1611 584 1813 622 beatitu—5

469 644 562 680 dine
592 643 831 692 premietur;
864 656 937 680 nec
966 645 1097 680 solum
1128 643 1169 680 in
1199 644 1314 680 bonis
1343 644 1645 692 splendentibus
1679 643 1782 680 iacet

468 701 661 749 ypocrisis
713 703 781 738 sed
833 701 873 737 in
925 702 1039 738 malis
1084 701 1269 738 sordibus
1322 701 1362 738 in
1414 702 1556 750 quibus
1604 701 1782 750 ypocrite

469 759 660 796 simulant
707 759 961 796 sanctitatem
1001 761 1070 796 sed
1108 761 1327 797 secundum
1368 759 1591 796 doctrinam
1634 758 1782 796 Christi

469 819 625 865 agendo
658 817 925 866 penitenciam
960 819 1083 854 homo
1117 818 1364 854 confortatus
1396 818 1436 854 in
1459 817 1633 854 Domino
1666 818 1783 853 debet

470 888 587 923 agere
619 875 746 924 ipsam
780 875 961 912 hilariter
994 885 1031 913 et
1053 885 1178 912 totam
1210 875 1353 912 faciem
1383 875 1583 912 interioris
1607 874 1782 912 hominis
1802 885 1841 906 10

471 934 666 970 mundare
713 933 916 981 sapiencia
956 933 1128 980 deitatis7
1173 943 1216 970 ut
1253 946 1324 970 nec
1364 934 1504 970 oculus
1542 945 1615 969 nec
1648 933 1784 981 aliqua

471 1004 564 1039 pars
598 991 681 1028 eius
715 992 939 1028 maculetur
971 992 1157 1028 sordibus
1189 991 1420 1040 ypocriticis
1442 992 1503 1029 vel
1527 991 1662 1040 aliqua
1684 990 1784 1027 obli-

473 1049 670 1097 quacione
703 1063 724 1086 a
758 1049 891 1087 divino
924 1058 1032 1087 recto
1065 1049 1225 1086 intuitu.

532 1109 586 1143 Ex
619 1107 764 1156 quibus
803 1108 961 1145 videtur
993 1109 1100 1156 quod
1139 1120 1278 1144 omnes
1317 1106 1491 1155 religiosi
1531 1105 1713 1142 moderni
1745 1118 1785 1142 se

474 1165 581 1213 ipsos
613 1165 855 1202 necessitant
886 1175 930 1202 ut
961 1165 1134 1214 ypocrisi
1174 1166 1438 1202 maculentur.
1477 1166 1539 1200 Ad
1571 1165 1647 1200 hoc
1679 1164 1785 1200 enim
1805 1165 1842 1198 15

474 1233 589 1260 sonat
628 1236 700 1260 sua
743 1223 938 1272 professio
978 1233 1020 1260 ut
1059 1224 1114 1260 sic
1154 1223 1341 1271 ieiunent‚
1380 1232 1424 1259 ut
1456 1222 1512 1259 sic
1546 1235 1586 1259 se
1618 1222 1787 1258 induant

475 1290 512 1318 et
544 1291 586 1317 ut
619 1282 674 1318 sic
696 1282 848 1318 faciant
871 1281 1064 1330 quicquid
1097 1281 1326 1318 differenter
1358 1282 1406 1318 ab
1440 1281 1526 1317 aliis
1559 1282 1785 1317 observant.

475 1339 580 1385 Quid
613 1353 709 1387 rogo
742 1341 905 1387 prodest
935 1340 1064 1376 cultus
1094 1340 1153 1375 sui
1178 1339 1408 1375 differencia
1438 1340 1488 1375 ad
1512 1351 1631 1387 quem
1656 1338 1788 1375 taliter

473 1407 564 1433 sunt
588 1398 775 1445 professi:
801 1399 850 1434 ad
874 1399 946 1434 hec
969 1398 1046 1434 tria
1069 1410 1139 1445 per
1161 1397 1384 1434 antifrasim
1407 1397 1564 1434 videtur
1578 1396 1785 1445 proficere,

473 1455 605 1503 primo
630 1457 737 1504 quod
761 1456 909 1492 famam
937 1455 1075 1492 mundi
1106 1456 1257 1503 profert
1280 1468 1400 1503 supra
1425 1454 1596 1503 gloriam
1620 1454 1788 1490 insensi-
1804 1464 1846 1485 20

473 1513 592 1549 bilem
643 1514 713 1550 Dei
760 1514 853 1550 veri.
900 1516 961 1550 Ad
1005 1513 1129 1550 nichil
1177 1514 1281 1550 enim
1326 1513 1430 1549 valet
1475 1512 1651 1550 ostensio
1695 1511 1787 1548 talis

473 1571 647 1619 religiosi
681 1572 718 1607 in
753 1571 874 1620 signis
907 1571 1161 1608 sensibilibus
1195 1572 1270 1608 nisi
1303 1571 1344 1607 in
1376 1570 1619 1619 apparencia
1642 1569 1788 1607 sancti-

473 1629 565 1665 tatis
598 1629 750 1666 fallacis
784 1630 936 1666 induxit
968 1630 1118 1666 famam
1153 1629 1304 1667 mundi.

532 1689 718 1724 Secundo
750 1688 844 1724 facit
874 1689 1218 1736 preponderanter
1251 1687 1396 1735 eligere
1428 1686 1661 1723 societatem
1694 1698 1788 1734 sepe

476 1747 703 1782 merdosam
727 1759 849 1794 supra
872 1746 1104 1782 societatem
1131 1745 1275 1781 civium
1307 1747 1505 1782 bonorum
1540 1753 1576 1781 et
1605 1743 1786 1780 habitum
1804 1744 1844 1776 25

475 1803 701 1840 sensibilem
733 1816 853 1851 supra
883 1804 1064 1840 habitum
1096 1803 1285 1851 caritatis,
1317 1816 1405 1839 cum
1432 1803 1668 1851 regulariter
1701 1814 1788 1849 pre-

473 1863 697 1909 ponderant
725 1862 904 1898 habitum
936 1862 1184 1909 corporalem
1217 1874 1337 1909 supra
1362 1861 1621 1897 dileccionem
1648 1860 1786 1896 frater-

474 1932 579 1954 nam.
616 1921 691 1955 Sed
717 1919 804 1967 quis
829 1920 985 1956 dubitat
1018 1920 1115 1968 quin
1148 1920 1212 1955 ille
1246 1919 1311 1967 qui
1346 1919 1546 1956 ordinavit
1579 1918 1786 1955 caritatem

475 1977 515 2013 in
539 1977 619 2013 suis
645 1977 778 2014 electis
799 1978 920 2013 talem
944 1979 1187 2014 mundanam
1211 1977 1425 2013 stulticiam
1453 1975 1788 2023 condempnabit?

531 2035 675 2072 Tercio
703 2035 861 2072 videtur
890 2045 1038 2072 sectam
1070 2045 1107 2071 et
1130 2035 1364 2083 religionem
1391 2035 1537 2070 Christi
1563 2034 1789 2082 relinquere
1806 2035 1847 2067 30

475 2102 513 2129 et
535 2106 647 2130 suam
679 2094 824 2141 eligere
856 2103 898 2130 ut
931 2095 1019 2141 plus
1053 2095 1215 2140 bonam,
1250 2102 1286 2130 et
1319 2093 1373 2129 sic
1407 2093 1535 2129 innuit
1558 2093 1790 2140 blaspheme

476 2151 677 2188 Christum
712 2164 879 2199 peccare
912 2152 951 2187 in
983 2153 1180 2188 tradendo
1213 2165 1328 2187 suum
1362 2151 1559 2197 ordinem,
1594 2163 1683 2186 cum
1714 2149 1790 2197 ipsi

477 2222 518 2245 ex
563 2209 787 2246 tradicione
831 2212 1008 2246 humana
1048 2211 1223 2246 habeant
1264 2209 1484 2245 meliorem.
1535 2210 1611 2245 Sed
1650 2207 1790 2256 procul

476 2281 498 2303 a
522 2268 705 2303 fidelibus
722 2268 812 2304 talis
836 2267 983 2304 heresis
1008 2281 1097 2304 cum
1123 2268 1202 2303 suis
1227 2267 1443 2315 implicatis
1463 2275 1542 2302 tam
1560 2265 1790 2314 patentibus

476 2338 596 2373 quam
631 2325 812 2362 occultis.
1806 2322 1845 2356 35

989 2421 1129 2462 CAP.
1161 2421 1278 2462 XX.

536 2517 806 2553 Crisostomus
859 2525 991 2553 autem
1038 2529 1157 2565 super
1201 2516 1278 2553 isto
1325 2525 1432 2553 textu
1484 2516 1540 2552 sic
1591 2515 1789 2564 loquitur:

484 2574 662 2611 Omnium
709 2576 902 2612 malorum
952 2576 1083 2624 prima
1127 2583 1162 2611 et
1199 2575 1386 2623 forciora
1437 2581 1526 2610 sunt
1590 2575 1657 2610 hec
1714 2573 1790 2609 tria

549 2740 567 2758 1.
590 2733 615 2758 A
638 2732 666 2758 in
689 2740 803 2767 marg:
823 2731 991 2759 Jolzannes.
1067 2740 1108 2764 14.
1129 2733 1157 2758 A
1178 2732 1206 2759 in
1230 2740 1342 2766 marga
1367 2740 1387 2758 l.
1461 2738 1506 2757 πο.
1528 2731 1599 2758 Ain
1625 2739 1738 2766 marg:
1759 2738 1790 2757 a.

480 2775 525 2798 24*
548 2767 575 2793 A
596 2767 624 2793 in
649 2775 762 2799 marg:
783 2767 809 2793 h.
901 2774 944 2800 27.
968 2768 1011 2793 A:
1032 2774 1134 2801 super.
1226 2765 1271 2793 30.
1294 2767 1321 2793 A
1341 2767 1370 2793 in
1393 2774 1506 2801 marg:
1528 2774 1553 2793 c.
1645 2764 1688 2801 37.
1710 2766 1738 2793 A
1758 2765 1788 2792 iu

480 2809 593 2833 marga
616 2801 842 2833 Cr1'soslomus;
862 2801 883 2827 Β
904 2802 933 2827 in
957 2809 1070 2835 marg:
1093 2808 1140 2828 20.

550 2862 602 2903 37.
630 2861 696 2902 Op.
724 2861 821 2902 Imp.,
846 2861 870 2892 1.
896 2872 923 2892 c.
951 2872 983 2903 p.
1009 2860 1087 2894 813.
