2003 3322
204 235 220 270 3
237 236 282 271 16
905 242 1023 274 opos
1048 242 1384 275 EVANGELICUM
1609 231 1716 286 [CAP.
1737 241 1802 268 xx.

269 358 359 395 Alm}
381 365 397 383 a
427 392 433 395 .
549 350 658 395 Item,
692 349 781 384 dicit
814 349 1018 385 Salomon:
1050 350 1147 385 Ante
1179 349 1397 385 oracionem
1425 362 1601 399 prepara
1634 349 1801 385 animam

201 397 398 462 prepglr-{ityaera
419 395 468 419 ¹⁰¹⁴
490 414 608 442 tuam.
656 407 727 443 Ille
761 414 953 455 preparat
990 408 1158 443 animam
1197 420 1306 443 suam
1353 415 1440 443 ante
1479 408 1698 443 oracionem
1743 407 1807 455 qui

479 464 636 513 faciens
668 464 914 500 elemosinam
949 465 1050 501 venit
1081 465 1132 500 ad
1164 465 1396 504 oracionem.
1431 466 1538 501 Sicut
1560 465 1658 501 enim
1682 465 1804 501 oleum

490 523 665 558 accendit
688 523 901 569 lucernam,
935 522 987 558 ita
1011 530 1045 559 et
1068 523 1165 558 bona
1197 534 1315 572 opera
1344 523 1652 572 excitantfidem
1677 522 1807 558 cordis

491 588 526 616 et
571 581 663 616 dant
707 580 982 630 confidenciam
1029 581 1154 616 anime
1197 588 1284 616 ante
1323 581 1448 617 Deum
1494 581 1644 617 orandi.
1691 580 1805 630 Ergo

491 638 697 674 elemosina
731 645 787 675 est
813 639 1052 687 preparacio
1086 638 1292 675 oracionis.

211 703 464 739 Fastingahelp
548 697 657 743 Item,
702 696 879 732 ieiunium
921 697 1158 732 adiutorium
1204 704 1259 732 est
1297 694 1503 744 oracionis,
1548 696 1636 745 quia
1676 695 1806 732 oracio

253 744 283 766 ¹⁰
304 746 423 774 prayer.
490 754 569 790 sine
608 754 745 791 ieiunio
782 754 947 804 gracilis
985 761 1040 791 est
1080 761 1115 790 et
1153 754 1330 804 infirma,·
1370 767 1458 790 nam
1499 754 1566 790 illa
1605 761 1660 790 est
1680 754 1807 801 fortis

491 824 560 860 que
592 812 645 861 fit
689 812 724 847 in
769 813 909 861 spiritu
953 812 1090 848 humili
1131 819 1166 848 et
1210 813 1326 849 corde
1370 813 1566 856 tribulato,
1626 811 1722 848 sicut
1773 819 1808 847 et

486 871 681 919 propheta
729 870 840 906 dicit:
893 870 1136 920 Sacrificium
1180 870 1266 906 Deo
1310 870 1470 919 spiritus
1513 870 1805 915 contribulatus,

491 940 560 963 cor
591 928 797 964 contritum
832 935 866 964 et
899 928 1141 964 humiliatum
1176 928 1283 964 Deus
1315 940 1388 964 non
1421 929 1581 977 spernit.
1617 927 1807 977 Spiritum

491 993 615 1021 autem
650 986 831 1022 humilem
866 993 901 1022 et
939 999 1008 1022 cor
1040 986 1266 1022 tribulatum
1306 986 1448 1022 habere
1486 999 1558 1023 non
1586 993 1714 1035 potest
1747 985 1811 1034 qui

492 1044 700 1079 manducat
732 1051 766 1079 et
795 1044 885 1080 bibit
917 1051 951 1080 et
985 1044 1130 1080 deliciis
1151 1044 1323 1093 fruitur,
1357 1044 1443 1093 quia
1472 1044 1585 1093 panis
1619 1055 1688 1079 cor
1720 1055 1807 1079 con-

481 1102 636 1151 firmat,
683 1102 810 1138 vinum
860 1109 985 1138 autem
1039 1102 1209 1152 letificat.
1263 1102 1451 1152 Spiritum
1504 1109 1629 1138 autem
1679 1101 1809 1137 carnis

492 1159 674 1195 humilem
723 1172 804 1196 esse
842 1173 915 1196 non
951 1161 1144 1210 permittit
1183 1160 1306 1196 virtus
1345 1172 1415 1209 que
1440 1160 1494 1210 fit
1531 1172 1582 1196 ex
1614 1171 1728 1209 pane,
1773 1166 1808 1194 et

493 1229 561 1253 cor
593 1218 800 1254 contritum
834 1231 908 1254 non
935 1218 1129 1267 permittit
1162 1230 1242 1254 esse
1274 1218 1489 1254 iocunditas
1526 1230 1597 1266 que
1629 1217 1729 1253 venit
1760 1229 1811 1253 ex

493 1275 601 1319 vino;
644 1276 729 1312 ideo
773 1277 1075 1325 quandocunque
1126 1276 1251 1312 sancti
1287 1289 1364 1325 pro
1416 1276 1544 1325 aliqua
1589 1276 1811 1312 necessitate

494 1333 698 1369 voluerunt
715 1346 886 1370 exorare
900 1335 1040 1378 Deum,
1064 1334 1241 1369 ieiunium
1266 1346 1350 1370 cum
1366 1334 1548 1370 oracione
1562 1333 1810 1379 miscuerunt,

492 1391 589 1427 sicut
612 1392 756 1427 Daniel
779 1400 813 1428 et
837 1393 974 1437 ceteri;
1007 1393 1108 1428 unde
1130 1392 1216 1441 quia
1251 1392 1373 1428 virtus
1406 1391 1600 1428 oracionis
1631 1391 1809 1427 ieiunium

494 1456 562 1495 est,
607 1462 813 1499 numquam
853 1458 1090 1499 separantur
1128 1451 1174 1486 ab
1213 1450 1373 1486 invicem
1413 1451 1481 1486 sed
1526 1449 1660 1498 ubique
1695 1449 1812 1486 simul

490 1515 702 1555 ponuntur.
743 1508 888 1545 Oracio
921 1516 955 1544 et
987 1508 1163 1544 ieiunium
1201 1509 1247 1544 de
1278 1515 1404 1544 morte
1436 1506 1614 1545 liberant.

552 1566 660 1609 Item,
693 1566 763 1601 hoc
794 1579 918 1616 genus
950 1579 1021 1602 non
1062 1566 1198 1602 eicitur
1229 1566 1303 1602 nisi
1332 1567 1367 1602 in
1398 1566 1534 1602 ieiunio
1564 1573 1598 1601 et
1620 1565 1812 1609 oracione,

492 1623 590 1659 sicut
634 1636 701 1659 nec
744 1625 854 1660 miles
896 1624 977 1660 sine
1020 1624 1142 1660 armis
1187 1631 1241 1660 est
1279 1624 1426 1672 aliquid
1470 1636 1535 1660 nec
1578 1637 1691 1659 arma
1734 1623 1814 1659 sine

495 1681 626 1726 milite,
679 1682 733 1717 sic
778 1695 844 1718 nec
892 1682 1022 1718 oracio
1073 1683 1153 1718 sine
1205 1682 1340 1718 ieiunio
1386 1694 1452 1718 nec
1499 1682 1679 1718 ieiunium
1734 1681 1814 1718 sine

496 1740 688 1775 oracione.

248 1803 327 1829 How
349 1804 436 1831 aImS.
556 1798 633 1832 Sed
665 1809 715 1833 ex
753 1797 875 1833 trihus
913 1798 1019 1833 bonis
1046 1798 1178 1846 prima
1212 1806 1266 1834 est
1298 1798 1442 1842 oracio,
1487 1797 1574 1846 quia
1608 1797 1814 1834 elemosina

247 1845 361 1908 ᾕὲἳῖξὲ
381 1838 440 1899 Ξῗέ
497 1855 647 1902 quidem
680 1856 726 1890 de
750 1856 863 1891 rebus
892 1856 986 1899 exit,
1016 1856 1193 1891 ieiunium
1228 1864 1353 1891 autem
1388 1857 1434 1891 de
1467 1868 1649 1904 corpore3
1684 1855 1814 1891 oracio

279 1907 403 1935 related.
497 1925 588 1948 vero
621 1925 688 1948 nec
721 1914 767 1948 de
800 1914 913 1949 rebus
946 1926 1012 1949 nec
1046 1915 1092 1948 de
1124 1926 1289 1962 corpore
1320 1915 1390 1949 sed
1412 1915 1458 1949 de
1489 1914 1617 1949 anima
1635 1913 1815 1962 procedit

497 1979 531 2006 et
563 1972 702 2015 corde,·
740 1972 824 2007 ideo
857 1972 967 2019 quasi
993 1972 1124 2020 prima
1166 1980 1201 2007 et
1240 1972 1400 2022 dignior
1431 1985 1450 2007 e
1482 1972 1628 2007 duobus
1654 1971 1815 2020 ponitur

496 2029 622 2064 media
646 2029 745 2064 inter
768 2030 876 2075 duas,
906 2030 1036 2078 prima
1060 2030 1279 2076 elemosina,
1312 2031 1479 2065 secunda
1514 2029 1660 2073 oracio,
1693 2029 1813 2064 tercia

497 2087 688 2122 ieiunium.
732 2088 781 2122 Et
821 2099 941 2134 quare
978 2088 1184 2124 elemosina
1225 2095 1312 2123 ante
1350 2088 1567 2124 oracionem
1603 2086 1814 2136 procedit?

496 2145 581 2192 quia
611 2145 830 2180 mercatrix
860 2153 892 2181 et
912 2146 1176 2194 preparati-ix
1198 2154 1251 2181 est
1277 2146 1350 2181 vite
1372 2146 1583 2194 adfaciem
1608 2145 1813 2189 oracionis,

496 2210 535 2237 ut
578 2211 666 2251 post
711 2204 957 2240 elemosinam
1002 2217 1162 2252 sequens
1214 2204 1345 2240 oracio
1385 2211 1642 2253 preparatum
1688 2204 1812 2238 locum

496 2261 765 2297 misericordie
807 2262 974 2297 inveniat
1012 2263 1116 2310 apud
1153 2262 1293 2297 Deum.
1339 2262 1428 2298 Ideo
1467 2269 1592 2297 autem
1634 2260 1813 2296 ieiunium

495 2319 667 2366 sequitur
698 2320 934 2363 oracionem,
967 2320 1053 2367 quia
1084 2333 1156 2355 non
1186 2321 1317 2356 oracio
1347 2320 1477 2355 ieiunii
1498 2327 1551 2355 est
1575 2319 1813 2354 adiutorium

495 2377 564 2412 sed
597 2377 776 2412 ieiunium
813 2377 1021 2425 oracionis,
1054 2386 1089 2413 et
1123 2378 1253 2413 oracio
1287 2378 1423 2427 nonfit
1442 2385 1608 2427 propter
1635 2376 1812 2412 ieiunium

569 2588 586 2605 ι.
609 2580 637 2606 Α
658 2580 686 2606 in
710 2587 822 2614 marg:
845 2586 873 2607 2.
959 2588 984 2615 7.
1007 2581 1033 2607 A
1054 2580 1084 2606 in
1107 2588 1222 2611 marg:
1242 2589 1275 2613 3³.
1362 2588 1390 2614 9.
1412 2581 1455 2607 A:
1478 2583 1507 2607 et
1526 2580 1602 2607 after
1621 2580 1702 2607 sicut
1719 2580 1812 2606 deest.

500 2623 531 2641 ιῐ.
557 2615 593 2641 ss:
618 2614 699 2641 Deus
719 2622 778 2641 non
800 2615 959 2649 despicies.
1036 2614 1073 2641 13.
1089 2615 1133 2641 A:
1156 2618 1183 2641 et
1198 2614 1455 2650 deliciissruitm·
1469 2615 1566 2641 twice.
1641 2615 1676 2642 15.
1693 2614 1792 2642 codd.
1806 2624 1812 2641 ε

497 2652 525 2675 et
545 2649 638 2675 deesi.
660 2649 775 2675 Addidi
799 2658 812 2675 e.
834 2654 914 2675 textu
937 2649 980 2675 Si.
1003 2649 1233 2681 Chi-vsostomi.
1309 2651 1349 2676 16.
1373 2650 1411 2675 B:
1431 2650 1596 2683 permittet.
1671 2657 1714 2676 22.
1735 2650 1763 2676 A
1783 2650 1813 2675 in

498 2692 612 2718 marg:
634 2690 665 2715 4.
777 2684 821 2710 26.
844 2685 888 2711 A:
912 2684 1016 2718 prima
1038 2681 1137 2715 ddest3
1168 2684 1188 2710 Ρ)
1211 2684 1239 2710 in
1263 2692 1379 2718 marg:
1408 2684 1503 2711 addit.
1612 2682 1649 2711 31.
1670 2685 1715 2711 A:
1743 2687 1815 2710 ante

497 2718 655 2745 ieiunium.
729 2717 771 2745 32.
793 2719 979 2751 mercatrix‚·
1002 2723 1096 2745 recte:
1119 2719 1297 2745 mediatrix.

573 2824 597 2843 1.
625 2813 730 2844 Eccli.
757 2813 877 2852 XVIII,
905 2814 958 2844 23.
1061 2824 1111 2844 10.
1139 2813 1266 2844 psalm.
1290 2823 1322 2853 4,
1347 2824 1396 2856 19.
1499 2814 1547 2846 13.
1576 2812 1735 2852 Ps.C111‚
1761 2812 1811 2844 15.

499 2868 552 2889 22.
578 2858 697 2890 Matth.
726 2860 830 2899 XVII,
859 2869 911 2890 20.

1827 883 1866 903 10

1830 1162 1865 1193 15

1828 1461 1869 1481 ‘20

1830 1741 1869 1772 25

1830 2032 1872 2064 30

1831 2320 1870 2354 35
