2062 3327
243 219 291 256 32
945 225 1063 257 opus
1088 225 1424 258 EVANGELICUM
1675 213 1782 268 [CAP.
1801 222 1838 250 x.

250 340 310 369 We
330 349 401 380 may
421 341 497 367 have
584 331 751 368 Videtur
783 331 903 367 istum
938 339 1121 367 sanctum
1143 331 1242 368 velle
1276 331 1407 368 dicere
1431 333 1538 380 quod
1560 331 1713 368 viantes
1747 343 1837 367 cum

238 383 304 438 “ss2
319 376 514 438 ‘fgaggffl’utet
530 388 701 426 mixtura
716 388 949 437 ignorancie
972 388 1205 437 imperfecte
1230 402 1320 425 cum
1345 389 1511 426 caritate
1534 390 1839 438 quodammodo

290 446 439 486 *through
530 447 705 495 perfecta
738 459 819 483 non
851 455 943 483 sunt
976 446 1016 483 in
1049 454 1134 483 toto
1167 446 1395 493 deiformes,
1436 460 1526 484 curn
1558 447 1681 484 velint
1714 447 1839 484 multa

289 489 463 517 1guoranee.
529 506 834 554 quodammodo
868 503 1202 541 condicionaliter
1234 517 1311 553 que
1345 507 1450 542 Deus
1481 505 1564 542 vult
1603 504 1840 553 simpliciter

526 575 609 600 non
661 562 832 611 impleri,
885 572 929 599 ut
982 563 1129 599 multos
1180 562 1354 599 viatores
1406 562 1687 611 cognoscimus
1740 566 1872 611 quos5

528 621 773 669 ignoramus,
801 620 832 656 si
866 629 1002 657 eterno
1030 620 1102 657 Dei
1126 619 1276 657 iudicio
1305 621 1584 669 salvabuntur3
1608 630 1645 657 et
1666 620 1840 658 videndo

527 678 635 727 ipsos
687 679 823 727 lapsos
876 678 915 714 in
967 678 1137 715 crimina
1190 679 1453 715 condolemus
1500 680 1678 716 volentes
1730 678 1840 726 ipsos

526 736 690 773 liberari
729 737 777 773 ab
818 735 914 784 ipsis
954 735 1204 786 criminibus,
1251 736 1585 773 condicionaliter
1629 745 1766 773 tamen
1808 736 1839 772 si

527 796 612 831 Deo
645 795 816 842 placeat,
850 795 959 842 quod
992 794 1022 830 si
1057 806 1234 830 essemus
1266 794 1382 842 plene
1416 803 1452 831 et
1484 795 1659 843 perfecte
1692 793 1840 831 noticie

527 852 633 889 beati
666 852 707 888 in
730 851 861 900 patria
893 852 1003 889 illam
1040 851 1360 888 condicionalem
1390 852 1642 889 volucionem
1667 851 1706 888 in
1727 852 1839 888 volu-
1861 869 1898 890 10

527 910 681 946 cionem
725 909 796 946 Dei
829 909 1066 958 simpliciter
1103 919 1367 958 verteremus3
1413 919 1450 946 et
1494 910 1549 947 sic
1588 910 1696 947 illam
1730 910 1840 947 volu-

528 968 683 1004 cionem
719 967 1037 1005 condicionalem
1073 968 1220 1016 partim
1261 981 1304 1004 ex
1342 968 1577 1016 ignorancia
1615 977 1651 1005 et
1691 968 1838 1017 partim

528 1038 571 1062 ex
605 1025 772 1062 caritate
805 1025 996 1074 quoniam
1032 1028 1160 1062 Deum
1195 1025 1400 1074 diligimus
1432 1027 1532 1063 bene
1566 1025 1761 1063 elicimus.

585 1085 677 1121 Ideo
716 1084 854 1120 dicunt
891 1084 1056 1132 quidam
1097 1085 1206 1132 quod
1250 1083 1319 1121 illa
1358 1084 1642 1121 condicionata
1680 1083 1839 1121 volucio

528 1155 604 1190 que
633 1141 780 1190 partim
810 1141 993 1190 procedit
1027 1154 1070 1178 ex
1102 1141 1335 1189 ignorancia
1363 1155 1443 1179 non
1467 1151 1597 1190 potest
1619 1155 1701 1179 esse
1724 1142 1840 1190 plene
1859 1150 1895 1183 15

528 1209 565 1236 et
612 1200 791 1237 totaliter
829 1199 1047 1238 deiformis.
1095 1200 1196 1236 Cum
1236 1209 1372 1237 autem
1405 1200 1522 1248 plene
1554 1212 1765 1237 noscemus
1798 1199 1840 1236 in

527 1257 658 1306 patria
681 1258 752 1294 Dei
782 1259 1030 1295 voluntatem
1064 1267 1244 1295 eternam
1269 1259 1319 1295 de*
1340 1270 1582 1307 quocunque
1608 1258 1672 1295 hic
1693 1257 1838 1303 viante,

527 1317 707 1352 volemus
740 1315 978 1364 simpliciter
1011 1317 1230 1352 secundum
1254 1317 1502 1354 voluntatem
1530 1324 1708 1353 eternam
1732 1316 1838 1365 quod

528 1374 618 1411 talis
651 1376 774 1411 homo
808 1382 1003 1423 perpetuo
1036 1373 1085 1410 sit
1118 1375 1399 1422 dampnandus
1433 1383 1469 1411 et
1509 1375 1557 1411 de
1596 1387 1668 1411 sua
1700 1375 1841 1422 damp-

529 1432 701 1469 nacione
733 1431 884 1469 erimus
916 1441 1113 1481 perpetuo
1147 1432 1359 1469 consolati.
1856 1452 1898 1474 20

586 1492 635 1527 Et
657 1499 768 1540 patet
791 1490 831 1527 in
854 1499 968 1539 parte
991 1491 1198 1539 quomodo
1221 1491 1350 1527 luctus
1366 1489 1509 1528 viantis
1533 1489 1839 1527 condicionatus

530 1561 573 1585 ex
596 1548 831 1597 ignorancia
854 1549 893 1585 in
918 1548 1243 1586 consolacionem
1268 1557 1505 1597 perpetuam
1531 1557 1588 1585 est
1611 1560 1838 1585 conversus.

528 1609 576 1643 Et
609 1607 665 1644 sic
698 1620 741 1644 ex
765 1616 877 1655 parte
901 1606 1121 1644 Salvatoris
1153 1606 1228 1643 erit
1251 1607 1428 1655 perfecta
1452 1606 1597 1643 caritas
1626 1607 1676 1643 ad
1699 1607 1840 1654 damp-

528 1673 659 1712 natos,
693 1678 784 1702 cum
819 1664 894 1713 ipsi
928 1677 971 1701 ex
993 1666 1107 1713 plena
1133 1664 1283 1701 noticia
1307 1664 1504 1701 conformi
1528 1663 1660 1701 divine
1682 1663 1839 1700 iusticie

527 1725 636 1771 quod
668 1723 831 1772 presciti
863 1722 919 1760 sic
950 1732 1146 1771 perpetuo
1178 1722 1257 1759 sint
1289 1722 1511 1771 dampnati.
1546 1724 1593 1758 Et
1626 1723 1702 1758 hoc
1735 1721 1839 1758 cedit
1857 1733 1896 1765 25

527 1781 605 1818 illis
639 1783 688 1818 ad
722 1783 873 1818 bonum
907 1780 1063 1818 iusticie
1087 1790 1123 1817 et
1145 1781 1201 1817 sic
1221 1780 1435 1829 utrobique
1460 1782 1668 1817 beatorum
1693 1779 1839 1817 caritas

529 1848 586 1876 est
618 1841 832 1888 completa.
879 1841 927 1875 Et
967 1839 1023 1876 sic
1063 1851 1152 1875 cum
1185 1851 1310 1875 unum
1345 1838 1623 1875 condicionale
1662 1846 1699 1874 et
1732 1837 1840 1874 aliud

528 1897 767 1946 simpliciter
799 1910 881 1934 non
914 1905 1005 1933 sunt
1037 1897 1154 1945 plene
1193 1896 1410 1943 contraria,
1456 1904 1567 1944 patet
1606 1897 1715 1945 quod
1753 1908 1841 1944 pre-

528 1955 717 1992 destinati
750 1954 893 1993 viantis
926 1955 1085 1992 volucio
1126 1963 1163 1991 et
1202 1954 1307 1992 beati
1348 1967 1428 1991 non
1466 1963 1558 1991 sunt
1590 1954 1706 2002 plene
1746 1966 1840 1990 con-

528 2013 650 2050 trarie
683 2015 752 2050 sed
791 2021 1084 2061 consequenter
1121 2013 1162 2049 in
1200 2013 1339 2061 pulcro
1379 2012 1519 2049 ordine
1557 2024 1597 2049 se
1636 2013 1899 2057 habentes.30

529 2073 576 2107 Et
610 2071 665 2108 sic
698 2072 838 2108 eadem
872 2070 1018 2108 caritas
1042 2083 1121 2119 qua
1144 2070 1407 2119 predestinati
1430 2071 1568 2107 volunt
1599 2078 1642 2106 ut
1675 2069 1739 2106 isti
1772 2068 1841 2118 qui

528 2138 619 2165 sunt
651 2129 747 2178 ipsis
780 2128 1058 2177 ignorantibus
1097 2128 1259 2177 presciti
1298 2128 1528 2166 eternaliter
1565 2128 1839 2173 salvabuntur,

529 2188 667 2224 eadem
724 2187 885 2236 quidem
941 2186 1087 2223 caritas
1140 2195 1197 2223 est
1250 2199 1328 2235 qua
1381 2186 1638 2235 adquirentes
1691 2186 1840 2222 claram

528 2245 719 2282 noticiam
755 2246 893 2282 volunt
917 2246 1025 2293 quod
1059 2244 1291 2281 eternaliter
1323 2245 1667 2292 dampnabuntur.
1708 2243 1756 2279 Et
1788 2242 1842 2279 sic

529 2305 668 2340 eadem
716 2303 893 2340 manebit
937 2302 1096 2349 caritas,
1141 2302 1233 2339 licet
1277 2302 1326 2338 sit
1371 2303 1593 2339 secundum
1634 2301 1841 2339 veritatem
1860 2313 1899 2347 35

528 2360 676 2398 noticie
711 2362 899 2409 alterata3
934 2370 971 2397 et
1004 2360 1060 2397 sic
1092 2361 1174 2397 vult
1208 2360 1480 2397 Crisostomus
1515 2361 1624 2408 quod
1656 2372 1738 2395 non
1770 2358 1844 2395 erit

530 2419 675 2456 caritas
720 2419 760 2455 in
805 2418 950 2469 patria,
985 2417 1061 2470 {ut
1106 2417 1268 2466 presciti
1313 2417 1612 2469 beatificentur,
1656 2418 1723 2454 sed
1771 2416 1844 2453 erit
1884 2426 1965 2463 35ssd

530 2477 676 2513 caritas
708 2477 885 2525 perfecta
919 2477 958 2513 in
991 2476 1136 2525 patria,
1183 2485 1225 2512 ut
1264 2477 1483 2513 secundum
1526 2476 1596 2512 Dei
1642 2474 1842 2512 iusticiam

530 2536 579 2570 ad
612 2534 786 2571 universi
820 2534 1135 2583 pulcritudinem
1170 2543 1366 2582 perpetuo
1399 2535 1760 2582 condempnentur.

588 2594 635 2628 Et
668 2601 777 2641 patet
806 2592 1079 2629 consideranti
1109 2601 1256 2629 attente
1286 2591 1401 2628 istam
1428 2591 1575 2629 Christi
1598 2590 1843 2628 sentenciam
1859 2614 1904 2645 40

530 2650 832 2687 convertibilem
868 2663 959 2687 cum
995 2650 1120 2687 beatis
1155 2663 1276 2698 quam
1312 2649 1428 2686 multi
1451 2649 1603 2686 viantes
1637 2651 1685 2686 de
1708 2657 1846 2697 paten-

601 2792 619 2811 1.
640 2784 662 2811 B
681 2784 711 2811 in
734 2792 800 2811 mar
825 2794 847 2811 .:
862 2783 1028 2811 Jonannes.
1103 2782 1128 2811 3.
1150 2785 1193 2811 A:
1215 2791 1280 2811 cum
1301 2784 1389 2811 velut.
1466 2783 1507 2811 18.
1530 2784 1568 2811 B:
1589 2782 1753 2810 secundum
1776 2780 1846 2811 Dei.

530 2826 576 2852 24.
599 2819 645 2857 ita·
660 2819 727 2846 cod.
741 2829 746 2846 ε
773 2793 833 2846 Tlie
853 2820 924 2846 verb
939 2819 965 2846 is
982 2818 1123 2853 wanting
1137 2821 1168 2846 to
1183 2819 1331 2853 complete
1344 2819 1394 2846 tlte
1407 2821 1556 2845 sentence.
1625 2817 1666 2844 25.
1689 2817 1728 2844 B:
1750 2816 1844 2844 cedet.

530 2853 568 2880 31.
589 2854 618 2881 A
639 2861 669 2881 ιη
691 2862 807 2889 marg:
829 2853 919 2881 Nota.
