2003 3322
204 196 293 225 CAP.
312 189 382 243 1x.]
683 199 895 232 SECUNDA
923 199 1048 231 PARS.
1730 202 1804 240 27¹

205 307 437 343 nominatur.
472 307 524 342 Et
556 306 626 342 hoc
658 307 838 355 estquod
860 318 958 343 nunc
980 306 1127 356 agitur,
1160 306 1250 342 dum
1275 307 1519 357 evangelium

203 365 329 400 adhuc
361 376 476 414 usque
502 376 577 413 per
604 364 779 400 diversas
799 371 935 414 gentes
957 364 1238 410 innotescendo,
1277 365 1522 400 commendat

206 423 315 458 unius
353 422 430 458 diei
465 434 598 458 nomen
624 434 699 471 per
731 422 1111 458 administracionem
1150 422 1278 458 dilecti
1308 421 1391 471 filii
1428 422 1518 458 eius.

207 482 290 516 Hec
320 479 578 527 Augustinus.
1712 522 1717 526 .

174 539 189 572 5
265 537 478 574 Sentencia
522 536 638 573 huius
683 537 809 573 sancti
843 545 900 573 est
934 537 1054 585 plana
1093 536 1247 582 sciolis;
1289 545 1325 573 et
1362 536 1520 573 videtur
1568 522 1634 583 13¹2
1660 526 1777 584 ξζῐξῗιζῑ

206 595 337 643 ipsum
371 595 578 639 intendere
611 596 719 643 quod
750 594 880 642 prima
903 594 1071 631 istarum
1095 603 1245 642 septem
1272 594 1517 643 peticionum
1573 592 1795 653 etiilignfirrierfers

207 653 348 689 alludit
386 652 625 701 proprietati
658 652 731 688 Dei
774 652 912 700 patris,
959 652 1051 689 licet
1088 661 1235 689 natura
1275 652 1409 689 divina
1442 664 1518 701 que
1550 634 1580 687 io
1601 661 1650 688 the
1670 660 1792 688 Father.

208 719 265 747 est
297 720 380 747 tota
412 710 570 747 trinitas
602 719 765 747 vocetur
797 710 837 746 in
861 710 1060 758 principio
1085 712 1203 747 Pater
1224 719 1371 747 noster.
1409 710 1519 747 Sicut

208 768 312 805 enim
346 768 601 816 omnipotens
633 780 783 804 nomen
815 768 910 814 eius,
954 777 997 804 ut
1030 768 1177 804 dicitur
1209 768 1333 805 Exodi
1366 769 1448 818 XV,
1482 777 1520 805 et

156 838 192 860 10
208 826 509 874 omnipotencia
531 826 819 874 appropriatur
842 827 1144 874 quodammodo
1169 828 1252 862 Deo
1277 826 1393 874 patri,
1428 838 1518 862 cum

210 883 294 932 ipse
327 884 375 920 sit
408 884 596 932 potencia
629 884 802 929 deitatis,
837 884 1041 932 signanter
1064 883 1214 932 petitur
1238 885 1347 932 quod
1371 896 1520 920 nomen

208 955 323 978 suum
349 942 417 978 fiat
440 951 619 978 sanctum
654 941 695 978 in
726 941 855 987 nobis,
891 941 993 979 sicut
1026 941 1248 989 exponitur.
1285 944 1332 978 Et
1363 941 1521 978 videtur

208 999 450 1047 Augustinus
484 999 631 1036 sentire
665 1001 773 1048 quod
807 999 925 1047 digne
959 999 1134 1036 dicentes
1158 1000 1262 1036 hanc
1286 1000 1519 1036 oracionem

209 1058 356 1094 habent
394 1057 503 1105 prius
542 1070 564 1093 a
604 1059 686 1093 Deo
725 1065 965 1105 potestatem
1012 1069 1095 1093 esse
1141 1057 1231 1104 filii;
1266 1057 1337 1093 Dei
1384 1066 1421 1094 et
1465 1057 1521 1094 ita

158 1115 339 1151 &solum
373 1114 654 1163 predestinatis
686 1115 844 1151 videtur
875 1114 1108 1151 oracionem
1142 1114 1259 1151 istam
1291 1123 1521 1163 competere

208 1173 269 1209 vel
307 1173 339 1209 si
372 1173 460 1209 aliis
493 1173 716 1219 conveniat,
762 1173 863 1209 sicut
896 1175 1001 1209 Deus
1034 1173 1073 1209 in
1107 1173 1162 1209 eis
1196 1173 1350 1210 habitat
1382 1185 1521 1209 secun-

209 1231 304 1266 dum
338 1239 564 1279 presentem
599 1230 816 1277 iusticiam,
866 1231 921 1267 ita
954 1230 1029 1279 ipsi
1063 1240 1181 1267 orant
1216 1231 1521 1279 quodammodo

209 1288 365 1325 infinite
397 1288 684 1325 infructuosius
718 1302 838 1337 quam
874 1288 924 1324 hii
961 1297 1089 1325 orant.

735 1436 874 1478 CAP.
907 1437 994 1477 IX.

154 1544 195 1565 20
270 1533 540 1570 Crisostomus
592 1542 725 1570 autem
779 1545 897 1581 super
948 1533 1025 1569 isto
1071 1541 1176 1569 textu
1223 1532 1278 1569 sic
1322 1532 1518 1581 loquitur:
1563 1538 1627 1566 Chr
1650 1543 1785 1578 sqstom:

210 1591 368 1627 Patrem
407 1603 446 1627 se
484 1592 613 1642 magis
653 1604 767 1640 quam
808 1591 1001 1627 dominum
1035 1591 1161 1627 Deum
1196 1591 1315 1627 voluit
1349 1591 1434 1634 dici,
1479 1598 1519 1627 ut
1538 1574 1811 1636 ςᾶᾗοῃῑῐὶιάἧῗξεῑ

210 1649 316 1685 nobis
367 1662 551 1700 magnam
593 1649 784 1699 fiduciam
838 1650 950 1684 daret
993 1649 1045 1684 ad
1082 1649 1289 1698 petendum
1335 1655 1370 1684 et
1412 1661 1517 1698 spem
1539 1643 1803 1705 tffrffsctsssssgigffi

210 1707 366 1757 largam
409 1707 461 1742 ad
497 1707 797 1757 impetrandum,
843 1707 928 1755 quia
967 1707 1073 1743 servi
1109 1719 1182 1742 non
1214 1718 1368 1756 semper
1400 1706 1517 1756 impe-
1781 1699 1787 1705 ¹

209 1771 316 1800 trant
347 1765 448 1812 quod
473 1772 621 1814 petunt.
655 1765 736 1801 Nec
768 1765 865 1800 enim
898 1777 1052 1813 semper
1083 1776 1134 1801 ex
1162 1765 1258 1801 bona
1281 1764 1517 1801 consciencia

153 1821 192 1854 25
208 1834 280 1871 que
317 1823 414 1859 iusta
453 1829 541 1859 sunt
573 1830 731 1872 petunt;
776 1835 863 1858 nam
894 1823 1129 1871 frequenter
1169 1835 1241 1858 non
1274 1822 1521 1859 considerant

210 1880 301 1928 quid
343 1881 395 1916 ad
438 1880 638 1917 utilitatem
685 1881 832 1917 domini
862 1881 1032 1929 pertinet
1068 1881 1136 1916 sed
1174 1881 1226 1916 ad
1263 1893 1393 1916 suam:
1436 1880 1520 1916 ideo

210 1950 282 1974 non
306 1945 504 1974 merentur
524 1950 678 1987 semper
698 1938 839 1974 audiri.
862 1938 956 1973 Filii
974 1945 1100 1974 autem
1124 1950 1278 1988 semper
1299 1938 1520 1987 impetrant,

209 1996 298 2045 quia
330 2008 381 2032 ex
412 1996 509 2032 bona
542 1996 776 2032 consciencia
810 2008 879 2045 que
911 1996 1009 2032 iusta
1040 2003 1129 2032 sunt
1146 2003 1294 2045 petunt.
1329 1996 1410 2032 Nec
1432 2008 1519 2032 con-

208 2053 382 2090 siderant
415 2054 542 2104 magis
572 2054 663 2103 quid
695 2054 746 2089 ad
778 2054 981 2089 utilitatem
1014 2066 1123 2090 suam
1143 2054 1312 2102 pertinet
1333 2066 1447 2103 quam
1470 2054 1522 2089 ad

154 2111 355 2160 30patris:
397 2111 480 2147 ideo
514 2119 712 2147 merentur
742 2123 897 2161 semper
928 2112 1080 2156 audiri;
1126 2119 1160 2147 et
1198 2119 1236 2147 tu
1268 2112 1303 2148 si
1320 2112 1453 2161 filium
1486 2119 1522 2148 te

209 2169 337 2205 credis
369 2169 454 2216 Dei⁷
503 2169 569 2205 illa
610 2177 699 2218 pete
735 2181 807 2218 que
847 2177 882 2205 et
920 2169 987 2205 tibi
1024 2169 1233 2218 expediunt
1271 2169 1446 2218 accipere
1487 2177 1521 2205 et

209 2227 318 2262 illum
344 2227 450 2263 decet
466 2235 659 2276 prestare.
696 2227 737 2262 Si
757 2234 883 2263 autem
916 2239 1070 2276 semper
1100 2239 1184 2263 cum
1214 2234 1280 2262 aut
1297 2234 1410 2276 petas
1432 2239 1518 2263 car-

209 2285 313 2320 nalia
345 2292 380 2321 et
412 2292 569 2321 terrena
602 2292 668 2320 aut
701 2284 863 2334 difficile
894 2285 1080 2334 impetras
1112 2292 1178 2320 aut
1201 2285 1316 2333 sorte
1347 2297 1419 2321 non
1449 2285 1518 2321 im-

203 2350 352 2391 petras,
378 2343 571 2391 quomodo
604 2343 671 2378 illa
693 2350 847 2392 prestat
879 2343 947 2378 tibi
977 2343 1138 2379 libenter
1165 2355 1238 2379 non
1262 2343 1428 2390 habenti,
1449 2355 1521 2392 que

153 2399 192 2432 35
208 2407 243 2435 et
273 2400 308 2436 si
337 2400 480 2436 habeas
511 2400 646 2449 ubique
677 2408 870 2436 ammonet
900 2407 936 2436 te
968 2407 1008 2436 ut
1039 2408 1298 2450 contempnas.

266 2458 383 2493 Pater
398 2465 548 2503 noster;
570 2470 641 2494 non
665 2458 765 2494 dixit
780 2470 905 2503 meus;
927 2458 1087 2494 libenter
1109 2458 1216 2494 audit
1229 2457 1351 2505 Deus,
1365 2458 1518 2507 quando
1560 2461 1649 2488 ‘our’
1669 2461 1791 2497 Faffler,

289 2515 295 2522 ‚
339 2516 346 2522 ,
1575 2495 1704 2523 because
1725 2504 1770 2523 we

208 2514 442 2552 christzanus
478 2528 551 2552 non
587 2516 712 2552 solum
740 2528 817 2565 pro
849 2528 890 2552 se
920 2516 989 2552 sed
1014 2528 1090 2565 pro
1123 2516 1247 2552 altero
1281 2523 1380 2552 orat.
1438 2516 1518 2553 Pro
1533 2530 1644 2558 should
1667 2538 1743 2567 pray
1761 2531 1810 2558 for

1613 2564 1728 2592 others.

276 2672 301 2700 5.
322 2673 351 2700 Α
371 2672 401 2700 in
422 2680 536 2708 marg:
555 2671 720 2700 lohannes.
824 2680 861 2700 12.
883 2673 926 2700 A:
948 2675 983 2700 ut
999 2673 1128 2700 videtur.
1231 2680 1276 2699 20.
1299 2674 1328 2700 A
1347 2672 1377 2699 in
1399 2680 1517 2707 marga

210 2706 426 2735 Crisostomus.
508 2715 547 2736 21.
568 2707 605 2735 B:
628 2708 725 2735 Deum
745 2707 840 2735 deest.
922 2706 964 2735 32.
987 2707 1025 2735 B:
1046 2711 1101 2735 aut
1120 2708 1244 2735 extinct.
1323 2706 1369 2734 36.
1391 2707 1520 2734 libenter

207 2742 315 2776 audzt;
334 2742 356 2769 Β
376 2741 407 2769 in
427 2750 524 2778 marg.
548 2742 659 2770 addit:
675 2745 763 2778 patu.

279 2825 331 2846 20.
358 2815 425 2857 Op.
452 2815 535 2857 Imp.
563 2816 667 2847 Hom.
692 2815 771 2847 le
796 2825 837 2847 ex
862 2825 936 2858 cap.
961 2815 1018 2855 VI,
1045 2814 1066 2847 l.
1094 2826 1120 2847 c.
1147 2825 1181 2857 p.
1206 2813 1288 2846 810.
