2003 3322
196 219 272 262 164

225 570 382 597 Instances
402 569 436 596 of

218 605 311 632 faults
331 603 434 631 which

200 641 276 667 have
296 639 405 667 turned
427 644 457 666 to

190 677 239 703 the
259 674 339 709 good
361 674 396 701 of
411 674 461 701 the

264 710 399 738 Church.

907 222 1025 253 opus
1050 221 1386 254 EVANGELICUM
1575 211 1681 265 [CAP.
1702 220 1796 248 xcv.

481 341 580 377 pure
613 327 747 376 gracia
782 327 959 364 caritatis
994 327 1195 375 corripere
1228 328 1392 364 fratrem
1432 341 1569 372 suum3
1617 338 1652 365 et
1692 329 1798 366 istud

482 396 540 423 est
582 387 748 422 malum.
801 387 915 422 Unde
956 387 1004 422 de
1043 385 1232 422 societate
1272 386 1483 422 hominum
1529 395 1566 423 et
1610 387 1800 435 operibus

480 443 674 481 faciendis
708 452 765 480 est
798 443 979 481 dubietas
1012 445 1120 491 apud
1155 444 1302 480 multos
1336 453 1373 480 et
1406 456 1500 492 sepe
1533 444 1576 481 fit
1599 444 1798 482 dissensio

482 502 522 539 in
556 501 721 539 ecclesie
756 501 968 538 militante.

542 561 655 597 Unde
679 561 726 595 de
749 559 897 607 triplici
920 559 1168 596 dissensione
1188 559 1357 607 legimus
1376 572 1456 608 que
1479 560 1553 596 fuit
1576 560 1799 608 culpabilis,
1818 569 1834 601 5

484 618 576 655 licet
598 617 837 666 proficiebat
860 617 1038 654 ecclesie.
1071 619 1173 653 Nam
1201 618 1306 654 Luce
1328 619 1444 663 XXII,
1470 628 1535 664 24,
1569 618 1609 654 in
1631 618 1801 655 articulo

486 675 689 724 capcionis
722 675 885 712 Domini
931 677 978 712 de
1018 675 1211 723 apostolis
1251 676 1420 723 legimus
1453 677 1562 724 quod
1595 677 1711 724 facta
1744 684 1802 712 est

484 734 677 770 contencio
717 734 817 769 inter
862 746 937 779 eos,
983 734 1065 781 quis
1114 745 1245 769 eorum
1295 734 1494 770 videretur
1537 746 1618 770 esse
1661 734 1799 773 maior.

484 793 571 828 Hoc
604 800 738 828 autem
764 791 1002 839 proficiebat
1026 790 1204 835 ecclesie,
1239 791 1333 839 quia
1357 804 1400 828 ex
1424 791 1626 828 decisione
1653 791 1801 828 Christi

484 849 699 886 didicimus
732 851 842 897 quod
876 850 1069 885 debemus
1100 848 1199 885 illud
1232 849 1433 886 dimittere
1472 858 1508 885 et
1548 851 1599 885 ad
1639 849 1802 886 maiori-
1822 870 1860 890 10

484 916 607 944 tatem
641 908 834 943 virtutum
869 916 906 943 et
941 906 1170 954 specialiter
1202 907 1441 944 humilitatis
1474 907 1694 944 intendere.

542 967 727 1002 Secunda
790 964 985 1001 dissensio
1038 964 1113 1001 fuit
1165 965 1270 1001 inter
1322 967 1481 1002 Petrum
1538 973 1575 1002 et
1633 966 1798 1002 Paulum

484 1024 569 1060 Gal.
595 1025 661 1071 110,
696 1023 763 1059 ubi
797 1032 907 1071 patet
941 1035 985 1059 ex
1018 1023 1224 1071 evangelio
1259 1023 1371 1059 Pauli
1405 1024 1514 1072 quod
1541 1024 1680 1060 Petrus
1712 1032 1802 1072 post

485 1081 719 1118 missionem
764 1080 936 1129 Spiritus
976 1081 1114 1118 Sancti
1159 1090 1408 1129 peccaverat,
1453 1090 1492 1118 et
1530 1090 1665 1118 tamen
1704 1081 1800 1117 illud

483 1148 692 1188 peccatum
740 1139 813 1175 sibi
859 1148 897 1176 et
942 1138 1156 1187 posteriori
1201 1140 1369 1176 ecclesie
1421 1139 1495 1176 fuit
1548 1139 1708 1176 occasio
1759 1148 1859 1181 ut15

484 1197 647 1235 sentiret
681 1197 872 1233 humilius
906 1198 953 1233 de
986 1210 1026 1233 se
1058 1197 1159 1245 ipso.

541 1256 678 1293 Tertia
712 1265 845 1292 autem
880 1255 1075 1292 dissensio
1098 1255 1172 1291 fuit
1194 1254 1298 1291 inter
1322 1256 1490 1291 Paulum
1515 1264 1553 1291 et
1575 1256 1799 1292 Barnabam

484 1327 557 1362 pro
587 1314 769 1350 Johanne
801 1315 951 1360 Marco,
998 1326 1088 1349 cum
1123 1314 1270 1349 Paulus
1303 1313 1430 1350 voluit
1470 1326 1561 1350 eum
1596 1312 1800 1350 dimittere

486 1381 523 1408 et
563 1373 768 1408 Barnabas
811 1372 937 1408 voluit
989 1371 1118 1419 ipsum
1166 1384 1301 1407 secum
1349 1383 1565 1416 assumere,
1611 1380 1654 1407 ut
1693 1380 1803 1419 patet

485 1432 573 1467 Act.
597 1431 687 1474 XV;
721 1439 758 1466 et
791 1429 1004 1466 occasione
1036 1429 1149 1465 istius
1183 1430 1258 1466 hoc
1292 1431 1439 1466 bonum
1476 1428 1604 1466 evenit
1638 1429 1803 1466 ecclesie
1819 1447 1861 1468 20

486 1490 595 1536 quod
636 1488 751 1525 divisi
796 1496 888 1524 sunt
925 1487 1098 1536 apostoli
1141 1487 1204 1524 isti
1243 1489 1292 1524 ab
1335 1487 1524 1532 invicem;
1571 1495 1608 1523 et
1657 1487 1803 1524 Paulus

487 1547 613 1583 electo
647 1546 729 1583 Sila
763 1545 963 1583 edificavit
996 1545 1197 1591 ecclesias,
1231 1547 1437 1582 Barnabas
1468 1557 1562 1582 vero
1595 1554 1803 1593 assumpto

488 1604 595 1641 dicto
632 1605 814 1641 Johanne
853 1603 1053 1652 navigavit
1092 1604 1268 1652 Cyprum
1317 1612 1354 1640 et
1398 1603 1561 1640 indubie
1606 1603 1806 1640 edificavit

488 1662 712 1699 ecclesiam.
767 1665 822 1698 Ex
859 1675 939 1710 quo
985 1670 1092 1698 textu
1137 1661 1302 1710 quidam
1349 1661 1513 1698 eliciunt
1559 1663 1669 1710 quod
1715 1674 1804 1697 cum

488 1720 663 1769 Spiritus
703 1722 874 1757 Sanctus
918 1719 1152 1756 intendebat
1198 1721 1347 1756 bonum
1393 1719 1500 1756 illius
1545 1718 1806 1756 dissensionis
1822 1726 1861 1759 25

489 1779 595 1827 quod
629 1779 730 1815 alter
762 1778 924 1815 illorum
958 1778 1235 1826 apostolorum
1270 1786 1508 1826 peccaverat
1528 1778 1589 1815 vel
1620 1786 1803 1826 uterque.

488 1839 590 1873 Nam
625 1849 848 1873 consonum
883 1845 940 1872 est
974 1835 1065 1872 fidei
1099 1837 1207 1884 quod
1241 1835 1412 1884 apostoli
1446 1844 1536 1883 post
1571 1835 1803 1872 missionem

491 1894 663 1943 Spiritus
696 1894 831 1931 Sancti
866 1907 946 1931 non
986 1894 1165 1930 fecerunt
1203 1906 1359 1930 summe
1400 1895 1450 1930 ad
1490 1894 1668 1941 regulam
1711 1905 1804 1930 con-

489 1952 599 1989 tinue
642 1953 703 1989 vel
741 1952 1043 2001 inpeccabiliter
1087 1952 1193 1988 facta
1237 1965 1321 1996 sua,
1369 1964 1459 1988 cum
1499 1954 1524 1988 I.
1569 1952 1656 1988 Joh.
1691 1953 1717 1998 Ι,
1765 1952 1802 1998 8,

491 2010 697 2047 scribitur:
734 2011 777 2046 Si
807 2011 1023 2047 dixerimus
1055 2010 1232 2058 quoniam
1262 2017 1462 2059 peccatum
1503 2022 1575 2046 non
1608 2010 1802 2055 habemus,
1823 2016 1865 2048 30

490 2081 558 2105 nos
591 2069 694 2118 ipsos
724 2069 942 2105 seducimus
974 2076 1008 2104 et
1043 2068 1185 2104 veritas
1217 2068 1253 2103 in
1287 2069 1392 2104 nobis
1425 2080 1498 2104 non
1531 2075 1597 2104 est.

550 2129 598 2163 Et
639 2139 683 2163 ex
720 2127 797 2163 isto
830 2139 1044 2175 possumus
1088 2125 1292 2174 signanter
1330 2125 1537 2162 addiscere
1576 2126 1684 2174 quod
1728 2137 1807 2161 non

492 2193 551 2221 est
584 2186 831 2221 credendum
871 2185 981 2221 omni
1022 2186 1218 2220 moderno
1257 2183 1415 2232 spiritui
1454 2184 1523 2232 qui
1568 2196 1612 2220 ex
1656 2182 1806 2219 invidia

491 2243 551 2279 vel
583 2243 658 2279 levi
691 2243 881 2279 scandalo
915 2251 1095 2279 erranter
1134 2242 1326 2290 imposito
1367 2243 1552 2278 hortatur
1591 2242 1640 2277 ad
1683 2240 1807 2277 socie-

493 2309 615 2337 tatem
650 2301 825 2337 hominis
859 2300 1155 2345 dimittendam,
1192 2313 1281 2336 cum
1306 2301 1513 2336 Barnabas
1546 2312 1627 2336 non
1659 2298 1700 2335 in
1732 2299 1807 2335 hoc
1823 2304 1862 2336 35

493 2358 662 2395 credidit
695 2368 834 2395 sancto
859 2359 995 2403 Paulo,
1030 2368 1067 2394 et
1102 2371 1190 2394 cum
1225 2358 1493 2406 supponimus
1528 2358 1635 2406 quod
1660 2357 1806 2393 Paulus

492 2429 560 2452 vas
595 2416 808 2452 eleccionis
841 2417 880 2452 in
913 2417 1126 2453 sanctitate
1166 2425 1202 2452 ct
1243 2416 1449 2464 sapiencia
1482 2423 1703 2452 excesserat
1735 2426 1808 2450 nos

495 2476 725 2520 modernos,
772 2474 863 2511 ideo
909 2476 1099 2511 debemus
1144 2474 1275 2510 facere
1314 2474 1354 2510 in
1393 2473 1539 2510 talibus
1587 2474 1807 2509 secundum

494 2532 727 2569 instinctum
763 2545 881 2581 quem
916 2534 1022 2569 Deus
1055 2532 1304 2580 impresserit
1336 2532 1396 2568 vel
1434 2532 1619 2568 habendo
1652 2530 1808 2566 coniec-

494 2599 625 2627 turam
660 2590 911 2639 probabilem
948 2599 984 2627 et
1016 2603 1097 2627 non
1130 2591 1351 2626 secundum
1391 2591 1557 2626 verbum
1599 2588 1865 2638 quodlibet4o

565 2782 588 2810 5.
619 2783 647 2810 A
673 2782 701 2809 in
734 2790 849 2817 marg:
877 2791 901 2810 1.
1011 2790 1051 2809 io.
1081 2782 1118 2809 13:
1149 2782 1338 2809 didiscimus.
1457 2788 1494 2808 12.
1523 2782 1551 2808 A
1577 2781 1607 2808 in
1635 2788 1749 2815 marg.:
1778 2788 1806 2808 2.

492 2817 759 2888 zzcclttwipligiarga
776 2826 809 2852 3.
884 2817 924 2845 18.
940 2817 978 2845 B:
995 2816 1145 2850 Marclzo;
1159 2816 1198 2844 ib.
1215 2817 1253 2844 B:
1270 2816 1365 2852 ipsum
1379 2816 1557 2844 dimittere.
1631 2823 1678 2851 29.
1693 2816 1738 2844 A:
1754 2816 1807 2844 im-
