2003 3322
208 242 283 287 '390
907 248 1024 279 012115
1051 248 1385 278 EVANGELICUM
1619 235 1725 288 [CAR
1746 245 1808 272 XL.

494 355 682 390 diccioncs
721 368 811 390 suas
849 367 967 403 super
999 355 1118 390 iustos
1158 362 1193 390 et
1230 355 1401 401 iniustos,
1436 362 1603 402 propter
1634 354 1736 402 quod
1773 353 1808 388 in

494 413 632 449 vestris
664 414 814 460 quidem
849 419 967 448 estote
997 413 1191 462 simplices
1223 420 1258 448 et
1290 413 1456 462 benigni,
1489 412 1525 447 in
1559 412 1652 447 meis
1683 419 1808 447 autem

488 472 702 519 prudentes
734 478 768 505 et
799 470 912 507 cauti.

552 529 594 563 Si
636 536 675 563 tu
716 529 938 564 vestiarium
984 535 1019 564 et
1056 528 1282 574 studiosum,
1328 527 1622 563 clavicularium
1662 527 1814 563 cellarii

495 587 550 622 tui
589 586 751 635 fidelem
805 586 872 622 tibi
923 586 1102 635 requiris,
1161 592 1300 633 quanto
1353 585 1482 635 magis
1534 585 1641 621 Deus
1692 585 1807 621 talem

495 645 801 693 dispensatorem
862 644 1024 692 requirit
1081 644 1312 694 graciarum
1370 655 1544 686 suarum,
1603 643 1667 691 qui
1722 643 1812 679 bene

494 703 700 738 tractando
744 702 905 752 gracias
944 702 1023 738 eius
1059 702 1190 750 faciat
1229 714 1292 737 eas
1335 701 1548 747 oraciores,
1593 713 1665 737 non
1710 701 1812 736 male

1329 730 1351 751 D

204 768 288 802 Dogs
310 768 369 795 and
384 768 480 795 swine
496 761 615 796 eciam
650 760 907 809 dispensando
941 760 1082 796 reddat
1113 760 1305 809 ingratas.
1349 759 1391 794 Si
1427 759 1525 794 enim
1559 759 1714 795 canibus
1747 759 1811 794 de-

227 804 458 866 fgsffmn‘ssvffiffis
497 818 602 854 deris
639 825 812 854 sanctum
846 824 911 853 aut
941 818 1072 866 porcis
1110 817 1354 867 margaritis,
1395 829 1463 853 nec
1493 824 1668 853 sanctum
1702 829 1813 853 canes

205 874 723 926 wastedonthem-sanctffifflt,
768 887 835 911 nec
874 876 1096 926 margarite
1134 875 1307 911 nutriunt
1345 887 1501 924 porcos,
1546 876 1614 911 sed
1658 882 1813 911 econtra

496 946 609 970 canes
648 934 847 983 inquinant
883 941 1056 969 sanctum
1099 941 1132 969 et
1168 933 1285 982 porci
1326 933 1573 983 margaritas
1609 933 1815 969 sordidant

497 993 558 1028 vel
600 992 865 1042 confringunt.
914 992 971 1027 Ita
1015 992 1050 1027 si
1091 992 1306 1027 hominibus
1345 992 1500 1027 caninos
1540 991 1600 1027 vel
1631 991 1816 1040 porcinos

497 1062 625 1086 mores
669 1050 894 1086 habentibus
932 1057 1106 1086 sanctum
1148 1050 1302 1086 dederis
1340 1056 1406 1084 aut
1449 1049 1620 1085 misteria
1665 1055 1814 1085 secreta

496 1108 733 1143 credideris:
784 1120 851 1143 nec
901 1115 1074 1144 sanctum
1129 1108 1217 1144 illos
1259 1107 1473 1157 sanctificat
1524 1119 1591 1143 nec
1642 1106 1814 1143 misteria

497 1166 672 1201 veritatis
711 1178 774 1202 eos
813 1166 1044 1211 illuminant,
1084 1166 1153 1201 sed
1190 1173 1347 1202 econtra
1387 1166 1462 1214 ipsi
1497 1172 1671 1201 sanctum
1712 1164 1813 1200 coin-

496 1224 653 1272 quinant
685 1231 720 1260 et
753 1224 926 1259 misteria
960 1224 1134 1259 veritatis
1156 1224 1435 1273 blasphemant.
1472 1223 1589 1259 Canis
1617 1230 1652 1259 et
1672 1234 1815 1271 porcus

496 1282 608 1317 ambo
641 1282 792 1330 quidem
826 1282 1024 1317 immunda
1057 1282 1239 1317 animalia
1272 1288 1371 1327 sunt,
1405 1282 1473 1317 sed
1505 1281 1610 1317 canis
1642 1292 1692 1316 ex
1714 1280 1817 1316 omni

491 1347 608 1388 parte
653 1339 873 1376 immundus
918 1347 984 1376 est.
1034 1340 1135 1375 Nam
1182 1352 1248 1375 nec
1301 1340 1472 1375 ruminat
1515 1351 1582 1375 nec
1626 1338 1813 1388 ungulam

496 1398 609 1433 habet
641 1398 806 1447 fissam;
847 1410 994 1446 porcus
1037 1405 1164 1433 autem
1210 1409 1260 1433 ex
1302 1405 1415 1446 parte
1449 1395 1453 1447 Ι
1487 1397 1707 1433 immundus
1744 1403 1813 1441 est,

497 1468 583 1490 nam
610 1456 788 1504 quoniam
813 1457 999 1506 ungulam
1030 1455 1309 1505 hahetfissam,
1342 1456 1507 1491 mundus
1530 1462 1605 1500 est;
1636 1454 1813 1503 quoniam

497 1521 623 1549 autem
670 1526 743 1549 non
789 1514 971 1559 ruminat,
1016 1514 1237 1549 immundus
1281 1514 1455 1551 liabetur.
1502 1514 1672 1561 Propter
1714 1512 1815 1560 quod

496 1579 586 1614 puto
631 1584 743 1607 canes
788 1572 1061 1622 intelligendos
1103 1572 1266 1621 gentiles
1311 1572 1372 1608 vel
1422 1571 1609 1607 hereticos
1662 1570 1814 1607 omnino

497 1630 726 1665 immundos.
762 1630 863 1665 Nam
897 1638 933 1665 et
963 1631 999 1665 si
1023 1637 1191 1679 propter
1218 1637 1326 1665 actus
1358 1641 1446 1665 suos
1476 1629 1600 1664 malos
1628 1627 1817 1663 immundi

495 1694 582 1723 sunt
622 1694 657 1722 et
684 1694 853 1736 propter
885 1688 1094 1737 perfidiam
1134 1701 1243 1723 suam
1285 1688 1345 1723 vel
1383 1687 1607 1723 idolatriam
1647 1686 1815 1735 amplius

495 1752 582 1780 sunt
614 1745 814 1782 immundi.

556 1803 702 1838 Porcos
759 1810 885 1838 autem
946 1803 1177 1839 christianos
1235 1803 1457 1839 carnalibus
1515 1810 1550 1838 et
1609 1802 1814 1837 immundis

499 1861 757 1908 voluptatibus
810 1861 959 1896 deditos
1011 1861 1074 1909 qui
1119 1869 1288 1910 propter
1330 1861 1453 1911 fidem
1506 1873 1616 1897 suam
1662 1860 1812 1908 quidem

498 1919 631 1953 mundi
662 1926 761 1962 sunt,
791 1926 958 1967 propter
989 1926 1098 1954 actus
1129 1926 1254 1954 autem
1288 1931 1379 1955 suos
1410 1919 1593 1955 sordidos
1625 1918 1815 1954 habentur

497 1976 680 2011 inmundi.
716 1978 799 2012 Hec
833 1976 1118 2013 Crisostomus.

1017 2124 1156 2165 CAP.
1190 2124 1292 2164 XL.

234 2236 406 2271 Properties
427 2237 461 2263 01‘
556 2220 816 2267 Prosequitur
864 2230 997 2256 autem
1049 2220 1121 2256 iste
1167 2230 1327 2256 sanetus
1380 2221 1599 2256 secundum
1654 2232 1813 2256 sensum

264 2271 419 2333 dssffvsmdfd
497 2278 689 2325 evangelii
714 2278 754 2313 in
779 2279 850 2313 hee
873 2279 1011 2313 verba:
1047 2279 1123 2313 Aut
1153 2291 1264 2314 canes
1287 2279 1437 2327 quidem
1467 2279 1644 2328 gentiles,
1668 2290 1814 2326 porcos

495 2343 620 2371 autem
645 2336 848 2381 hereticos,
874 2343 1040 2385 propter
1062 2337 1209 2385 aliquid
1236 2349 1369 2372 eorum
1401 2337 1590 2372 modicum
1616 2336 1812 2382 mundum,

497 2394 558 2429 vel
579 2394 664 2441 quia
699 2406 833 2429 nomen
858 2394 1018 2430 Domini
1044 2394 1224 2430 invocare
1257 2394 1448 2439 videntur,
1480 2395 1549 2430 sed
1570 2406 1620 2429 ex
1643 2394 1814 2430 moribus

1831 887 1872 908 10

1834 1167 1870 1199 15

1859 1397 1939 1441 396b

1831 1466 1872 1487 20

1831 1747 1870 1779 25

1832 2132 1873 2163 30

495 2463 627 2486 eorum
663 2452 849 2501 intelligis
879 2452 942 2499 qui
971 2460 1059 2487 sunt
1091 2464 1204 2488 canes
1237 2453 1297 2487 vel
1329 2452 1393 2500 qui
1422 2460 1509 2487 sunt
1536 2452 1660 2500 porci.
1699 2451 1813 2488 Canis
1830 2454 1868 2486 35

495 2510 676 2545 naturale
723 2517 777 2545 est
818 2510 1034 2558 improbum
1082 2522 1175 2555 esse,
1220 2522 1425 2559 numquam
1472 2522 1599 2545 vocem
1646 2511 1810 2545 alteram

495 2567 667 2603 emittere
702 2575 866 2616 propter
903 2568 1072 2615 aliquam
1112 2580 1281 2615 causam,
1325 2568 1421 2603 sicut
1459 2575 1585 2603 cetera
1628 2567 1811 2603 animalia

563 2767 592 2791 4.
617 2759 659 2784 A:
682 2758 907 2789 instzcae'o.s·um;
930 2761 959 2784 et
980 2759 1081 2789 πῶυ
1104 2758 1144 2785 ib.
1167 2759 1212 2786 A:
1236 2758 1405 2785 cellarium.
1491 2758 1527 2786 13.
1548 2760 1592 2786 A:
1614 2767 1666 2786 eos
1683 2762 1811 2787 secrete.

497 2792 534 2819 15.
556 2794 600 2819 A:
622 2792 788 2819 illuminat.
865 2794 903 2819 ιο.
926 2794 970 2819 A:
992 2793 1189 2827 blasphemat.
1271 2792 1302 2819 23
1337 2793 1375 2820 ss:
1396 2793 1424 2820 si
1442 2793 1535 2820 deesl.
1620 2792 1666 2820 30.
1688 2793 1726 2820 B:
1748 2793 1811 2820 Nu-

497 2835 599 2853 merus
620 2827 743 2861 caplluli
767 2827 859 2854 deest.
969 2826 1010 2853 3&
1034 2827 1071 2853 15:
1101 2828 1243 2854 mundum
1265 2829 1357 2854 deest.
1467 2827 1512 2861 34.
1534 2828 1576 2855 D:
1604 2836 1711 2855 nomen
1735 2828 1809 2860 Βοὴ·

497 2862 535 2888 ib.
558 2863 601 2888 A:
623 2870 676 2889 :vex
696 2870 741 2888 ex.
817 2861 863 2893 31⁷5,
887 2860 928 2896 157.
952 2863 996 2888 A:
1017 2870 1172 2897 uunquam
1193 2870 1295 2889 vocem
1315 2862 1446 2889 mittere.
