2003 3322
178 221 257 247 220

182 508 208 534 It
228 508 254 534 is
274 508 364 533 when
384 514 443 533 one

175 543 245 569 who
266 543 321 568 has
336 543 447 568 known
471 558 476 564 .

239 577 309 604 God
330 581 390 604 sets

176 612 301 639 himself
318 611 437 646 against

204 647 301 674 God's
320 654 422 682 grace.

882 223 1001 255 OPUS
1026 223 1363 255 EVANGELICUM
1567 212 1673 266 [CAP.
1696 222 1774 249 mx.

464 335 619 364 nostro:
660 329 730 364 sed
771 329 1017 377 manifestum
1059 329 1295 365 existimavit
1327 342 1413 365 cum
1442 330 1593 378 fratris
1633 331 1781 366 nomine

464 385 716 421 christianum
750 386 919 436 intelligi
951 387 1069 422 voluit
1102 387 1165 435 qui
1194 387 1385 436 infidelem
1410 388 1569 424 haberet
1601 400 1778 425 uxorem.

464 442 516 478 Et
559 443 644 480 ideo
683 444 803 492 paulo
849 451 940 492 post
990 444 1101 480 dicit:
1158 445 1272 488 Quod
1314 445 1349 480 si
1398 445 1564 495 infidelis
1606 446 1778 491 discedit,

466 500 656 536 discedat:
688 514 760 537 non
792 509 848 537 est
869 508 996 538 autem
1018 502 1196 538 servituti
1215 502 1407 538 subiectus
1420 503 1560 551 frater
1582 504 1644 539 vel
1665 515 1781 539 soror

465 571 500 593 tn
533 558 764 596 huiusmodi.
819 559 1024 595 Peccatum
1070 572 1168 610 ergo
1202 560 1354 609 fratris
1396 561 1448 596 ad
1486 568 1650 597 mortem
1685 568 1780 609 puto

463 628 556 663 esse,
590 629 675 652 cum
703 624 795 666 post
825 617 1066 667 agnicionem
1097 618 1173 653 Dei
1198 630 1274 667 per
1303 618 1484 668 graciam
1518 618 1782 655 misericordis

462 674 623 710 Domini
654 675 778 711 nostri
796 675 884 711 Jesu
914 675 1062 711 Christi
1082 676 1237 724 quisque
1269 683 1469 726 oppugnat
1481 676 1781 724 fraternitatem

463 739 498 767 et
540 733 730 768 adversus
773 732 895 781 ipsam
939 733 1120 783 graciam
1165 745 1238 782 qua
1281 734 1365 769 Deo
1414 734 1684 770 reconciliatus
1728 741 1782 770 est

464 789 605 826 invidie
625 790 807 839 fascibus
838 791 1017 840 agitatur
1050 792 1165 826 ductu
1205 791 1358 827 diaboli.
1405 792 1609 828 Peccatum
1654 799 1780 828 autem

463 860 536 884 non
569 849 621 883 ad
653 855 817 884 mortem
851 856 919 895 est,
952 849 1022 884 sed
1053 849 1251 897 quisquam
1285 861 1356 885 non
1390 861 1564 885 amorem
1598 862 1620 885 a
1643 849 1782 898 fratre

462 905 701 951 alienaverit,
751 906 819 942 sed
867 905 998 956 officia
1033 906 1308 955 fraternitatis
1346 907 1471 942 debita
1507 919 1583 956 per
1613 907 1781 955 aliquam

463 963 725 1013 infirmitatem
749 964 868 999 animi
889 976 961 999 non
985 964 1215 1000 exhibuerit.
1255 964 1508 1014 Quapropter
1530 972 1564 1000 et
1588 965 1780 1001 Dominus

464 1022 510 1057 de
532 1033 645 1057 cruce
667 1022 741 1057 ait:
770 1022 890 1057 Pater
911 1022 1067 1072 ignosce
1090 1022 1155 1069 eis,
1179 1022 1265 1071 quia
1289 1023 1390 1070 quod
1403 1022 1562 1070 faciunt
1583 1023 1780 1073 ignorant.

462 1079 643 1115 Nondum
693 1079 789 1115 enim
833 1080 970 1130 gracie
1003 1080 1172 1129 Spiritus
1211 1080 1345 1116 Sancti
1385 1080 1651 1116 misericordis
1695 1093 1782 1117 con-

462 1138 647 1174 solatoris
678 1137 805 1173 nostri
820 1137 1035 1186 participes
1057 1138 1180 1186 effecti
1200 1138 1420 1174 societatem
1443 1145 1573 1174 sancte
1586 1138 1783 1187 fraterni-

462 1195 552 1231 tatis
583 1195 759 1231 inierant.
794 1195 846 1230 Et
877 1195 1009 1231 beatus
1033 1196 1250 1244 Stephanus
1272 1196 1307 1231 in
1326 1196 1483 1232 Actibus
1505 1196 1780 1245 Apostolorum

463 1260 551 1289 orat
578 1266 654 1302 pro
687 1254 740 1289 eis
771 1265 793 1288 a
827 1253 961 1301 quibus
994 1253 1257 1302 lapidabatur,
1297 1254 1385 1302 quia
1418 1254 1585 1290 nondum
1626 1254 1782 1289 Christo

463 1311 724 1357 crediderant,
767 1312 957 1347 aduersus
991 1311 1099 1347 illam
1136 1324 1374 1348 communem
1401 1311 1581 1362 graciam
1621 1311 1780 1347 dimica-

462 1369 564 1405 bant.
598 1369 651 1405 Et
682 1369 880 1418 apostolus
912 1369 1058 1405 Paulus
1084 1377 1297 1419 propterea
1331 1370 1448 1406 credo
1481 1382 1553 1406 non
1587 1377 1676 1405 orat
1703 1381 1781 1418 pro

460 1427 705 1474 Alexandro,
749 1427 836 1476 quia
870 1427 946 1462 iam
969 1428 1109 1476 frater
1141 1435 1226 1463 erat
1259 1435 1293 1464 et
1325 1428 1377 1463 ad
1415 1435 1594 1474 mortem,
1642 1427 1682 1462 id
1713 1434 1780 1474 est,

462 1485 674 1521 invidencia
687 1485 986 1533 fraternitatem
1018 1486 1279 1536 oppugnando
1307 1492 1554 1535 peccaverat.
1594 1485 1674 1521 Pro
1709 1485 1782 1521 hiis

461 1551 587 1579 autem
607 1543 671 1592 qui
692 1555 764 1579 non
788 1543 1028 1592 abruperant
1046 1556 1217 1579 amorem
1234 1544 1302 1579 sed
1324 1544 1463 1579 timore
1485 1543 1779 1589 succubuerant,

462 1609 549 1636 orat
582 1608 621 1636 ut
653 1601 704 1637 eis
737 1601 976 1651 ignoscatur.
1012 1601 1074 1637 Sic
1097 1602 1194 1637 enim
1221 1602 1333 1637 dicit:
1363 1602 1594 1638 Alexander
1626 1601 1780 1637 erarius

462 1660 583 1694 multa
616 1659 719 1695 mala
752 1659 847 1695 mihi
878 1659 1053 1705 ostendit,
1087 1660 1223 1695 reddet
1256 1659 1315 1695 illi
1344 1659 1535 1695 Dominus
1566 1659 1777 1695 secundum

462 1729 580 1765 opera
613 1717 714 1762 eius;
741 1729 850 1765 quem
884 1724 919 1752 et
951 1724 989 1752 tu
1023 1717 1162 1753 devita.
1204 1717 1323 1753 Valde
1349 1718 1445 1753 enim
1472 1717 1612 1753 restitit
1636 1717 1780 1752 nostris

459 1776 712 1810 sermonibus.
748 1775 898 1810 Deinde
926 1775 1125 1825 subiungit
1142 1787 1220 1823 pro
1242 1775 1378 1824 quibus
1410 1782 1509 1821 orat,
1544 1775 1673 1810 dicens
1706 1775 1778 1809 ita:

460 1833 501 1867 In
520 1833 652 1881 prima
686 1845 769 1868 mea
803 1832 1025 1880 defensione
1057 1845 1165 1868 nemo
1198 1833 1294 1868 mihi
1324 1834 1446 1882 affuit,
1479 1833 1548 1868 sed
1579 1845 1690 1868 omne
1723 1844 1781 1867 me

461 1891 761 1940 dereliquerunt,
797 1903 869 1926 non
902 1890 979 1926 illis
1010 1891 1233 1940 imputetur,

518 1949 596 1984 Ista
630 1948 851 1997 differencia
880 1956 1132 1997 peccatorum
1164 1949 1306 1984 Judam
1346 1949 1563 1984 tradentem
1603 1961 1624 1983 a
1660 1949 1779 1984 Petro

460 2014 626 2057 negante
654 2006 879 2056 distinguit:
910 2019 982 2042 non
1005 2007 1093 2055 quia
1112 2007 1299 2055 penitenti
1319 2018 1391 2042 non
1415 2007 1463 2042 sit
1486 2006 1778 2056 ignoscendum,
1797 2011 1811 2021 ⁶

460 2077 504 2100 ne
535 2072 670 2100 contra
703 2065 810 2100 illam
844 2064 1073 2100 sentenciam
1098 2065 1259 2100 Domini
1279 2065 1488 2111 veniamus,
1521 2076 1592 2113 qua
1612 2064 1779 2113 precipit

459 2135 612 2172 semper
643 2123 920 2173 ignoscendum
954 2134 1035 2158 esse
1057 2122 1192 2170 fratri
1217 2122 1404 2171 penitenti
1441 2122 1503 2158 vel
1536 2122 1694 2170 petenti,
1740 2129 1778 2157 ut

458 2181 531 2216 sibi
552 2181 692 2228 frater
724 2181 922 2230 ignoscat:
964 2181 1033 2216 sed
1072 2180 1157 2228 quia
1206 2179 1310 2216 illius
1342 2180 1495 2229 peccati
1530 2187 1636 2215 tanta
1676 2179 1779 2214 labes

459 2246 526 2282 est,
560 2246 599 2274 ut
633 2238 869 2287 deprecandi
900 2238 1152 2274 humilitatem
1186 2238 1316 2274 subire
1347 2250 1419 2274 non
1448 2238 1584 2286 possit,
1624 2237 1781 2273 eciamsi

454 2304 655 2344 peccatum
679 2309 789 2332 suum
815 2296 918 2331 mala
941 2296 1175 2332 consciencia
1200 2303 1234 2331 et
1257 2308 1472 2346 agnoscere
1494 2303 1528 2330 et
1550 2307 1779 2331 enumerare

458 2362 638 2404 cogatur.
668 2354 762 2389 Cum
787 2354 883 2389 enim
909 2353 1070 2389 divisset
1085 2354 1222 2389 Iudas:
1237 2354 1401 2390 Peccavi
1421 2354 1522 2402 quod
1543 2352 1775 2388 tradiderim

458 2413 686 2461 sanguinem
733 2412 886 2456 iustum,
921 2411 1087 2459 facilius
1125 2419 1250 2447 tamen
1293 2411 1566 2460 desperacione
1604 2410 1776 2446 cucurrit

531 2569 555 2596 5.
583 2570 609 2596 Α
639 2569 668 2596 in
703 2577 801 2603 malg.
812 2578 818 2596 τ
852 2569 944 2596 N.otz
1054 2576 1082 2598 o.
1113 2570 1156 2595 A:
1190 2568 1372 2595 i7111''.denc7c›
1482 2575 1519 2594 12.
1554 2567 1591 2593 B:
1626 2566 1774 2594 exhibuit.

463 2613 503 2637 14.
535 2604 571 2630 ss:
607 2612 685 2631 enim
719 2604 813 2631 deest.
922 2611 965 2630 22.
996 2604 1040 2630 A:
1073 2603 1274 2642 abruperenl.
1383 2604 1427 2629 28.
1459 2603 1497 2629 B:
1531 2602 1774 2637 direliqueranl.

462 2638 504 2666 32.
526 2639 563 2665 15:
585 2639 711 2675 ignosc
708 2639 810 2665 ’ndum
831 2641 895 2671 es,·l
920 2639 960 2664 ib.
983 2639 1026 2664 A:
1060 2638 1108 2664 vel
1135 2638 1254 2672 pe2·z‹nt1
1279 2638 1372 2664 deest.
1483 2635 1525 2664 33.
1548 2636 1585 2663 B:
1607 2637 1661 2663 sei
1681 2636 1775 2663 deest.

462 2673 833 2708 35.l:1ela··nosccrc

532 2746 561 2777 3.
589 2745 611 2776 I.
632 2746 711 2776 Cor.
727 2745 797 2784 VII,
823 2744 871 2776 15.
974 2746 1021 2777 13.
1050 2745 1165 2776 Lucae
1190 2744 1306 2783 XXIII,
1329 2745 1381 2783 ¹34.
1461 2742 1509 2774 16.
1536 2744 1610 2774 Act.
1630 2742 1701 2782 VII,
1723 2742 1774 2784 59.

463 2792 515 2823 23.
544 2792 563 2822 I.
592 2791 683 2822 Tim.
712 2792 766 2831 IV,
799 2801 848 2831 14.
987 2792 1038 2823 33.
1068 2792 1182 2822 Lucae
1207 2791 1312 2830 XVII,
1347 2791 1382 2829 33
1421 2789 1540 2820 Matth.
1566 2789 1685 2828 XVIII,
1720 2789 1772 2820 23.

462 2836 514 2870 36.
542 2837 661 2868 Matth.
688 2838 822 2876 XXVII,
848 2847 880 2878 4.

1802 864 1840 885 IO

1802 1142 1838 1174 15

1798 1442 1840 1463 20

1797 1721 1835 1753 25

1795 2300 1834 2331 35
