<?xml version="1.0" encoding="UTF-8"?>
<!DOCTYPE html PUBLIC "-//W3C//DTD XHTML 1.0 Transitional//EN"
    "http://www.w3.org/TR/xhtml1/DTD/xhtml1-transitional.dtd">
<html xmlns="http://www.w3.org/1999/xhtml" xml:lang="en" lang="en">
 <head>
  <title>
</title>
<meta http-equiv="Content-Type" content="text/html;charset=utf-8" />
  <meta name='ocr-system' content='tesseract 3.04.00' />
  <meta name='ocr-capabilities' content='ocr_page ocr_carea ocr_par ocr_line ocrx_word'/>
</head>
<body>
  <div class='ocr_page' id='page_1' title='image "./opusevangelicum12wycl/opusevangelicum12wycl_0271.png"; bbox 0 0 2003 3322; ppageno 0'>
   <div class='ocr_carea' id='block_1_1' title="bbox 232 195 1834 249">
    <p class='ocr_par' dir='ltr' id='par_1_1' title="bbox 232 195 1834 249">
     <span class='ocr_line' id='line_1_1' title="bbox 232 195 1834 249; baseline -0.001 -11"><span class='ocrx_word' id='word_1_1' title='bbox 232 204 322 233; x_wconf 80' lang='lat' dir='ltr'><em>CAP.</em></span> <span class='ocrx_word' id='word_1_2' title='bbox 342 195 412 249; x_wconf 81' lang='lat' dir='ltr'><strong>vl-]</strong></span> <span class='ocrx_word' id='word_1_3' title='bbox 700 206 913 239; x_wconf 82' lang='lat' dir='ltr'><strong>SECUNDA</strong></span> <span class='ocrx_word' id='word_1_4' title='bbox 940 207 1066 239; x_wconf 81' lang='lat' dir='ltr'><strong>PARS.</strong></span> <span class='ocrx_word' id='word_1_5' title='bbox 1760 200 1834 236; x_wconf 84' lang='lat'><em>261</em></span> 
     </span>
    </p>
   </div>
   <div class='ocr_carea' id='block_1_2' title="bbox 176 313 1840 2386">
    <p class='ocr_par' dir='ltr' id='par_1_2' title="bbox 177 313 1840 1462">
     <span class='ocr_line' id='line_1_2' title="bbox 232 313 1549 363; baseline -0.001 -12"><span class='ocrx_word' id='word_1_6' title='bbox 232 314 526 351; x_wconf 85' lang='lat' dir='ltr'><em>innumerabilia</em></span> <span class='ocrx_word' id='word_1_7' title='bbox 572 325 641 362; x_wconf 84' lang='lat' dir='ltr'><em>que</em></span> <span class='ocrx_word' id='word_1_8' title='bbox 683 325 801 363; x_wconf 89' lang='lat' dir='ltr'><em>super</em></span> <span class='ocrx_word' id='word_1_9' title='bbox 844 326 913 350; x_wconf 88' lang='lat' dir='ltr'><em>cor</em></span> <span class='ocrx_word' id='word_1_10' title='bbox 958 313 1108 350; x_wconf 84' lang='lat' dir='ltr'><em>incaute</em></span> <span class='ocrx_word' id='word_1_11' title='bbox 1141 314 1290 350; x_wconf 85' lang='lat' dir='ltr'><em>orantis</em></span> <span class='ocrx_word' id='word_1_12' title='bbox 1321 315 1549 363; x_wconf 88' lang='lat' dir='ltr'><em>ascendunt)</em></span> 
     </span>
     <span class='ocr_line' id='line_1_3' title="bbox 228 371 1551 422; baseline 0 -14"><span class='ocrx_word' id='word_1_13' title='bbox 228 380 345 422; x_wconf 88' lang='lat' dir='ltr'><em>putas</em></span> <span class='ocrx_word' id='word_1_14' title='bbox 379 372 530 408; x_wconf 85' lang='lat' dir='ltr'><em>modica</em></span> <span class='ocrx_word' id='word_1_15' title='bbox 560 372 627 407; x_wconf 90' lang='lat' dir='ltr'><em>tibi</em></span> <span class='ocrx_word' id='word_1_16' title='bbox 654 371 807 407; x_wconf 77' lang='lat' dir='ltr'><em>videtur</em></span> <span class='ocrx_word' id='word_1_17' title='bbox 829 372 896 407; x_wconf 84' lang='lat' dir='ltr'><em>hec</em></span> <span class='ocrx_word' id='word_1_18' title='bbox 923 384 1136 422; x_wconf 74' lang='lat' dir='ltr'><em>synagoga</em></span> <span class='ocrx_word' id='word_1_19' title='bbox 1166 372 1372 408; x_wconf 89' lang='lat' dir='ltr'><em>malorum.</em></span> <span class='ocrx_word' id='word_1_20' title='bbox 1411 372 1551 409; x_wconf 80' lang='lat' dir='ltr'><em>Omnes</em></span> 
     </span>
     <span class='ocr_line' id='line_1_4' title="bbox 234 429 1552 479; baseline 0 -13"><span class='ocrx_word' id='word_1_21' title='bbox 234 430 331 467; x_wconf 89' lang='lat' dir='ltr'><em>enim</em></span> <span class='ocrx_word' id='word_1_22' title='bbox 364 430 434 466; x_wconf 88' lang='lat' dir='ltr'><em>iste</em></span> <span class='ocrx_word' id='word_1_23' title='bbox 466 430 573 466; x_wconf 77' lang='lat' dir='ltr'><em>varie</em></span> <span class='ocrx_word' id='word_1_24' title='bbox 603 430 747 479; x_wconf 87' lang='lat' dir='ltr'><em>species</em></span> <span class='ocrx_word' id='word_1_25' title='bbox 780 429 1064 479; x_wconf 78' lang='lat' dir='ltr'><em>cogitacionum</em></span> <span class='ocrx_word' id='word_1_26' title='bbox 1099 430 1245 466; x_wconf 82' lang='lat' dir='ltr'><em>diversi</em></span> <span class='ocrx_word' id='word_1_27' title='bbox 1268 437 1356 466; x_wconf 89' lang='lat' dir='ltr'><em>sunt</em></span> <span class='ocrx_word' id='word_1_28' title='bbox 1378 430 1552 466; x_wconf 88' lang='lat' dir='ltr'><em>inmundi</em></span> 
     </span>
     <span class='ocr_line' id='line_1_5' title="bbox 232 487 1550 538; baseline -0.001 -14"><span class='ocrx_word' id='word_1_29' title='bbox 232 488 402 537; x_wconf 86' lang='lat' dir='ltr'><em>spiritus.</em></span> <span class='ocrx_word' id='word_1_30' title='bbox 455 488 658 532; x_wconf 84' lang='lat' dir='ltr'><em>Quomodo</em></span> <span class='ocrx_word' id='word_1_31' title='bbox 697 500 795 538; x_wconf 76' lang='lat' dir='ltr'><em>ergo</em></span> <span class='ocrx_word' id='word_1_32' title='bbox 834 500 907 523; x_wconf 87' lang='lat' dir='ltr'><em>non</em></span> <span class='ocrx_word' id='word_1_33' title='bbox 946 487 982 523; x_wconf 87' lang='lat' dir='ltr'><em>in</em></span> <span class='ocrx_word' id='word_1_34' title='bbox 1016 488 1142 524; x_wconf 88' lang='lat' dir='ltr'><em>media</em></span> <span class='ocrx_word' id='word_1_35' title='bbox 1174 500 1389 538; x_wconf 78' lang='lat' dir='ltr'><em>synagoga</em></span> <span class='ocrx_word' id='word_1_36' title='bbox 1423 488 1550 524; x_wconf 87' lang='lat' dir='ltr'><em>oravit</em></span> 
     </span>
     <span class='ocr_line' id='line_1_6' title="bbox 201 545 1549 595; baseline 0 -14"><span class='ocrx_word' id='word_1_37' title='bbox 201 545 361 581; x_wconf 84' lang='lat' dir='ltr'><em>5anima</em></span> <span class='ocrx_word' id='word_1_38' title='bbox 405 552 483 592; x_wconf 71' lang='lat' dir='ltr'><em>tua,</em></span> <span class='ocrx_word' id='word_1_39' title='bbox 526 545 679 594; x_wconf 83' lang='lat' dir='ltr'><em>quando</em></span> <span class='ocrx_word' id='word_1_40' title='bbox 713 552 767 581; x_wconf 88' lang='lat' dir='ltr'><em>tot</em></span> <span class='ocrx_word' id='word_1_41' title='bbox 797 557 925 581; x_wconf 83' lang='lat' dir='ltr'><em>secum</em></span> <span class='ocrx_word' id='word_1_42' title='bbox 965 545 1169 582; x_wconf 86' lang='lat' dir='ltr'><em>inmundos</em></span> <span class='ocrx_word' id='word_1_43' title='bbox 1211 546 1371 595; x_wconf 87' lang='lat' dir='ltr'><em>spiritus</em></span> <span class='ocrx_word' id='word_1_44' title='bbox 1419 546 1549 582; x_wconf 88' lang='lat' dir='ltr'><em>habuit</em></span> 
     </span>
     <span class='ocr_line' id='line_1_7' title="bbox 231 603 1817 654; baseline -0.001 -15"><span class='ocrx_word' id='word_1_45' title='bbox 231 610 469 653; x_wconf 81' lang='lat' dir='ltr'><em>spectatores</em></span> <span class='ocrx_word' id='word_1_46' title='bbox 501 611 536 639; x_wconf 89' lang='lat' dir='ltr'><em>et</em></span> <span class='ocrx_word' id='word_1_47' title='bbox 568 603 856 652; x_wconf 77' lang='lat' dir='ltr'><em>colloquentes?</em></span> <span class='ocrx_word' id='word_1_48' title='bbox 888 615 1096 652; x_wconf 87' lang='lat' dir='ltr'><em>possumus</em></span> <span class='ocrx_word' id='word_1_49' title='bbox 1129 611 1164 639; x_wconf 90' lang='lat' dir='ltr'><em>et</em></span> <span class='ocrx_word' id='word_1_50' title='bbox 1196 603 1416 654; x_wconf 78' lang='lat' dir='ltr'><em>intelligere</em></span> <span class='ocrx_word' id='word_1_51' title='bbox 1446 605 1549 652; x_wconf 83' lang='lat' dir='ltr'><em>quod</em></span> <span class='ocrx_word' id='word_1_52' title='bbox 1582 610 1650 638; x_wconf 80' lang='lat' dir='ltr'><em>The</em></span> <span class='ocrx_word' id='word_1_53' title='bbox 1670 611 1771 638; x_wconf 71' lang='lat' dir='ltr'><em>‘door’</em></span> <span class='ocrx_word' id='word_1_54' title='bbox 1791 611 1817 637; x_wconf 72' lang='lat' dir='ltr'><em>is</em></span> 
     </span>
     <span class='ocr_line' id='line_1_8' title="bbox 233 645 1840 716; baseline 0.001 -19"><span class='ocrx_word' id='word_1_55' title='bbox 233 661 370 697; x_wconf 88' lang='lat' dir='ltr'><em>ostium</em></span> <span class='ocrx_word' id='word_1_56' title='bbox 410 662 547 697; x_wconf 87' lang='lat' dir='ltr'><em>domus</em></span> <span class='ocrx_word' id='word_1_57' title='bbox 580 673 622 697; x_wconf 91' lang='lat' dir='ltr'><em>os</em></span> <span class='ocrx_word' id='word_1_58' title='bbox 656 668 712 697; x_wconf 87' lang='lat' dir='ltr'><em>est</em></span> <span class='ocrx_word' id='word_1_59' title='bbox 744 661 923 710; x_wconf 86' lang='lat' dir='ltr'><em>corporis</em></span> <span class='ocrx_word' id='word_1_60' title='bbox 956 668 995 696; x_wconf 91' lang='lat' dir='ltr'><em>ut</em></span> <span class='ocrx_word' id='word_1_61' title='bbox 1028 674 1101 697; x_wconf 87' lang='lat' dir='ltr'><em>non</em></span> <span class='ocrx_word' id='word_1_62' title='bbox 1134 662 1305 697; x_wconf 85' lang='lat' dir='ltr'><em>clamosa</em></span> <span class='ocrx_word' id='word_1_63' title='bbox 1340 673 1431 698; x_wconf 83' lang='lat' dir='ltr'><em>voce</em></span> <span class='ocrx_word' id='word_1_64' title='bbox 1462 674 1546 697; x_wconf 88' lang='lat' dir='ltr'><em>ore·</em></span> <span class='ocrx_word' id='word_1_65' title='bbox 1562 645 1840 716; x_wconf 47' lang='grc' dir='ltr'><em>ζῗέἵζῃζῖζξζζῇῗ,</em></span> 
     </span>
     <span class='ocr_line' id='line_1_9' title="bbox 233 715 1825 776; baseline 0.001 -22"><span class='ocrx_word' id='word_1_66' title='bbox 233 731 316 755; x_wconf 88' lang='lat' dir='ltr'><em>mus</em></span> <span class='ocrx_word' id='word_1_67' title='bbox 338 719 463 754; x_wconf 88' lang='lat' dir='ltr'><em>Deum</em></span> <span class='ocrx_word' id='word_1_68' title='bbox 495 719 564 755; x_wconf 91' lang='lat' dir='ltr'><em>sed</em></span> <span class='ocrx_word' id='word_1_69' title='bbox 592 719 784 755; x_wconf 86' lang='lat' dir='ltr'><em>desiderio</em></span> <span class='ocrx_word' id='word_1_70' title='bbox 809 719 934 754; x_wconf 86' lang='lat' dir='ltr'><em>tacito.</em></span> <span class='ocrx_word' id='word_1_71' title='bbox 971 719 1073 755; x_wconf 86' lang='lat' dir='ltr'><em>Nam</em></span> <span class='ocrx_word' id='word_1_72' title='bbox 1098 731 1148 755; x_wconf 88' lang='lat' dir='ltr'><em>ex</em></span> <span class='ocrx_word' id='word_1_73' title='bbox 1170 720 1343 755; x_wconf 86' lang='lat' dir='ltr'><em>clamosa</em></span> <span class='ocrx_word' id='word_1_74' title='bbox 1367 720 1548 755; x_wconf 84' lang='lat' dir='ltr'><em>oracione</em></span> <span class='ocrx_word' id='word_1_75' title='bbox 1580 715 1668 742; x_wconf 84' lang='lat' dir='ltr'><em>silent</em></span> <span class='ocrx_word' id='word_1_76' title='bbox 1688 715 1825 776; x_wconf 46' lang='grc' dir='ltr'><em>Ιῃῡὲῖἕῑηὲν</em></span> 
     </span>
     <span class='ocr_line' id='line_1_10' title="bbox 232 776 1810 826; baseline -0.001 -14"><span class='ocrx_word' id='word_1_77' title='bbox 232 777 353 812; x_wconf 87' lang='lat' dir='ltr'><em>multa</em></span> <span class='ocrx_word' id='word_1_78' title='bbox 392 776 496 812; x_wconf 89' lang='lat' dir='ltr'><em>mala</em></span> <span class='ocrx_word' id='word_1_79' title='bbox 535 784 759 822; x_wconf 87' lang='lat' dir='ltr'><em>nascuntur,</em></span> <span class='ocrx_word' id='word_1_80' title='bbox 806 776 976 812; x_wconf 83' lang='lat' dir='ltr'><em>maxime</em></span> <span class='ocrx_word' id='word_1_81' title='bbox 1015 778 1083 813; x_wconf 80' lang='lat' dir='ltr'><em>hec</em></span> <span class='ocrx_word' id='word_1_82' title='bbox 1121 777 1211 822; x_wconf 84' lang='lat' dir='ltr'><em>tria,</em></span> <span class='ocrx_word' id='word_1_83' title='bbox 1253 777 1426 826; x_wconf 86' lang='lat' dir='ltr'><em>primum</em></span> <span class='ocrx_word' id='word_1_84' title='bbox 1459 777 1547 826; x_wconf 81' lang='lat' dir='ltr'><em>quia</em></span> <span class='ocrx_word' id='word_1_85' title='bbox 1589 785 1810 824; x_wconf 64' lang='lat' dir='ltr'><em>clamorously.</em></span> 
     </span>
     <span class='ocr_line' id='line_1_11' title="bbox 179 819 1828 890; baseline 0.001 -20"><span class='ocrx_word' id='word_1_86' title='bbox 179 845 217 866; x_wconf 83' lang='lat'><em>10</em></span> <span class='ocrx_word' id='word_1_87' title='bbox 230 834 295 883; x_wconf 81' lang='lat' dir='ltr'><em>qui</em></span> <span class='ocrx_word' id='word_1_88' title='bbox 325 834 494 871; x_wconf 89' lang='lat' dir='ltr'><em>clamose</em></span> <span class='ocrx_word' id='word_1_89' title='bbox 525 842 615 871; x_wconf 91' lang='lat' dir='ltr'><em>orat</em></span> <span class='ocrx_word' id='word_1_90' title='bbox 647 847 718 870; x_wconf 90' lang='lat' dir='ltr'><em>non</em></span> <span class='ocrx_word' id='word_1_91' title='bbox 741 835 866 870; x_wconf 89' lang='lat' dir='ltr'><em>Deum</em></span> <span class='ocrx_word' id='word_1_92' title='bbox 901 835 1035 883; x_wconf 81' lang='lat' dir='ltr'><em>ubique</em></span> <span class='ocrx_word' id='word_1_93' title='bbox 1057 835 1181 871; x_wconf 83' lang='lat' dir='ltr'><em>credit</em></span> <span class='ocrx_word' id='word_1_94' title='bbox 1204 847 1284 871; x_wconf 88' lang='lat' dir='ltr'><em>esse</em></span> <span class='ocrx_word' id='word_1_95' title='bbox 1305 842 1341 871; x_wconf 83' lang='lat' dir='ltr'><em>et</em></span> <span class='ocrx_word' id='word_1_96' title='bbox 1362 836 1547 871; x_wconf 85' lang='lat' dir='ltr'><em>absconsa</em></span> <span class='ocrx_word' id='word_1_97' title='bbox 1576 819 1828 890; x_wconf 43' lang='lat' dir='ltr'><em>pragifftisssacfgnd.</em></span> 
     </span>
     <span class='ocr_line' id='line_1_12' title="bbox 232 892 1548 942; baseline 0 -14"><span class='ocrx_word' id='word_1_98' title='bbox 232 892 389 937; x_wconf 85' lang='lat' dir='ltr'><em>audire;</em></span> <span class='ocrx_word' id='word_1_99' title='bbox 431 900 467 928; x_wconf 91' lang='lat' dir='ltr'><em>et</em></span> <span class='ocrx_word' id='word_1_100' title='bbox 503 893 587 928; x_wconf 89' lang='lat' dir='ltr'><em>ideo</em></span> <span class='ocrx_word' id='word_1_101' title='bbox 619 892 744 928; x_wconf 86' lang='lat' dir='ltr'><em>Deum</em></span> <span class='ocrx_word' id='word_1_102' title='bbox 784 893 949 928; x_wconf 86' lang='lat' dir='ltr'><em>honorat</em></span> <span class='ocrx_word' id='word_1_103' title='bbox 979 892 1044 941; x_wconf 83' lang='lat' dir='ltr'><em>qui</em></span> <span class='ocrx_word' id='word_1_104' title='bbox 1074 893 1257 929; x_wconf 85' lang='lat' dir='ltr'><em>absconse</em></span> <span class='ocrx_word' id='word_1_105' title='bbox 1288 900 1389 939; x_wconf 80' lang='lat' dir='ltr'><em>orat,</em></span> <span class='ocrx_word' id='word_1_106' title='bbox 1417 893 1548 942; x_wconf 89' lang='lat' dir='ltr'><em>primo</em></span> 
     </span>
     <span class='ocr_line' id='line_1_13' title="bbox 230 949 1549 999; baseline 0.001 -14"><span class='ocrx_word' id='word_1_107' title='bbox 230 949 317 998; x_wconf 83' lang='lat' dir='ltr'><em>quia</em></span> <span class='ocrx_word' id='word_1_108' title='bbox 363 957 463 995; x_wconf 83' lang='lat' dir='ltr'><em>orat,</em></span> <span class='ocrx_word' id='word_1_109' title='bbox 506 951 672 987; x_wconf 85' lang='lat' dir='ltr'><em>secundo</em></span> <span class='ocrx_word' id='word_1_110' title='bbox 718 950 807 999; x_wconf 78' lang='lat' dir='ltr'><em>quia</em></span> <span class='ocrx_word' id='word_1_111' title='bbox 846 950 969 986; x_wconf 79' lang='lat' dir='ltr'><em>credit</em></span> <span class='ocrx_word' id='word_1_112' title='bbox 1007 951 1133 986; x_wconf 89' lang='lat' dir='ltr'><em>Deum</em></span> <span class='ocrx_word' id='word_1_113' title='bbox 1174 951 1359 986; x_wconf 85' lang='lat' dir='ltr'><em>absconsa</em></span> <span class='ocrx_word' id='word_1_114' title='bbox 1399 951 1549 997; x_wconf 84' lang='lat' dir='ltr'><em>audire,</em></span> 
     </span>
     <span class='ocr_line' id='line_1_14' title="bbox 231 1008 1550 1057; baseline 0.001 -13"><span class='ocrx_word' id='word_1_115' title='bbox 231 1008 328 1044; x_wconf 85' lang='lat' dir='ltr'><em>sicut</em></span> <span class='ocrx_word' id='word_1_116' title='bbox 371 1015 406 1043; x_wconf 87' lang='lat' dir='ltr'><em>et</em></span> <span class='ocrx_word' id='word_1_117' title='bbox 444 1009 561 1044; x_wconf 87' lang='lat' dir='ltr'><em>audit.</em></span> <span class='ocrx_word' id='word_1_118' title='bbox 609 1009 709 1043; x_wconf 86' lang='lat' dir='ltr'><em>Nanz</em></span> <span class='ocrx_word' id='word_1_119' title='bbox 743 1008 850 1043; x_wconf 84' lang='lat' dir='ltr'><em>Deus</em></span> <span class='ocrx_word' id='word_1_120' title='bbox 888 1020 979 1044; x_wconf 81' lang='lat' dir='ltr'><em>voce</em></span> <span class='ocrx_word' id='word_1_121' title='bbox 1019 1020 1092 1045; x_wconf 87' lang='lat' dir='ltr'><em>non</em></span> <span class='ocrx_word' id='word_1_122' title='bbox 1131 1009 1303 1044; x_wconf 87' lang='lat' dir='ltr'><em>clamosa</em></span> <span class='ocrx_word' id='word_1_123' title='bbox 1332 1009 1550 1057; x_wconf 85' lang='lat' dir='ltr'><em>pulsandus</em></span> 
     </span>
     <span class='ocr_line' id='line_1_15' title="bbox 233 1065 1213 1114; baseline 0 -13"><span class='ocrx_word' id='word_1_124' title='bbox 233 1073 302 1111; x_wconf 86' lang='lat' dir='ltr'><em>est,</em></span> <span class='ocrx_word' id='word_1_125' title='bbox 334 1065 420 1114; x_wconf 83' lang='lat' dir='ltr'><em>quia</em></span> <span class='ocrx_word' id='word_1_126' title='bbox 454 1078 526 1102; x_wconf 86' lang='lat' dir='ltr'><em>non</em></span> <span class='ocrx_word' id='word_1_127' title='bbox 559 1073 614 1102; x_wconf 89' lang='lat' dir='ltr'><em>est</em></span> <span class='ocrx_word' id='word_1_128' title='bbox 648 1066 750 1102; x_wconf 75' lang='lat' dir='ltr'><em>vocis</em></span> <span class='ocrx_word' id='word_1_129' title='bbox 782 1066 941 1102; x_wconf 85' lang='lat' dir='ltr'><em>auditor</em></span> <span class='ocrx_word' id='word_1_130' title='bbox 970 1067 1039 1102; x_wconf 91' lang='lat' dir='ltr'><em>sed</em></span> <span class='ocrx_word' id='word_1_131' title='bbox 1070 1066 1213 1102; x_wconf 87' lang='lat' dir='ltr'><em>cordis.</em></span> 
     </span>
     <span class='ocr_line' id='line_1_16' title="bbox 181 1123 1550 1172; baseline 0.002 -15"><span class='ocrx_word' id='word_1_132' title='bbox 181 1123 216 1155; x_wconf 81' lang='lat'><em>15</em></span> <span class='ocrx_word' id='word_1_133' title='bbox 291 1123 508 1159; x_wconf 84' lang='lat' dir='ltr'><em>Secundum</em></span> <span class='ocrx_word' id='word_1_134' title='bbox 542 1131 669 1159; x_wconf 86' lang='lat' dir='ltr'><em>autem</em></span> <span class='ocrx_word' id='word_1_135' title='bbox 703 1124 847 1159; x_wconf 86' lang='lat' dir='ltr'><em>malum</em></span> <span class='ocrx_word' id='word_1_136' title='bbox 882 1131 938 1159; x_wconf 89' lang='lat' dir='ltr'><em>est</em></span> <span class='ocrx_word' id='word_1_137' title='bbox 968 1124 1070 1172; x_wconf 86' lang='lat' dir='ltr'><em>quod</em></span> <span class='ocrx_word' id='word_1_138' title='bbox 1102 1124 1275 1160; x_wconf 87' lang='lat' dir='ltr'><em>misteria</em></span> <span class='ocrx_word' id='word_1_139' title='bbox 1308 1132 1550 1161; x_wconf 86' lang='lat' dir='ltr'><em>secretarum</em></span> 
     </span>
     <span class='ocr_line' id='line_1_17' title="bbox 228 1180 1552 1230; baseline 0.002 -14"><span class='ocrx_word' id='word_1_140' title='bbox 228 1180 461 1230; x_wconf 81' lang='lat' dir='ltr'><em>peticionum</em></span> <span class='ocrx_word' id='word_1_141' title='bbox 495 1189 650 1217; x_wconf 84' lang='lat' dir='ltr'><em>tuarum</em></span> <span class='ocrx_word' id='word_1_142' title='bbox 683 1194 778 1230; x_wconf 80' lang='lat' dir='ltr'><em>quas</em></span> <span class='ocrx_word' id='word_1_143' title='bbox 801 1181 916 1230; x_wconf 86' lang='lat' dir='ltr'><em>forte</em></span> <span class='ocrx_word' id='word_1_144' title='bbox 939 1194 1011 1218; x_wconf 87' lang='lat' dir='ltr'><em>non</em></span> <span class='ocrx_word' id='word_1_145' title='bbox 1035 1182 1238 1230; x_wconf 76' lang='lat' dir='ltr'><em>oportebat</em></span> <span class='ocrx_word' id='word_1_146' title='bbox 1261 1182 1427 1218; x_wconf 87' lang='lat' dir='ltr'><em>alterum</em></span> <span class='ocrx_word' id='word_1_147' title='bbox 1451 1183 1552 1219; x_wconf 87' lang='lat' dir='ltr'><em>scire</em></span> 
     </span>
     <span class='ocr_line' id='line_1_18' title="bbox 229 1239 1550 1288; baseline 0.002 -14"><span class='ocrx_word' id='word_1_148' title='bbox 229 1245 368 1288; x_wconf 89' lang='lat' dir='ltr'><em>preter</em></span> <span class='ocrx_word' id='word_1_149' title='bbox 399 1247 435 1275; x_wconf 92' lang='lat' dir='ltr'><em>te</em></span> <span class='ocrx_word' id='word_1_150' title='bbox 467 1247 502 1275; x_wconf 89' lang='lat' dir='ltr'><em>et</em></span> <span class='ocrx_word' id='word_1_151' title='bbox 533 1240 659 1275; x_wconf 87' lang='lat' dir='ltr'><em>Deum</em></span> <span class='ocrx_word' id='word_1_152' title='bbox 693 1239 728 1274; x_wconf 86' lang='lat' dir='ltr'><em>in</em></span> <span class='ocrx_word' id='word_1_153' title='bbox 762 1239 920 1275; x_wconf 87' lang='lat' dir='ltr'><em>auribus</em></span> <span class='ocrx_word' id='word_1_154' title='bbox 952 1240 1139 1275; x_wconf 86' lang='lat' dir='ltr'><em>bonorum</em></span> <span class='ocrx_word' id='word_1_155' title='bbox 1173 1240 1369 1275; x_wconf 83' lang='lat' dir='ltr'><em>hominum</em></span> <span class='ocrx_word' id='word_1_156' title='bbox 1403 1247 1438 1276; x_wconf 88' lang='lat' dir='ltr'><em>et</em></span> <span class='ocrx_word' id='word_1_157' title='bbox 1470 1253 1550 1276; x_wconf 89' lang='lat' dir='ltr'><em>ma-</em></span> 
     </span>
     <span class='ocr_line' id='line_1_19' title="bbox 235 1297 1550 1334; baseline 0.001 -1"><span class='ocrx_word' id='word_1_158' title='bbox 235 1297 362 1333; x_wconf 85' lang='lat' dir='ltr'><em>lorum</em></span> <span class='ocrx_word' id='word_1_159' title='bbox 401 1297 592 1332; x_wconf 89' lang='lat' dir='ltr'><em>audienda</em></span> <span class='ocrx_word' id='word_1_160' title='bbox 632 1297 839 1333; x_wconf 82' lang='lat' dir='ltr'><em>committis</em></span> <span class='ocrx_word' id='word_1_161' title='bbox 877 1304 913 1333; x_wconf 87' lang='lat' dir='ltr'><em>et</em></span> <span class='ocrx_word' id='word_1_162' title='bbox 952 1310 1025 1333; x_wconf 88' lang='lat' dir='ltr'><em>non</em></span> <span class='ocrx_word' id='word_1_163' title='bbox 1064 1298 1189 1333; x_wconf 89' lang='lat' dir='ltr'><em>solum</em></span> <span class='ocrx_word' id='word_1_164' title='bbox 1229 1310 1302 1333; x_wconf 89' lang='lat' dir='ltr'><em>non</em></span> <span class='ocrx_word' id='word_1_165' title='bbox 1341 1298 1491 1334; x_wconf 85' lang='lat' dir='ltr'><em>audiris</em></span> <span class='ocrx_word' id='word_1_166' title='bbox 1528 1311 1550 1334; x_wconf 89' lang='lat' dir='ltr'><em>a</em></span> 
     </span>
     <span class='ocr_line' id='line_1_20' title="bbox 233 1354 1549 1404; baseline 0.002 -14"><span class='ocrx_word' id='word_1_167' title='bbox 233 1355 319 1391; x_wconf 91' lang='lat' dir='ltr'><em>Deo</em></span> <span class='ocrx_word' id='word_1_168' title='bbox 342 1354 428 1403; x_wconf 84' lang='lat' dir='ltr'><em>quia</em></span> <span class='ocrx_word' id='word_1_169' title='bbox 458 1355 739 1404; x_wconf 85' lang='lat' dir='ltr'><em>indisciplinate</em></span> <span class='ocrx_word' id='word_1_170' title='bbox 771 1354 905 1396; x_wconf 80' lang='lat' dir='ltr'><em>orasti.</em></span> <span class='ocrx_word' id='word_1_171' title='bbox 938 1355 1008 1392; x_wconf 90' lang='lat' dir='ltr'><em>sed</em></span> <span class='ocrx_word' id='word_1_172' title='bbox 1034 1355 1080 1391; x_wconf 90' lang='lat' dir='ltr'><em>ab</em></span> <span class='ocrx_word' id='word_1_173' title='bbox 1104 1355 1320 1392; x_wconf 85' lang='lat' dir='ltr'><em>hominibus</em></span> <span class='ocrx_word' id='word_1_174' title='bbox 1344 1356 1549 1402; x_wconf 85' lang='lat' dir='ltr'><em>derideris,</em></span> 
     </span>
     <span class='ocr_line' id='line_1_21' title="bbox 177 1411 983 1462; baseline 0 -14"><span class='ocrx_word' id='word_1_175' title='bbox 177 1428 218 1449; x_wconf 84' lang='lat'><em>20</em></span> <span class='ocrx_word' id='word_1_176' title='bbox 232 1411 366 1462; x_wconf 82' lang='lat' dir='ltr'><em>quibus</em></span> <span class='ocrx_word' id='word_1_177' title='bbox 397 1413 581 1449; x_wconf 87' lang='lat' dir='ltr'><em>absconsa</em></span> <span class='ocrx_word' id='word_1_178' title='bbox 615 1420 678 1448; x_wconf 88' lang='lat' dir='ltr'><em>tua</em></span> <span class='ocrx_word' id='word_1_179' title='bbox 711 1412 983 1461; x_wconf 73' lang='lat' dir='ltr'><em>manifestasti.</em></span> 
     </span>
    </p>

    <p class='ocr_par' dir='ltr' id='par_1_3' title="bbox 232 1470 1551 1695">
     <span class='ocr_line' id='line_1_22' title="bbox 299 1470 1549 1520; baseline 0.002 -14"><span class='ocrx_word' id='word_1_180' title='bbox 299 1470 476 1506; x_wconf 87' lang='lat' dir='ltr'><em>Tercium</em></span> <span class='ocrx_word' id='word_1_181' title='bbox 501 1483 592 1507; x_wconf 73' lang='lat' dir='ltr'><em>vero</em></span> <span class='ocrx_word' id='word_1_182' title='bbox 617 1471 760 1506; x_wconf 85' lang='lat' dir='ltr'><em>malum</em></span> <span class='ocrx_word' id='word_1_183' title='bbox 784 1470 873 1520; x_wconf 84' lang='lat' dir='ltr'><em>quia</em></span> <span class='ocrx_word' id='word_1_184' title='bbox 897 1471 1065 1507; x_wconf 88' lang='lat' dir='ltr'><em>clamose</em></span> <span class='ocrx_word' id='word_1_185' title='bbox 1087 1483 1206 1507; x_wconf 84' lang='lat' dir='ltr'><em>orans</em></span> <span class='ocrx_word' id='word_1_186' title='bbox 1237 1472 1405 1507; x_wconf 89' lang='lat' dir='ltr'><em>alterum</em></span> <span class='ocrx_word' id='word_1_187' title='bbox 1439 1472 1549 1508; x_wconf 86' lang='lat' dir='ltr'><em>iuxta</em></span> 
     </span>
     <span class='ocr_line' id='line_1_23' title="bbox 234 1528 1549 1578; baseline 0.001 -14"><span class='ocrx_word' id='word_1_188' title='bbox 234 1536 269 1564; x_wconf 93' lang='lat' dir='ltr'><em>te</em></span> <span class='ocrx_word' id='word_1_189' title='bbox 306 1540 378 1564; x_wconf 86' lang='lat' dir='ltr'><em>non</em></span> <span class='ocrx_word' id='word_1_190' title='bbox 413 1528 609 1577; x_wconf 80' lang='lat' dir='ltr'><em>permittis</em></span> <span class='ocrx_word' id='word_1_191' title='bbox 647 1540 777 1565; x_wconf 84' lang='lat' dir='ltr'><em>orare.</em></span> <span class='ocrx_word' id='word_1_192' title='bbox 830 1528 991 1565; x_wconf 86' lang='lat' dir='ltr'><em>Vocibus</em></span> <span class='ocrx_word' id='word_1_193' title='bbox 1023 1529 1120 1564; x_wconf 88' lang='lat' dir='ltr'><em>enim</em></span> <span class='ocrx_word' id='word_1_194' title='bbox 1154 1529 1228 1565; x_wconf 87' lang='lat' dir='ltr'><em>tuis</em></span> <span class='ocrx_word' id='word_1_195' title='bbox 1260 1529 1367 1578; x_wconf 89' lang='lat' dir='ltr'><em>rapis</em></span> <span class='ocrx_word' id='word_1_196' title='bbox 1398 1542 1549 1566; x_wconf 86' lang='lat' dir='ltr'><em>sensum</em></span> 
     </span>
     <span class='ocr_line' id='line_1_24' title="bbox 234 1585 1548 1634; baseline 0.002 -13"><span class='ocrx_word' id='word_1_197' title='bbox 234 1586 337 1622; x_wconf 88' lang='lat' dir='ltr'><em>illius</em></span> <span class='ocrx_word' id='word_1_198' title='bbox 368 1586 420 1621; x_wconf 90' lang='lat' dir='ltr'><em>ad</em></span> <span class='ocrx_word' id='word_1_199' title='bbox 451 1593 535 1622; x_wconf 88' lang='lat' dir='ltr'><em>tuos</em></span> <span class='ocrx_word' id='word_1_200' title='bbox 566 1598 779 1633; x_wconf 85' lang='lat' dir='ltr'><em>sermones,</em></span> <span class='ocrx_word' id='word_1_201' title='bbox 812 1593 847 1622; x_wconf 84' lang='lat' dir='ltr'><em>et</em></span> <span class='ocrx_word' id='word_1_202' title='bbox 875 1586 959 1622; x_wconf 86' lang='lat' dir='ltr'><em>ideo</em></span> <span class='ocrx_word' id='word_1_203' title='bbox 990 1599 1063 1622; x_wconf 90' lang='lat' dir='ltr'><em>non</em></span> <span class='ocrx_word' id='word_1_204' title='bbox 1085 1587 1210 1623; x_wconf 90' lang='lat' dir='ltr'><em>solum</em></span> <span class='ocrx_word' id='word_1_205' title='bbox 1236 1599 1308 1623; x_wconf 86' lang='lat' dir='ltr'><em>non</em></span> <span class='ocrx_word' id='word_1_206' title='bbox 1334 1585 1548 1634; x_wconf 87' lang='lat' dir='ltr'><em>exaudiris,</em></span> 
     </span>
     <span class='ocr_line' id='line_1_25' title="bbox 232 1643 1551 1695; baseline 0.002 -16"><span class='ocrx_word' id='word_1_207' title='bbox 232 1643 320 1693; x_wconf 83' lang='lat' dir='ltr'><em>quia</em></span> <span class='ocrx_word' id='word_1_208' title='bbox 353 1644 454 1679; x_wconf 89' lang='lat' dir='ltr'><em>male</em></span> <span class='ocrx_word' id='word_1_209' title='bbox 486 1656 590 1691; x_wconf 78' lang='lat' dir='ltr'><em>oras,</em></span> <span class='ocrx_word' id='word_1_210' title='bbox 622 1644 691 1680; x_wconf 91' lang='lat' dir='ltr'><em>sed</em></span> <span class='ocrx_word' id='word_1_211' title='bbox 722 1644 849 1680; x_wconf 86' lang='lat' dir='ltr'><em>adhuc</em></span> <span class='ocrx_word' id='word_1_212' title='bbox 878 1652 1081 1693; x_wconf 87' lang='lat' dir='ltr'><em>peccatum</em></span> <span class='ocrx_word' id='word_1_213' title='bbox 1116 1645 1283 1695; x_wconf 75' lang='lat' dir='ltr'><em>colligis,</em></span> <span class='ocrx_word' id='word_1_214' title='bbox 1318 1645 1407 1681; x_wconf 90' lang='lat' dir='ltr'><em>dum</em></span> <span class='ocrx_word' id='word_1_215' title='bbox 1432 1658 1551 1682; x_wconf 89' lang='lat' dir='ltr'><em>orare</em></span> 
     </span>
    </p>

    <p class='ocr_par' dir='ltr' id='par_1_4' title="bbox 178 1701 1551 1984">
     <span class='ocr_line' id='line_1_26' title="bbox 178 1701 1549 1752; baseline 0.001 -15"><span class='ocrx_word' id='word_1_216' title='bbox 178 1705 217 1738; x_wconf 82' lang='lat'><em>25</em></span> <span class='ocrx_word' id='word_1_217' title='bbox 233 1701 331 1737; x_wconf 88' lang='lat' dir='ltr'><em>alios</em></span> <span class='ocrx_word' id='word_1_218' title='bbox 368 1714 441 1738; x_wconf 86' lang='lat' dir='ltr'><em>non</em></span> <span class='ocrx_word' id='word_1_219' title='bbox 468 1701 676 1750; x_wconf 88' lang='lat' dir='ltr'><em>permittis.</em></span> <span class='ocrx_word' id='word_1_220' title='bbox 723 1702 787 1739; x_wconf 84' lang='lat' dir='ltr'><em>Sic</em></span> <span class='ocrx_word' id='word_1_221' title='bbox 819 1702 942 1752; x_wconf 77' lang='lat' dir='ltr'><em>igitur</em></span> <span class='ocrx_word' id='word_1_222' title='bbox 974 1714 1045 1738; x_wconf 90' lang='lat' dir='ltr'><em>ora</em></span> <span class='ocrx_word' id='word_1_223' title='bbox 1076 1702 1175 1739; x_wconf 84' lang='lat' dir='ltr'><em>sicut</em></span> <span class='ocrx_word' id='word_1_224' title='bbox 1207 1703 1350 1739; x_wconf 89' lang='lat' dir='ltr'><em>audisti</em></span> <span class='ocrx_word' id='word_1_225' title='bbox 1380 1703 1415 1738; x_wconf 87' lang='lat' dir='ltr'><em>in</em></span> <span class='ocrx_word' id='word_1_226' title='bbox 1449 1703 1549 1739; x_wconf 87' lang='lat' dir='ltr'><em>libro</em></span> 
     </span>
     <span class='ocr_line' id='line_1_27' title="bbox 235 1759 1551 1810; baseline 0.002 -15"><span class='ocrx_word' id='word_1_227' title='bbox 235 1760 388 1809; x_wconf 80' lang='lat' dir='ltr'><em>Regum</em></span> <span class='ocrx_word' id='word_1_228' title='bbox 411 1759 562 1795; x_wconf 85' lang='lat' dir='ltr'><em>Annam</em></span> <span class='ocrx_word' id='word_1_229' title='bbox 596 1767 772 1796; x_wconf 80' lang='lat' dir='ltr'><em>orantem</em></span> <span class='ocrx_word' id='word_1_230' title='bbox 804 1772 876 1809; x_wconf 85' lang='lat' dir='ltr'><em>que</em></span> <span class='ocrx_word' id='word_1_231' title='bbox 891 1760 1073 1810; x_wconf 77' lang='lat' dir='ltr'><em>figuram</em></span> <span class='ocrx_word' id='word_1_232' title='bbox 1092 1761 1281 1809; x_wconf 85' lang='lat' dir='ltr'><em>portabat</em></span> <span class='ocrx_word' id='word_1_233' title='bbox 1312 1761 1479 1807; x_wconf 86' lang='lat' dir='ltr'><em>ecclesie,</em></span> <span class='ocrx_word' id='word_1_234' title='bbox 1505 1762 1551 1797; x_wconf 91' lang='lat' dir='ltr'><em>de</em></span> 
     </span>
     <span class='ocr_line' id='line_1_28' title="bbox 231 1817 1548 1866; baseline 0.002 -14"><span class='ocrx_word' id='word_1_235' title='bbox 231 1830 305 1866; x_wconf 83' lang='lat' dir='ltr'><em>qua</em></span> <span class='ocrx_word' id='word_1_236' title='bbox 328 1817 477 1866; x_wconf 84' lang='lat' dir='ltr'><em>quidem</em></span> <span class='ocrx_word' id='word_1_237' title='bbox 502 1825 557 1853; x_wconf 89' lang='lat' dir='ltr'><em>est</em></span> <span class='ocrx_word' id='word_1_238' title='bbox 580 1818 743 1854; x_wconf 86' lang='lat' dir='ltr'><em>dictum:</em></span> <span class='ocrx_word' id='word_1_239' title='bbox 775 1818 897 1854; x_wconf 87' lang='lat' dir='ltr'><em>Labia</em></span> <span class='ocrx_word' id='word_1_240' title='bbox 921 1818 999 1854; x_wconf 90' lang='lat' dir='ltr'><em>eius</em></span> <span class='ocrx_word' id='word_1_241' title='bbox 1022 1819 1287 1862; x_wconf 75' lang='lat' dir='ltr'><em>movebantur,</em></span> <span class='ocrx_word' id='word_1_242' title='bbox 1322 1831 1400 1855; x_wconf 79' lang='lat' dir='ltr'><em>vox</em></span> <span class='ocrx_word' id='word_1_243' title='bbox 1423 1826 1548 1855; x_wconf 87' lang='lat' dir='ltr'><em>autem</em></span> 
     </span>
     <span class='ocr_line' id='line_1_29' title="bbox 233 1875 1548 1925; baseline 0.002 -15"><span class='ocrx_word' id='word_1_244' title='bbox 233 1875 312 1911; x_wconf 86' lang='lat' dir='ltr'><em>eius</em></span> <span class='ocrx_word' id='word_1_245' title='bbox 339 1887 410 1911; x_wconf 87' lang='lat' dir='ltr'><em>non</em></span> <span class='ocrx_word' id='word_1_246' title='bbox 439 1876 680 1912; x_wconf 84' lang='lat' dir='ltr'><em>audiebatur.</em></span> <span class='ocrx_word' id='word_1_247' title='bbox 714 1876 767 1911; x_wconf 83' lang='lat' dir='ltr'><em>Et</em></span> <span class='ocrx_word' id='word_1_248' title='bbox 792 1883 912 1925; x_wconf 88' lang='lat' dir='ltr'><em>pater</em></span> <span class='ocrx_word' id='word_1_249' title='bbox 943 1884 1030 1912; x_wconf 87' lang='lat' dir='ltr'><em>tuus</em></span> <span class='ocrx_word' id='word_1_250' title='bbox 1058 1876 1121 1924; x_wconf 81' lang='lat' dir='ltr'><em>qui</em></span> <span class='ocrx_word' id='word_1_251' title='bbox 1143 1877 1244 1912; x_wconf 80' lang='lat' dir='ltr'><em>videt</em></span> <span class='ocrx_word' id='word_1_252' title='bbox 1266 1877 1302 1912; x_wconf 85' lang='lat' dir='ltr'><em>in</em></span> <span class='ocrx_word' id='word_1_253' title='bbox 1325 1877 1548 1913; x_wconf 84' lang='lat' dir='ltr'><em>abscondito</em></span> 
     </span>
     <span class='ocr_line' id='line_1_30' title="bbox 233 1933 1547 1984; baseline 0.002 -16"><span class='ocrx_word' id='word_1_254' title='bbox 233 1933 370 1969; x_wconf 84' lang='lat' dir='ltr'><em>reddet</em></span> <span class='ocrx_word' id='word_1_255' title='bbox 396 1933 463 1969; x_wconf 84' lang='lat' dir='ltr'><em>tibi</em></span> <span class='ocrx_word' id='word_1_256' title='bbox 484 1933 632 1982; x_wconf 87' lang='lat' dir='ltr'><em>palam,</em></span> <span class='ocrx_word' id='word_1_257' title='bbox 666 1941 706 1969; x_wconf 91' lang='lat' dir='ltr'><em>ut</em></span> <span class='ocrx_word' id='word_1_258' title='bbox 737 1941 825 1969; x_wconf 90' lang='lat' dir='ltr'><em>tunc</em></span> <span class='ocrx_word' id='word_1_259' title='bbox 847 1941 1085 1984; x_wconf 82' lang='lat' dir='ltr'><em>cognoscant</em></span> <span class='ocrx_word' id='word_1_260' title='bbox 1107 1935 1277 1970; x_wconf 85' lang='lat' dir='ltr'><em>homines</em></span> <span class='ocrx_word' id='word_1_261' title='bbox 1300 1935 1391 1983; x_wconf 80' lang='lat' dir='ltr'><em>quid</em></span> <span class='ocrx_word' id='word_1_262' title='bbox 1413 1935 1547 1978; x_wconf 75' lang='lat' dir='ltr'><em>orasti,</em></span> 
     </span>
    </p>

    <p class='ocr_par' dir='ltr' id='par_1_5' title="bbox 178 1991 1545 2041">
     <span class='ocr_line' id='line_1_31' title="bbox 178 1991 1545 2041; baseline 0.001 -14"><span class='ocrx_word' id='word_1_263' title='bbox 178 1995 219 2028; x_wconf 76' lang='lat'><em>30</em></span> <span class='ocrx_word' id='word_1_264' title='bbox 232 2002 317 2026; x_wconf 88' lang='lat' dir='ltr'><em>cum</em></span> <span class='ocrx_word' id='word_1_265' title='bbox 351 1991 518 2026; x_wconf 87' lang='lat' dir='ltr'><em>viderint</em></span> <span class='ocrx_word' id='word_1_266' title='bbox 550 1998 585 2027; x_wconf 85' lang='lat' dir='ltr'><em>te</em></span> <span class='ocrx_word' id='word_1_267' title='bbox 616 1992 807 2041; x_wconf 89' lang='lat' dir='ltr'><em>accepisse</em></span> <span class='ocrx_word' id='word_1_268' title='bbox 839 1993 941 2040; x_wconf 80' lang='lat' dir='ltr'><em>quod</em></span> <span class='ocrx_word' id='word_1_269' title='bbox 973 1992 1107 2029; x_wconf 90' lang='lat' dir='ltr'><em>orasti.</em></span> <span class='ocrx_word' id='word_1_270' title='bbox 1142 1993 1226 2029; x_wconf 85' lang='lat' dir='ltr'><em>Hec</em></span> <span class='ocrx_word' id='word_1_271' title='bbox 1260 1992 1545 2029; x_wconf 83' lang='lat' dir='ltr'><em>Crisostomus.</em></span> 
     </span>
    </p>

    <p class='ocr_par' dir='ltr' id='par_1_6' title="bbox 232 2048 1836 2271">
     <span class='ocr_line' id='line_1_32' title="bbox 288 2048 1801 2097; baseline 0.002 -13"><span class='ocrx_word' id='word_1_272' title='bbox 288 2048 457 2085; x_wconf 87' lang='lat' dir='ltr'><em>Videtur</em></span> <span class='ocrx_word' id='word_1_273' title='bbox 489 2048 608 2085; x_wconf 85' lang='lat' dir='ltr'><em>istum</em></span> <span class='ocrx_word' id='word_1_274' title='bbox 643 2058 828 2085; x_wconf 80' lang='lat' dir='ltr'><em>sanetum</em></span> <span class='ocrx_word' id='word_1_275' title='bbox 858 2062 1002 2097; x_wconf 86' lang='lat' dir='ltr'><em>parum</em></span> <span class='ocrx_word' id='word_1_276' title='bbox 1026 2050 1087 2086; x_wconf 87' lang='lat' dir='ltr'><em>vel</em></span> <span class='ocrx_word' id='word_1_277' title='bbox 1109 2049 1232 2086; x_wconf 86' lang='lat' dir='ltr'><em>nichil</em></span> <span class='ocrx_word' id='word_1_278' title='bbox 1258 2052 1545 2087; x_wconf 79' lang='lat' dir='ltr'><em>commendare</em></span> <span class='ocrx_word' id='word_1_279' title='bbox 1595 2055 1801 2091; x_wconf 83' lang='lat' dir='ltr'><em>Chrysostom</em></span> 
     </span>
     <span class='ocr_line' id='line_1_33' title="bbox 232 2096 1808 2161; baseline 0.002 -19"><span class='ocrx_word' id='word_1_280' title='bbox 232 2114 393 2142; x_wconf 89' lang='lat' dir='ltr'><em>cantum</em></span> <span class='ocrx_word' id='word_1_281' title='bbox 439 2107 674 2154; x_wconf 81' lang='lat' dir='ltr'><em>organicum</em></span> <span class='ocrx_word' id='word_1_282' title='bbox 714 2107 774 2143; x_wconf 82' lang='lat' dir='ltr'><em>vel</em></span> <span class='ocrx_word' id='word_1_283' title='bbox 813 2107 999 2143; x_wconf 83' lang='lat' dir='ltr'><em>subtilem</em></span> <span class='ocrx_word' id='word_1_284' title='bbox 1039 2109 1108 2144; x_wconf 86' lang='lat' dir='ltr'><em>sed</em></span> <span class='ocrx_word' id='word_1_285' title='bbox 1147 2108 1288 2155; x_wconf 85' lang='lat' dir='ltr'><em>pocius</em></span> <span class='ocrx_word' id='word_1_286' title='bbox 1328 2109 1545 2157; x_wconf 85' lang='lat' dir='ltr'><em>condemp-</em></span> <span class='ocrx_word' id='word_1_287' title='bbox 1586 2096 1808 2161; x_wconf 49' lang='grc' dir='ltr'><em>ΞΞῇἚῗοῗὲἴοῒξ)</em></span> 
     </span>
     <span class='ocr_line' id='line_1_34' title="bbox 233 2160 1836 2214; baseline 0.002 -15"><span class='ocrx_word' id='word_1_288' title='bbox 233 2176 342 2209; x_wconf 81' lang='lat' dir='ltr'><em>nare,</em></span> <span class='ocrx_word' id='word_1_289' title='bbox 379 2163 471 2212; x_wconf 91' lang='lat' dir='ltr'><em>quia</em></span> <span class='ocrx_word' id='word_1_290' title='bbox 501 2164 684 2201; x_wconf 85' lang='lat' dir='ltr'><em>distrahit</em></span> <span class='ocrx_word' id='word_1_291' title='bbox 707 2178 728 2201; x_wconf 91' lang='lat' dir='ltr'><em>a</em></span> <span class='ocrx_word' id='word_1_292' title='bbox 752 2164 999 2213; x_wconf 81' lang='lat' dir='ltr'><em>cogitacione</em></span> <span class='ocrx_word' id='word_1_293' title='bbox 1024 2165 1187 2202; x_wconf 83' lang='lat' dir='ltr'><em>mentali</em></span> <span class='ocrx_word' id='word_1_294' title='bbox 1210 2166 1543 2214; x_wconf 83' lang='lat' dir='ltr'><em>supracelestium</em></span> <span class='ocrx_word' id='word_1_295' title='bbox 1559 2160 1714 2189; x_wconf 77' lang='lat' dir='ltr'><em>elaborate</em></span> <span class='ocrx_word' id='word_1_296' title='bbox 1726 2162 1836 2190; x_wconf 83' lang='lat' dir='ltr'><em>music.</em></span> 
     </span>
     <span class='ocr_line' id='line_1_35' title="bbox 233 2222 1545 2271; baseline 0.003 -14"><span class='ocrx_word' id='word_1_297' title='bbox 233 2230 315 2257; x_wconf 86' lang='lat' dir='ltr'><em>tarn</em></span> <span class='ocrx_word' id='word_1_298' title='bbox 363 2230 592 2258; x_wconf 84' lang='lat' dir='ltr'><em>cantantem</em></span> <span class='ocrx_word' id='word_1_299' title='bbox 642 2235 763 2270; x_wconf 88' lang='lat' dir='ltr'>quarn</span> <span class='ocrx_word' id='word_1_300' title='bbox 803 2222 930 2259; x_wconf 82' lang='lat' dir='ltr'><em>eciam</em></span> <span class='ocrx_word' id='word_1_301' title='bbox 971 2224 1165 2271; x_wconf 88' lang='lat' dir='ltr'><em>populum</em></span> <span class='ocrx_word' id='word_1_302' title='bbox 1211 2223 1461 2269; x_wconf 75' lang='lat' dir='ltr'><em>audientem3</em></span> <span class='ocrx_word' id='word_1_303' title='bbox 1508 2233 1545 2261; x_wconf 87' lang='lat' dir='ltr'><em>et</em></span> 
     </span>
    </p>

    <p class='ocr_par' dir='ltr' id='par_1_7' title="bbox 176 2280 1546 2386">
     <span class='ocr_line' id='line_1_36' title="bbox 176 2280 1546 2329; baseline 0.003 -14"><span class='ocrx_word' id='word_1_304' title='bbox 176 2283 215 2316; x_wconf 78' lang='lat'><em>35</em></span> <span class='ocrx_word' id='word_1_305' title='bbox 233 2291 321 2315; x_wconf 88' lang='lat' dir='ltr'><em>cum</em></span> <span class='ocrx_word' id='word_1_306' title='bbox 356 2292 438 2316; x_wconf 88' lang='lat' dir='ltr'><em>non</em></span> <span class='ocrx_word' id='word_1_307' title='bbox 471 2280 663 2316; x_wconf 80' lang='lat' dir='ltr'><em>fundatur</em></span> <span class='ocrx_word' id='word_1_308' title='bbox 696 2280 737 2316; x_wconf 85' lang='lat' dir='ltr'><em>in</em></span> <span class='ocrx_word' id='word_1_309' title='bbox 771 2281 849 2317; x_wconf 82' lang='lat' dir='ltr'><em>fide</em></span> <span class='ocrx_word' id='word_1_310' title='bbox 881 2280 1080 2329; x_wconf 82' lang='lat' dir='ltr'><em>scripture</em></span> <span class='ocrx_word' id='word_1_311' title='bbox 1113 2283 1182 2317; x_wconf 83' lang='lat' dir='ltr'><em>sed</em></span> <span class='ocrx_word' id='word_1_312' title='bbox 1212 2281 1438 2318; x_wconf 81' lang='lat' dir='ltr'><em>evidencius</em></span> <span class='ocrx_word' id='word_1_313' title='bbox 1463 2282 1546 2319; x_wconf 83' lang='lat' dir='ltr'><em>eius</em></span> 
     </span>
     <span class='ocr_line' id='line_1_37' title="bbox 231 2337 1546 2386; baseline 0.003 -14"><span class='ocrx_word' id='word_1_314' title='bbox 231 2337 477 2385; x_wconf 78' lang='lat' dir='ltr'><em>oppositum,</em></span> <span class='ocrx_word' id='word_1_315' title='bbox 521 2337 679 2375; x_wconf 84' lang='lat' dir='ltr'><em>videtur</em></span> <span class='ocrx_word' id='word_1_316' title='bbox 725 2340 834 2386; x_wconf 90' lang='lat' dir='ltr'><em>quod</em></span> <span class='ocrx_word' id='word_1_317' title='bbox 880 2338 954 2375; x_wconf 83' lang='lat' dir='ltr'><em>iste</em></span> <span class='ocrx_word' id='word_1_318' title='bbox 1000 2340 1143 2376; x_wconf 86' lang='lat' dir='ltr'><em>modus</em></span> <span class='ocrx_word' id='word_1_319' title='bbox 1187 2339 1261 2375; x_wconf 87' lang='lat' dir='ltr'><em>fuit</em></span> <span class='ocrx_word' id='word_1_320' title='bbox 1309 2352 1352 2376; x_wconf 81' lang='lat' dir='ltr'><em>ex</em></span> <span class='ocrx_word' id='word_1_321' title='bbox 1391 2340 1546 2377; x_wconf 87' lang='lat' dir='ltr'><em>cautela</em></span> 
     </span>
    </p>
   </div>
   <div class='ocr_carea' id='block_1_3' title="bbox 232 2394 1546 2446">
    <p class='ocr_par' dir='ltr' id='par_1_8' title="bbox 232 2394 1546 2446">
     <span class='ocr_line' id='line_1_38' title="bbox 232 2394 1546 2446; baseline 0.004 -16"><span class='ocrx_word' id='word_1_322' title='bbox 232 2394 382 2431; x_wconf 87' lang='lat' dir='ltr'><em>diaboli</em></span> <span class='ocrx_word' id='word_1_323' title='bbox 428 2394 696 2434; x_wconf 85' lang='lat' dir='ltr'><em>introductus.</em></span> <span class='ocrx_word' id='word_1_324' title='bbox 742 2398 833 2432; x_wconf 90' lang='lat' dir='ltr'><em>Non</em></span> <span class='ocrx_word' id='word_1_325' title='bbox 877 2396 983 2433; x_wconf 87' lang='lat' dir='ltr'><em>enim</em></span> <span class='ocrx_word' id='word_1_326' title='bbox 1027 2397 1227 2446; x_wconf 83' lang='lat' dir='ltr'><em>sequitur:</em></span> <span class='ocrx_word' id='word_1_327' title='bbox 1274 2399 1411 2434; x_wconf 82' lang='lat' dir='ltr'><em>Patres</em></span> <span class='ocrx_word' id='word_1_328' title='bbox 1448 2398 1546 2446; x_wconf 81' lang='lat' dir='ltr'><em>legis</em></span> 
     </span>
    </p>
   </div>
   <div class='ocr_carea' id='block_1_4' title="bbox 230 2586 1547 2729">
    <p class='ocr_par' dir='ltr' id='par_1_9' title="bbox 230 2586 1547 2729">
     <span class='ocr_line' id='line_1_39' title="bbox 299 2586 1547 2625; baseline 0.004 -12"><span class='ocrx_word' id='word_1_329' title='bbox 299 2586 323 2625; x_wconf 78' lang='lat'><em>⁵:</em></span> <span class='ocrx_word' id='word_1_330' title='bbox 345 2586 382 2613; x_wconf 87' lang='lat' dir='ltr'><em>B:</em></span> <span class='ocrx_word' id='word_1_331' title='bbox 404 2586 555 2615; x_wconf 82' lang='lat' dir='ltr'><em>habuerit.</em></span> <span class='ocrx_word' id='word_1_332' title='bbox 663 2596 687 2623; x_wconf 88' lang='lat'><em>7.</em></span> <span class='ocrx_word' id='word_1_333' title='bbox 710 2589 754 2616; x_wconf 88' lang='lat' dir='ltr'><em>A:</em></span> <span class='ocrx_word' id='word_1_334' title='bbox 776 2592 805 2616; x_wconf 83' lang='lat' dir='ltr'><em>et</em></span> <span class='ocrx_word' id='word_1_335' title='bbox 824 2597 896 2616; x_wconf 86' lang='lat' dir='ltr'><em>non.</em></span> <span class='ocrx_word' id='word_1_336' title='bbox 1004 2598 1033 2624; x_wconf 62' lang='grc' dir='ltr'><em>ς).</em></span> <span class='ocrx_word' id='word_1_337' title='bbox 1054 2591 1082 2617; x_wconf 88' lang='lat' dir='ltr'><strong>A</strong></span> <span class='ocrx_word' id='word_1_338' title='bbox 1102 2590 1131 2617; x_wconf 83' lang='lat' dir='ltr'><em>in</em></span> <span class='ocrx_word' id='word_1_339' title='bbox 1154 2598 1268 2624; x_wconf 60' lang='lat' dir='ltr'><em>marg:</em></span> <span class='ocrx_word' id='word_1_340' title='bbox 1298 2590 1379 2618; x_wconf 83' lang='lat' dir='ltr'><em>Nota</em></span> <span class='ocrx_word' id='word_1_341' title='bbox 1405 2591 1488 2618; x_wconf 86' lang='lat' dir='ltr'><em>mala</em></span> <span class='ocrx_word' id='word_1_342' title='bbox 1509 2599 1547 2618; x_wconf 84' lang='lat' dir='ltr'><em>ex</em></span> 
     </span>
     <span class='ocr_line' id='line_1_40' title="bbox 232 2622 1546 2660; baseline 0.003 -12"><span class='ocrx_word' id='word_1_343' title='bbox 232 2629 381 2648; x_wconf 75' lang='lat' dir='ltr'><em>oracione</em></span> <span class='ocrx_word' id='word_1_344' title='bbox 407 2622 553 2649; x_wconf 86' lang='lat' dir='ltr'><em>clamosa.</em></span> <span class='ocrx_word' id='word_1_345' title='bbox 582 2631 603 2650; x_wconf 88' lang='lat'><em>1.</em></span> <span class='ocrx_word' id='word_1_346' title='bbox 716 2631 747 2650; x_wconf 80' lang='lat'><em>11.</em></span> <span class='ocrx_word' id='word_1_347' title='bbox 776 2624 819 2650; x_wconf 81' lang='lat' dir='ltr'><em>A:</em></span> <span class='ocrx_word' id='word_1_348' title='bbox 844 2625 988 2659; x_wconf 80' lang='lat' dir='ltr'><em>primum.</em></span> <span class='ocrx_word' id='word_1_349' title='bbox 1098 2632 1136 2652; x_wconf 87' lang='lat'><em>12.</em></span> <span class='ocrx_word' id='word_1_350' title='bbox 1163 2625 1206 2651; x_wconf 88' lang='lat' dir='ltr'><em>A:</em></span> <span class='ocrx_word' id='word_1_351' title='bbox 1236 2625 1426 2652; x_wconf 86' lang='lat' dir='ltr'><em>solummodo</em></span> <span class='ocrx_word' id='word_1_352' title='bbox 1452 2626 1546 2660; x_wconf 81' lang='lat' dir='ltr'><em>quia,-</em></span> 
     </span>
     <span class='ocr_line' id='line_1_41' title="bbox 230 2655 1544 2693; baseline 0.004 -11"><span class='ocrx_word' id='word_1_353' title='bbox 230 2655 271 2683; x_wconf 87' lang='lat' dir='ltr'><em>ib.</em></span> <span class='ocrx_word' id='word_1_354' title='bbox 292 2656 335 2682; x_wconf 92' lang='lat' dir='ltr'><em>A:</em></span> <span class='ocrx_word' id='word_1_355' title='bbox 357 2664 423 2683; x_wconf 79' lang='lat' dir='ltr'><em>eum</em></span> <span class='ocrx_word' id='word_1_356' title='bbox 441 2656 600 2684; x_wconf 85' lang='lat' dir='ltr'><em>absconsa.</em></span> <span class='ocrx_word' id='word_1_357' title='bbox 681 2657 718 2685; x_wconf 82' lang='lat'><em>15.</em></span> <span class='ocrx_word' id='word_1_358' title='bbox 740 2659 768 2685; x_wconf 91' lang='lat' dir='ltr'><strong>A</strong></span> <span class='ocrx_word' id='word_1_359' title='bbox 788 2658 817 2685; x_wconf 82' lang='lat' dir='ltr'><em>in</em></span> <span class='ocrx_word' id='word_1_360' title='bbox 840 2666 953 2693; x_wconf 58' lang='lat' dir='ltr'><em>marg:</em></span> <span class='ocrx_word' id='word_1_361' title='bbox 977 2665 1015 2692; x_wconf 82' lang='lat'><em>2;</em></span> <span class='ocrx_word' id='word_1_362' title='bbox 1034 2659 1075 2686; x_wconf 86' lang='lat' dir='ltr'><em>ib.</em></span> <span class='ocrx_word' id='word_1_363' title='bbox 1097 2660 1141 2686; x_wconf 77' lang='lat' dir='ltr'><em>A:</em></span> <span class='ocrx_word' id='word_1_364' title='bbox 1163 2662 1207 2686; x_wconf 87' lang='lat' dir='ltr'><em>est</em></span> <span class='ocrx_word' id='word_1_365' title='bbox 1227 2659 1320 2687; x_wconf 79' lang='lat' dir='ltr'><em>deest.</em></span> <span class='ocrx_word' id='word_1_366' title='bbox 1406 2667 1445 2687; x_wconf 85' lang='lat'><em>21.</em></span> <span class='ocrx_word' id='word_1_367' title='bbox 1465 2661 1494 2687; x_wconf 79' lang='lat' dir='ltr'><strong>A</strong></span> <span class='ocrx_word' id='word_1_368' title='bbox 1514 2660 1544 2687; x_wconf 84' lang='lat' dir='ltr'><em>in</em></span> 
     </span>
     <span class='ocr_line' id='line_1_42' title="bbox 231 2691 1544 2729; baseline 0.004 -12"><span class='ocrx_word' id='word_1_369' title='bbox 231 2698 346 2725; x_wconf 68' lang='lat' dir='ltr'><em>marg:</em></span> <span class='ocrx_word' id='word_1_370' title='bbox 364 2698 398 2724; x_wconf 67' lang='lat'><em>3.</em></span> <span class='ocrx_word' id='word_1_371' title='bbox 483 2691 528 2726; x_wconf 80' lang='lat'><em>25,</em></span> <span class='ocrx_word' id='word_1_372' title='bbox 549 2692 595 2719; x_wconf 80' lang='lat'><em>26.</em></span> <span class='ocrx_word' id='word_1_373' title='bbox 618 2693 661 2719; x_wconf 91' lang='lat' dir='ltr'><em>A:</em></span> <span class='ocrx_word' id='word_1_374' title='bbox 683 2693 761 2720; x_wconf 72' lang='lat' dir='ltr'><em>libro</em></span> <span class='ocrx_word' id='word_1_375' title='bbox 781 2693 972 2729; x_wconf 72' lang='lat' dir='ltr'><em>Regnorum.</em></span> <span class='ocrx_word' id='word_1_376' title='bbox 1057 2701 1103 2728; x_wconf 86' lang='lat'><em>29.</em></span> <span class='ocrx_word' id='word_1_377' title='bbox 1126 2695 1170 2721; x_wconf 92' lang='lat' dir='ltr'><em>A:</em></span> <span class='ocrx_word' id='word_1_378' title='bbox 1193 2696 1223 2721; x_wconf 84' lang='lat' dir='ltr'><em>et</em></span> <span class='ocrx_word' id='word_1_379' title='bbox 1241 2697 1322 2721; x_wconf 87' lang='lat' dir='ltr'><em>tunc.</em></span> <span class='ocrx_word' id='word_1_380' title='bbox 1407 2693 1446 2722; x_wconf 83' lang='lat'><em>31.</em></span> <span class='ocrx_word' id='word_1_381' title='bbox 1467 2696 1495 2722; x_wconf 84' lang='lat' dir='ltr'><strong>A</strong></span> <span class='ocrx_word' id='word_1_382' title='bbox 1514 2695 1544 2722; x_wconf 86' lang='lat' dir='ltr'><em>in</em></span> 
     </span>
    </p>
   </div>
   <div class='ocr_carea' id='block_1_5' title="bbox 232 2725 536 2759">
    <p class='ocr_par' dir='ltr' id='par_1_10' title="bbox 232 2725 536 2759">
     <span class='ocr_line' id='line_1_43' title="bbox 232 2725 536 2759; baseline 0.007 -8"><span class='ocrx_word' id='word_1_383' title='bbox 232 2733 328 2759; x_wconf 78' lang='lat' dir='ltr'><em>marg.</em></span> <span class='ocrx_word' id='word_1_384' title='bbox 341 2735 346 2751; x_wconf 78' lang='lat'><em>1</em></span> <span class='ocrx_word' id='word_1_385' title='bbox 367 2725 536 2753; x_wconf 80' lang='lat' dir='ltr'><em>Johannes.</em></span> 
     </span>
    </p>
   </div>
   <div class='ocr_carea' id='block_1_6' title="bbox 302 2821 645 2863">
    <p class='ocr_par' dir='ltr' id='par_1_11' title="bbox 302 2821 645 2863">
     <span class='ocr_line' id='line_1_44' title="bbox 302 2821 645 2863; baseline 0.009 -12"><span class='ocrx_word' id='word_1_386' title='bbox 302 2830 355 2862; x_wconf 81' lang='lat'><em>27.</em></span> <span class='ocrx_word' id='word_1_387' title='bbox 381 2821 404 2851; x_wconf 87' lang='grc' dir='ltr'><em>Ι.</em></span> <span class='ocrx_word' id='word_1_388' title='bbox 430 2821 513 2863; x_wconf 84' lang='lat' dir='ltr'><em>Reg.</em></span> <span class='ocrx_word' id='word_1_389' title='bbox 542 2822 564 2861; x_wconf 78' lang='grc' dir='ltr'><em>Ι,</em></span> <span class='ocrx_word' id='word_1_390' title='bbox 596 2823 645 2855; x_wconf 74' lang='lat'><em>13.</em></span> 
     </span>
    </p>
   </div>
  </div>
 </body>
</html>
