2003 3322
219 203 308 232 CAP.
330 195 503 249 xxxvu]
742 207 881 239 PRIMA
910 208 1036 240 PARS.
1749 217 1759 241 1
1775 204 1820 241 33

217 320 253 349 et
284 312 481 361 utriusque
513 313 621 349 verbi
652 325 724 348 una
759 314 910 349 videtur
938 314 1092 350 iniuria.
1127 315 1229 351 Nam
1251 316 1349 352 sicut
1371 316 1533 367 indigna

217 383 280 407 res
311 378 367 407 est
389 370 518 407 dicere
549 370 609 406 illi
630 371 748 419 fatue
779 371 844 420 qui
874 372 986 408 habet
1019 372 1055 408 in
1087 384 1127 409 se
1158 373 1392 421 sapienciam
1415 375 1532 422 spiri-

215 427 356 464 tualem
396 428 433 463 in
470 428 674 478 agnicione
716 429 793 464 Dei
822 430 953 477 patris
990 437 1025 466 et
1073 430 1233 478 Christi,
1277 431 1333 467 sic
1371 431 1533 482 indigna

215 498 277 522 res
308 493 363 522 est
394 486 584 522 hominem
618 498 779 523 vacuum
813 487 942 523 dicere
974 488 1038 536 qui
1069 488 1105 523 in
1137 500 1177 524 se
1209 489 1321 525 habet
1344 489 1532 538 Spiritum

182 544 410 580 5Sanctum.
456 543 557 579 Nam
597 555 706 580 nemo
748 544 890 580 dicitur
924 557 1066 582 vacuus
1097 546 1162 593 qui
1199 546 1310 582 habet
1343 547 1532 595 Spiritum

215 602 395 638 Sanctum
426 608 461 636 et
483 613 591 637 nemo
603 602 746 650 fatuus
767 602 833 650 qui
858 602 1057 639 Christum
1092 604 1301 654 cognoscit.
1335 604 1388 640 Et
1414 617 1534 653 quare

214 659 312 695 illud
334 659 489 695 verbum
512 659 664 707 quidem
698 656 761 710 (id
781 667 837 696 est
859 659 1014 711 Racha)
1054 661 1165 697 habet
1196 673 1336 710 penam
1370 662 1532 710 consilii,

214 718 284 754 hoc
315 724 440 753 autem
474 714 535 769 (id
565 724 621 753 est
642 715 781 768 fatue)
812 718 1005 768 gehenne5
1046 719 1134 767 quia
1166 719 1200 755 si
1225 727 1427 768 peccatum
1460 727 1529 768 est,

215 787 290 811 una
324 775 432 811 debet
458 786 559 823 pena
592 787 673 811 esse
705 776 919 812 amborum.

160 846 198 866 10
272 833 349 869 Sed
369 840 550 882 quantum
573 833 625 868 ad
647 833 806 870 dicentis
822 834 1079 883 propositum,
1109 835 1370 883 differenciam
1395 835 1532 872 habent

212 892 280 928 hec
322 891 451 938 verba,
498 891 569 927 etsi
606 898 787 939 quantum
820 892 873 927 ad
908 904 1059 928 sensum
1091 893 1234 929 similia
1264 900 1362 929 sunt.
1397 893 1532 930 Racha

212 949 311 985 enim
347 949 512 999 vulgare
544 956 628 985 erat
661 950 818 986 verbum
855 950 960 998 apud
978 949 1122 987 Judeos
1150 951 1252 999 quod
1283 963 1356 987 non
1388 963 1439 988 ex
1471 952 1531 988 ira

213 1019 279 1043 nec
316 1019 367 1043 ex
405 1007 494 1044 odio
532 1007 602 1043 sed
639 1018 690 1043 ex
726 1007 854 1055 aliquo
893 1015 996 1043 motu
1042 1020 1139 1044 vano
1184 1008 1359 1045 dicebant
1402 1010 1532 1060 magis

200 1065 350 1115 fiducie
381 1077 495 1101 causa
528 1076 636 1113 quem
670 1064 881 1103 iracundie.
930 1066 1032 1101 Nam
1072 1078 1293 1115 unaqueque
1326 1067 1530 1115 provincia

159 1124 196 1157 15
213 1123 325 1159 habet
356 1123 393 1158 in
426 1122 697 1159 consuetudine
721 1122 879 1171 aliquod
902 1124 1223 1172 exprobatorium
1249 1125 1406 1161 verbum
1430 1126 1533 1174 quod

212 1194 285 1217 non
318 1181 407 1217 rixe
439 1193 553 1217 causa
586 1181 654 1216 sed
676 1180 972 1229 familiaritatis
992 1182 1133 1231 gracia
1167 1182 1295 1218 dicere
1325 1183 1448 1219 solent
1480 1183 1533 1219 ad

212 1251 275 1275 eos
307 1251 469 1287 quorum
489 1238 682 1288 fiduciam
716 1238 866 1286 habent,
912 1246 951 1274 ut
983 1246 1093 1288 puta,
1132 1247 1325 1288 patronus
1355 1248 1530 1290 suscepto

210 1297 347 1333 liberto
384 1308 452 1333 suo
490 1303 556 1332 aut
594 1296 700 1332 dives
733 1297 902 1345 pauperi
943 1304 1010 1332 aut
1050 1298 1219 1334 urbanus
1257 1298 1401 1335 rustico
1441 1311 1529 1335 con-

210 1362 406 1403 tempnens
433 1366 643 1403 personam
678 1354 759 1390 eius
781 1355 910 1405 magis
931 1367 1044 1403 quam
1078 1355 1292 1392 inimicans.
1327 1357 1405 1392 Sed
1416 1357 1531 1405 sorte

154 1423 196 1446 20
211 1413 328 1449 dicis:
380 1412 423 1448 Si
465 1412 665 1448 iracundie
703 1424 817 1448 causa
857 1424 935 1449 non·
970 1413 1125 1460 dicitur,
1169 1425 1298 1462 quare·
1326 1422 1529 1462 peccatum

209 1471 295 1507 est?
346 1470 447 1513 Quia
491 1469 745 1506 contencionis
788 1482 903 1506 causa
948 1471 1103 1518 dicitur,
1143 1483 1215 1507 non
1256 1472 1527 1522 edificacionis.

209 1529 311 1564 Nam
339 1528 410 1564 etsi
425 1539 593 1576 persona
627 1527 731 1563 illius
753 1528 823 1563 tibi
844 1529 1139 1578 contemptibilis
1163 1529 1377 1577 videbatur,
1402 1537 1528 1566 tamen

211 1585 383 1636 dignitas
415 1585 710 1622 christianitatis
741 1585 846 1622 illius
886 1587 1181 1636 contemptibilis
1222 1599 1294 1624 non
1334 1595 1429 1624 erat.
1479 1588 1531 1625 Et

208 1644 243 1680 si
273 1643 372 1679 illud
401 1643 576 1692 aspicere
608 1655 679 1679 non
713 1643 862 1691 debeas,
906 1651 1032 1680 tamen
1070 1644 1269 1681 Christum
1309 1645 1374 1694 qui
1410 1646 1446 1682 in
1485 1658 1528 1683 eo

154 1703 193 1735 25
210 1708 265 1738 est
290 1701 463 1750 aspicere
486 1701 660 1737 debuisti.
694 1701 845 1737 Deinde
877 1709 912 1737 et
942 1702 1018 1738 alia
1052 1703 1206 1739 racione
1223 1711 1424 1752 peccatum
1459 1712 1527 1751 est,

209 1759 296 1808 quia
328 1759 400 1795 etsi
430 1759 496 1795 ille
526 1758 684 1807 aliquod
721 1771 859 1795 vanum
895 1761 1127 1807 merebatur,
1173 1768 1209 1797 te
1240 1769 1366 1799 tamen
1400 1762 1529 1799 dicere

211 1829 350 1853 vanum
382 1817 540 1865 aliquod
571 1829 644 1853 non
685 1817 898 1865 oportebat,
943 1830 1028 1854 cum
1067 1819 1117 1855 sit
1152 1819 1364 1868 scriptum.-
1406 1820 1526 1856 Amen

211 1875 295 1911 dico
339 1875 456 1921 vobis,
499 1887 576 1923 pro
620 1875 724 1911 omni
762 1875 877 1911 verbo
916 1876 1164 1925 quodcunque
1207 1877 1325 1913 locuti
1360 1878 1527 1926 fueritis

211 1932 350 1969 dabitis
393 1932 599 1970 racionem.
650 1932 850 1981 Quidquid
886 1945 958 1969 non
996 1941 1052 1970 est
1090 1935 1229 1981 lumen,
1269 1936 1424 1972 tenebra
1457 1944 1525 1983 est,

153 1993 195 2025 30
209 1991 278 2027 sed
300 1997 334 2026 et
356 1990 542 2039 quidquid
563 1991 700 2026 bonum
724 2002 795 2026 non
819 1998 874 2027 est
897 1991 1041 2027 malum
1071 2000 1138 2029 est.
1172 1993 1279 2029 Dicit
1300 1994 1528 2042 Apostolus:

210 2049 346 2084 Sermo
378 2048 505 2084 malus
536 2060 587 2084 ex
618 2060 685 2084 ore
718 2055 845 2085 vestro
878 2061 949 2085 non
976 2050 1178 2098 procedat.
1211 2050 1264 2086 Et
1296 2063 1368 2087 non
1402 2052 1525 2088 dixit.-

210 2106 253 2142 Si
289 2105 371 2154 quis
403 2106 521 2143 bonus
558 2106 823 2142 tantummodo
855 2107 923 2143 sed
959 2107 994 2143 si
1028 2108 1111 2156 quis
1153 2109 1205 2143 ad
1242 2109 1525 2159 edificacionem

197 2163 310 2214 fidei.
357 2164 400 2199 Si
436 2175 533 2215 ergo
573 2176 640 2200 nec
677 2164 814 2200 bonum
849 2165 1006 2201 verbum
1037 2165 1119 2202 sine
1151 2178 1266 2203 causa
1300 2167 1428 2203 dicere
1460 2168 1523 2203 de-

209 2221 352 2269 bemus,
400 2221 473 2258 nisi
507 2221 638 2270 fuerit
670 2234 746 2271 pro
779 2222 975 2259 occasione
1006 2223 1277 2273 edificacionis,
1317 2237 1362 2261 ne
1399 2225 1523 2274 ipsum

153 2280 192 2315 35
211 2279 367 2316 verbum
406 2280 544 2316 bonum
590 2280 679 2315 dum
720 2279 801 2316 sine
840 2292 955 2316 causa
1000 2281 1144 2318 dicitur
1186 2282 1403 2318 inveniatur
1444 2295 1526 2319 csse

209 2337 377 2373 ociosum
410 2344 445 2373 et
464 2337 542 2387 fiat
573 2337 740 2373 malum:
771 2345 910 2386 quanto
943 2339 1072 2389 magis
1093 2339 1192 2375 illud
1215 2340 1372 2376 verbum
1398 2341 1525 2377 dicere

209 2407 281 2431 non
315 2395 494 2432 debemus
525 2395 627 2443 quod
657 2408 678 2430 a
710 2395 913 2444 semetipso
953 2397 1187 2434 naturaliter
1224 2398 1369 2435 malum
1402 2407 1457 2435 est
1489 2405 1524 2435 et

209 2453 261 2488 ad
292 2453 473 2489 iniuriam
500 2453 669 2502 pertinet
699 2454 901 2490 audientis.

267 2511 418 2547 Deinde
449 2518 489 2546 ut
520 2511 612 2560 quid
641 2511 856 2547 membrum
889 2512 969 2548 oris
1000 2513 1123 2549 nostri
1153 2514 1256 2562 quod
1285 2515 1338 2550 ad
1367 2515 1522 2566 edifica·
1546 2530 1687 2559 Careless
1707 2532 1812 2560 words

149 2580 195 2611 40
210 2568 354 2605 cionem
393 2569 560 2605 aliorum
601 2576 772 2605 creatum
812 2577 866 2606 est
903 2577 969 2606 aut
1006 2571 1058 2606 ad
1094 2582 1203 2607 usum
1243 2573 1420 2621 corporis
1457 2580 1523 2609 aut
1625 2566 1728 2595 sinful.

278 2724 306 2753 8.
327 2726 371 2753 A:
399 2725 478 2754 Nam
495 2726 532 2754 si.
643 2726 683 2755 18.
706 2726 744 2756 132
774 2727 884 2756 liberto
904 2727 1000 2756 deest.
1108 2735 1150 2764 19.
1172 2728 1290 2757 Codd.:
1323 2729 1518 2757 inimicicias.

208 2767 252 2787 22.
274 2760 315 2787 B:
336 2760 410 2796 quia
430 2762 678 2798 contempcionis.

280 2830 332 2862 27.
358 2820 476 2853 Matth.
502 2822 573 2862 XII,
601 2821 652 2856 36.
751 2823 802 2856 31.
828 2822 918 2865 Eph.
944 2824 999 2863 IV,
1032 2834 1080 2866 19.
