2003 3322
145 257 197 293 86
851 262 969 293 opus
995 261 1334 293 EVANGELICUM
1528 246 1638 304 [CAP.
1659 257 1754 285 xxv.

436 380 472 408 et
511 370 551 406 in
593 369 727 406 medio
765 367 930 405 secundi
969 367 1162 416 diaphoni
1212 367 1375 404 rarioris
1422 367 1655 415 refringitur
1707 369 1756 404 ab

436 430 590 466 eodem.
652 430 765 464 Patet
798 428 828 462 II
860 426 1061 462 Vitulonis
1093 427 1243 462 XLVII.
1292 427 1340 461 Et
1373 434 1512 474 patent
1560 426 1634 462 iste
1678 434 1757 462 tres

437 488 544 535 leges
578 484 831 534 experiencia
864 484 960 520 satis
994 492 1116 521 certa.

145 551 298 579 Whatwe
311 550 421 577 should
497 544 705 590 Quotlibet
738 551 829 579 sunt
862 543 997 590 regule
1030 541 1129 578 lucis
1162 541 1461 577 ordinatissime
1490 554 1561 590 per
1583 554 1683 590 quas
1715 551 1759 578 ut

147 586 424 654 ώὲξὲΐὲῑζᾞᾞῑρς
438 602 561 639 libros
595 601 827 650 splendidos
860 602 1055 637 docemur
1087 600 1292 648 quomodo
1325 600 1588 636 ascendemus
1628 606 1792 639 mora-5

216 655 251 682 of
267 655 353 690 ¹³3¹ss
439 661 529 697 liter
561 660 601 696 in
635 658 1026 707 contemplacionem
1060 657 1316 706 perspicuam
1349 657 1449 694 lucis
1482 658 1624 706 prime.

164 733 184 753 1.
204 724 252 752 To
273 724 312 751 do
333 724 412 759 good
499 718 632 755 Simus
664 717 799 765 itaque
826 716 958 765 primo
992 728 1103 752 more
1136 715 1235 752 lucis
1268 716 1446 763 prompti
1476 719 1686 764 (quantum
1720 715 1761 751 in

234 763 264 787 to
285 759 334 793 δυ’
440 776 556 813 nobis
581 779 653 822 est)
674 784 719 812 ut
737 774 925 811 omnibus
948 773 1248 819 beneficiamus,
1273 782 1316 809 ut
1330 774 1447 810 docet
1464 774 1681 822 Apostolus
1695 775 1761 819 (ad

441 837 644 871 Romanos
677 835 759 878 XII,
790 833 857 871 18:
891 833 933 868 Si
952 832 1051 882 fieri
1068 839 1196 881 potest
1218 832 1320 880 quod
1342 843 1393 868 ex
1414 832 1521 868 nobis
1542 836 1612 878 est)
1635 832 1761 868 instar

441 892 567 941 patris
600 891 756 928 celestis
789 891 853 940 qui
882 891 1000 927 solem
1034 903 1144 926 Suum
1178 889 1278 925 oriri
1297 890 1402 938 facit
1425 891 1581 935 (Matth.
1605 891 1651 936 V,
1675 891 1820 936 45).1o

156 963 181 982 2.
202 955 261 983 and
283 956 348 982 that
368 959 422 982 not
500 950 633 987 Simus
665 950 842 986 secundo
874 948 1133 984 sollicitudine
1164 960 1237 984 non
1266 948 1379 998 pigri
1408 949 1539 993 (Rom.
1573 949 1653 995 XII,
1695 949 1759 995 11)

203 990 370 1026 slothfully,
442 1010 511 1045 sed
544 1008 746 1045 caritatem
781 1007 998 1043 continuam
1032 1007 1212 1042 habentes
1245 1006 1392 1050 (Colos.
1426 1007 1486 1053 III,
1528 1010 1603 1052 14).

150 1071 175 1099 3.
198 1076 228 1099 to
248 1071 428 1110 diffusethe
502 1066 784 1102 Diffundamus
816 1064 942 1101 tercio
981 1064 1115 1100 radios
1150 1063 1328 1101 caritatis
1368 1063 1452 1100 sine
1498 1076 1761 1112 personarum

164 1107 423 1176 raysosslfglptamy
444 1124 688 1172 accepcione
721 1123 909 1160 ordinata
942 1132 979 1159 et
1012 1131 1120 1159 recta
1153 1121 1383 1158 intencione
1407 1123 1457 1158 ad
1481 1124 1609 1158 Deum
1643 1135 1763 1170 supra

444 1195 518 1219 nos
551 1184 601 1219 ad
634 1182 786 1219 amicos
820 1195 842 1218 a
874 1181 1033 1225 dextris,
1068 1180 1254 1216 inimicos
1282 1193 1304 1217 a
1327 1179 1510 1226 sinistris,
1545 1182 1595 1217 ad
1629 1189 1762 1228 patres
1783 1185 1819 1218 15

446 1250 537 1278 ante
570 1249 766 1287 mortuos,
812 1241 862 1276 ad
895 1239 985 1275 illos
1018 1239 1173 1275 futuros
1213 1238 1447 1286 gignendos,
1494 1239 1544 1275 ad
1583 1247 1763 1275 mortuos

446 1299 486 1335 in
508 1298 745 1347 purgatorio
769 1307 806 1334 et
830 1298 870 1334 in
892 1297 1048 1333 inferno
1071 1298 1143 1333 sub
1168 1296 1282 1332 nobis
1308 1298 1491 1333 detrusos
1515 1305 1552 1333 et
1574 1296 1764 1345 precipue

447 1370 493 1394 ac
527 1356 758 1393 centraliter
790 1357 840 1392 ad
873 1368 946 1392 nos
979 1355 1101 1404 ipsos,
1134 1362 1175 1391 ut
1205 1355 1259 1391 sic
1285 1355 1482 1405 possimus
1514 1355 1764 1405 comprehen-

448 1416 540 1452 dere
573 1424 646 1451 etc.
681 1427 752 1464 que
782 1414 831 1451 sit
864 1414 1041 1460 latitudo,
1075 1414 1136 1449 lon
1166 1409 1170 1465 Ι
1198 1413 1335 1463 gitudo
1369 1422 1443 1450 etc.

153 1478 431 1517 4-1010t10x'810
506 1474 676 1520 Quarto,
721 1481 934 1521 peccatore
978 1484 1048 1520 per
1091 1470 1337 1520 opacitatem
1390 1471 1546 1520 peccati
1591 1479 1765 1519 ponente
1812 1473 1893 1509 ‘363¹’

155 1512 345 1575 thehxgufcgzreg
364 1512 432 1574 {aske
447 1531 603 1568 obicem
657 1530 829 1576 caritati,
880 1531 1100 1567 secundum
1151 1542 1379 1566 mensuram
1433 1543 1511 1578 qua
1563 1529 1766 1578 diligimus

188 1583 397 1618 punishment,
447 1598 636 1626 naturam
686 1589 945 1637 repellentem
994 1588 1149 1625 radium
1199 1587 1379 1624 caritatis
1424 1588 1679 1625 reflectamus
1725 1587 1766 1623 in

447 1650 576 1684 Deum
609 1647 766 1684 radium
806 1646 955 1684 amoris
994 1655 1150 1683 nature.
1196 1645 1262 1682 Sic
1302 1646 1407 1682 enim
1449 1648 1554 1682 Deus
1591 1644 1767 1683 infundit

447 1706 625 1754 graciam
658 1705 958 1754 prevenientem
991 1704 1032 1741 in
1065 1713 1298 1752 peccatores
1330 1704 1437 1741 velut
1476 1703 1634 1741 radium
1668 1703 1768 1740 inci-

448 1766 624 1810 dentem,
671 1764 778 1812 quod
813 1763 843 1799 si
877 1763 917 1799 in
949 1775 1120 1799 vacuum
1154 1761 1330 1810 graciam
1363 1762 1436 1798 Dei
1469 1761 1665 1810 recipiant
1696 1773 1767 1809 per
1783 1765 1822 1798 25

450 1821 687 1858 curvitatem
712 1821 881 1870 peccati,
916 1821 1119 1858 reiciendo
1154 1820 1257 1857 redit
1289 1820 1426 1857 radius
1449 1820 1630 1868 graciose
1652 1814 1768 1868 puni—

450 1879 588 1916 cionis.
628 1880 677 1915 Et
705 1892 777 1928 par
810 1888 867 1915 est
901 1892 1015 1916 amor
1037 1878 1109 1915 Dei
1144 1878 1360 1926 utrobique
1395 1880 1531 1927 quoad
1565 1887 1766 1923 naturam,

449 1938 552 1975 sicut
586 1946 622 1974 et
656 1937 890 1985 parificatur
922 1950 1025 1985 pena
1058 1938 1362 1985 quodammodo
1396 1938 1447 1973 ad
1480 1937 1654 1985 culpam.
1688 1937 1767 1972 An-

449 1997 564 2044 gulus
617 2005 752 2032 autem
805 1995 960 2032 medius
1004 1995 1108 2031 inter
1156 1995 1346 2042 angulum
1403 1994 1681 2042 contingencie
1732 2002 1769 2030 et

450 2054 642 2102 angulum
687 2053 913 2090 reflexionis
959 2062 1016 2090 est
1056 2053 1273 2101 obliquitas
1314 2053 1468 2100 peccati
1513 2054 1622 2101 quod
1663 2054 1769 2089 Deus
1786 2057 1827 2090 30

450 2124 610 2160 semper
638 2111 753 2160 punit
785 2113 836 2148 ad
869 2112 1062 2159 regulam.
1097 2113 1145 2147 Et
1168 2111 1324 2147 utinam
1350 2111 1467 2147 istam
1490 2111 1620 2159 legem
1643 2119 1770 2147 atten-

452 2172 591 2206 derent
629 2170 780 2206 iudices
819 2169 887 2217 qui
925 2182 996 2218 per
1038 2182 1226 2206 censuras
1266 2168 1557 2206 ecclesiasticas
1596 2168 1770 2217 puniunt

454 2228 750 2276 delinquentes;
796 2237 892 2264 tunc
934 2227 1039 2264 enim
1085 2227 1244 2264 radium
1289 2226 1497 2264 caritative
1540 2226 1769 2275 punicionis

456 2286 709 2322 reflecterent
728 2285 1092 2334 proporcionaliter
1124 2287 1174 2322 ad
1207 2286 1366 2333 culpam
1392 2285 1432 2321 in
1456 2288 1582 2322 Deum
1617 2293 1654 2321 et
1686 2293 1767 2321 tam

458 2343 909 2392 inproporcionabiliter
941 2352 1154 2381 curvarent
1186 2345 1235 2380 ad
1268 2356 1444 2381 sensum.
1784 2347 1824 2380 35

170 2415 195 2442 5.
217 2420 246 2442 to
267 2416 432 2442 withdraw
518 2402 669 2448 Quinto
691 2403 975 2439 subtrahamus
997 2401 1309 2438 beneficenciam
1333 2402 1599 2450 temporalem
1618 2414 1640 2438 a
1657 2399 1768 2437 tetris

165 2450 441 2512 ””'⁰sf¹?(¹‚{'nbt‘{,¹¹ee¹¹t⁵
456 2460 729 2508 peccantibus,
762 2473 843 2497 non
874 2461 1046 2498 fovendo
1079 2472 1146 2497 eos
1168 2459 1247 2497 vite
1280 2459 1514 2498 necessariis
1538 2460 1597 2497 vel
1620 2459 1767 2496 favore.

229 2528 381 2555 perverse,

526 2660 545 2678 1.
568 2652 610 2678 A:
632 2652 783 2687 diaponi,·
809 2652 848 2679 ib.
870 2652 909 2679 13:
930 2651 1101 2688 refugitur.
1201 2659 1225 2678 2.
1248 2653 1291 2679 A:
1313 2650 1431 2680 XXVII.
1522 2651 1547 2678 5.
1568 2651 1594 2676 A
1608 2651 1638 2678 in
1653 2658 1767 2685 marg:

455 2686 633 2713 Moraliter.
716 2695 742 2721 7.
758 2687 830 2714 Ain
847 2695 960 2722 marg:
983 2695 1006 2714 1.
1087 2695 1119 2714 11.
1136 2687 1164 2714 A
1179 2686 1209 2713 in
1225 2694 1338 2721 marg:
1362 2694 1389 2713 2.
1464 2684 1501 2713 13.
1516 2686 1545 2713 A
1559 2685 1587 2712 in
1604 2693 1701 2720 marg.
1713 2693 1769 2719 :3‚·

455 2721 495 2747 ib.
517 2722 561 2748 A:
584 2721 702 2748 radius.
794 2722 831 2749 15.
852 2722 896 2748 A:
919 2722 1060 2748 inimicos
1080 2722 1177 2748 twice.
1273 2729 1315 2751 Π).
1338 2721 1375 2748 13:
1396 2729 1455 2756 que
1473 2736 1506 2739 —
1526 2720 1691 2756 longitudo
1712 2723 1767 2746 etc.

456 2755 551 2817 dgestAL
574 2790 578 2794 η
623 2763 668 2782 20.
690 2757 717 2783 A
737 2756 896 2818 i115marg.:
918 2762 951 2788 4.
1025 2757 1069 2783 28.
1082 2758 1123 2782 A:
1140 2756 1259 2791 culpam
1273 2752 1356 2783 [intel
1421 2755 1466 2783 32.
1483 2756 1525 2782 A:
1543 2755 1768 2782 ecclesiasticis.

457 2799 470 2816 ο
497 2804 532 2817 ,Ι
572 2798 601 2817 in
624 2799 737 2825 marg:
783 2812 788 2817 .

530 2886 579 2915 18.
606 2884 694 2926 pr.
721 2885 774 2924 ΙΙΙ,
807 2884 855 2916 18.
