2003 3322
193 1043 260 1070 The
280 1050 404 1070 marrow

193 1086 261 1113 way
281 1077 357 1106 hard
379 1083 410 1105 to

205 1113 221 1140 fi
226 1112 276 1174 lxlvda
280 1120 323 1175 1211<n
329 1114 357 1175 {in
364 1118 377 1176 ‚t
381 1122 398 1140 O

174 2433 319 2461 Rewards
339 2433 373 2460 of
389 2433 440 2460 the

219 2468 313 2495 broad
334 2476 412 2504 way.

865 234 982 265 OPUS
1009 234 1344 265 EVANGELICUM
1502 222 1608 276 [CAP.
1630 233 1766 260 XLvm.

448 354 521 377 non
554 340 697 376 incidat
730 341 765 376 in
798 352 894 376 eam.
932 340 1054 384 Quasi
1086 340 1164 375 lata
1198 340 1294 376 enim
1331 341 1377 376 de
1410 341 1526 390 longe
1558 341 1710 377 videtur
1733 349 1768 377 et

449 399 533 435 ideo
575 398 694 434 eciam
728 398 909 447 infantes,
948 405 1151 446 antequam
1194 398 1268 434 vite
1309 398 1409 434 viam
1457 398 1517 434 vel
1548 398 1767 449 intelligant

449 458 560 493 istam
595 456 734 492 vident.
780 456 832 491 Et
865 468 949 491 cum
982 456 1188 493 intraverit
1220 457 1301 504 quis
1334 457 1370 492 in
1403 469 1501 503 eam,
1534 464 1656 505 prout
1690 458 1770 493 vult

447 527 488 551 se
518 514 615 565 agit,
648 526 714 549 nec
747 520 1029 564 coangustatur
1060 514 1095 549 in
1128 514 1256 562 aliqua
1287 521 1416 563 parte,
1450 514 1502 550 ita
1536 521 1576 550 ut
1609 515 1771 551 delectet

453 585 536 609 eum
573 572 778 608 ambulare
804 584 880 621 per
902 583 998 607 eam.
1034 572 1244 608 Ambulant
1277 572 1374 608 enim
1409 572 1444 607 in
1478 584 1520 608 ea
1552 573 1803 622 gaudentes}

451 638 486 666 et
518 630 698 677 ridentes,
733 643 805 666 non
838 630 962 665 solum
997 631 1276 667 manducantes·
1309 637 1343 666 et
1374 630 1539 666 bibentes
1560 631 1628 666 sed
1650 631 1768 667 eciam

452 689 682 724 devorantes
715 695 750 724 et
782 688 1023 723 inebriantes
1067 688 1276 724 Ambulant
1315 688 1350 723 in
1397 700 1441 724 ea
1475 688 1623 735 divites,
1665 701 1769 725 men-

451 746 603 792 cientes,
632 746 893 794 periurantes,
927 746 1051 781 aliena
1085 747 1261 783 tollentes
1290 754 1325 782 et
1351 758 1392 782 se
1415 746 1768 795 divitesfacientes.

450 804 659 840 Ambulant
680 805 715 840 in
739 816 781 840 ea
805 816 889 840 cum
915 804 1116 847 uxoribus,
1140 817 1213 840 non
1237 804 1361 840 solum
1386 816 1470 839 cum
1485 804 1564 840 suis
1583 805 1771 841 uxoribus

450 862 519 898 sed
552 862 670 897 eciam
693 862 942 910 fornicantes
974 870 1009 898 et
1041 863 1315 898 adulterantes.
1357 862 1460 906 Quid
1490 862 1539 897 sit
1570 862 1771 899 tribulacio
1792 877 1831 898 ιο

452 920 635 956 nesciunt.
684 920 737 955 Et
782 920 864 968 quis
909 932 981 956 non
1027 920 1239 957 delectetur
1281 927 1466 970 quantum
1512 920 1564 956 ad
1615 932 1771 957 carnem

453 978 656 1014 ambulare
683 990 758 1027 per
790 978 904 1014 eam?

512 1036 599 1072 Hoc
613 1043 739 1072 autem
760 1035 907 1072 iusticie
921 1036 981 1072 via
1003 1043 1170 1086 angusta
1183 1035 1357 1085 primum
1380 1036 1586 1083 nonsacile
1607 1036 1770 1072 videtur.

454 1094 507 1130 Et
529 1094 613 1130 ideo
636 1094 700 1142 qui
722 1094 803 1133 vult
831 1095 982 1130 intrare
1004 1094 1040 1129 in
1069 1107 1152 1130 eam
1177 1106 1328 1130 necesse
1350 1101 1405 1129 est
1428 1101 1468 1129 ut
1490 1094 1773 1143 aliquantulum

454 1160 645 1202 evagetur
683 1152 719 1187 in
757 1152 817 1187 via
857 1152 924 1187 illa
963 1152 1155 1201 spaciosa,
1195 1153 1315 1188 donec
1348 1151 1600 1188 considerans
1632 1165 1671 1189 se
1703 1152 1773 1188 ali-
1795 1156 1830 1188 15

455 1211 607 1259 quando
652 1210 819 1245 inveniat
862 1210 988 1246 istam.
1036 1210 1089 1245 Et
1127 1223 1212 1246 cum
1252 1209 1459 1246 intraverit
1496 1210 1531 1245 in
1579 1222 1661 1246 eanz
1701 1223 1774 1246 non

450 1275 572 1318 prout
611 1268 692 1304 vult
723 1275 831 1318 agat.
877 1268 946 1304 Ex
978 1269 1083 1304 omni
1113 1269 1211 1304 enim
1239 1275 1357 1318 parte
1389 1275 1684 1317 coangustatur,
1724 1269 1774 1304 ita

456 1334 495 1362 ut
522 1327 692 1375 peniteat
725 1338 807 1361 eum
850 1326 1016 1362 intrasse
1055 1326 1091 1362 in
1126 1339 1221 1362 eam.
1258 1326 1467 1361 Ambulant
1499 1325 1596 1362 enim
1631 1327 1776 1374 tristes,

457 1385 644 1434 lugentes,
698 1384 920 1433 ieiunantes,
972 1391 1007 1420 et
1039 1384 1073 1420 si
1114 1385 1390 1420 manducantes
1422 1391 1456 1419 et
1488 1384 1667 1432 bibentes,
1704 1397 1776 1421 non

457 1450 582 1478 tamen
604 1443 684 1478 sine
707 1443 794 1493 Iege
817 1442 968 1478 timoris
997 1443 1273 1479 manducantes
1302 1450 1338 1478 et
1360 1442 1538 1481 bibentes.
1568 1442 1776 1479 Ambulant
1793 1456 1834 1477 20

455 1513 647 1550 pauperes
680 1508 714 1537 et
743 1501 777 1537 si
809 1500 944 1536 divites
976 1513 1049 1536 non
1081 1501 1154 1537 sibi
1184 1501 1252 1537 sed
1284 1500 1383 1546 aliis,
1421 1500 1546 1536 aliena
1579 1513 1652 1537 non
1692 1508 1774 1537 tan-

456 1566 604 1609 gentes,
662 1571 730 1595 sua
772 1559 1051 1609 dispergentes.
1115 1559 1325 1594 Ambulant
1368 1559 1476 1605 casti,
1529 1566 1564 1594 et
1604 1558 1639 1594 si
1689 1571 1773 1595 cum

458 1617 661 1661 uxoribus,
707 1624 833 1652 tamen
879 1628 951 1652 non
995 1617 1075 1652 sine
1120 1617 1219 1666 Iegis
1261 1616 1401 1652 timore
1444 1628 1617 1652 amorem
1662 1629 1773 1653 suum

459 1675 740 1724 dispergentes.
786 1675 1068 1723 Blasplzemati‚
1108 1674 1286 1710 iniuriam
1316 1674 1426 1723 passi
1457 1682 1492 1710 et
1522 1674 1689 1723 spoliati.
1723 1675 1776 1711 Et

458 1745 566 1781 quem
600 1745 673 1769 non
701 1733 873 1782 peniteat
904 1740 1085 1781 quantum
1119 1733 1170 1767 ad
1202 1744 1358 1768 carnem
1393 1732 1557 1768 intrasse
1589 1733 1625 1768 in
1659 1733 1831 1769 eam?25

458 1791 511 1826 Et
550 1803 595 1826 ne
633 1790 789 1826 mireris
822 1790 908 1839 quia
942 1791 1028 1826 dixi
1058 1803 1165 1839 quenz
1200 1803 1272 1826 non
1301 1790 1470 1839 peniteat
1509 1790 1675 1827 intrasse
1701 1803 1776 1840 per

458 1861 555 1887 eam.
600 1848 703 1883 Audi
728 1849 963 1897 proplietam
1004 1848 1209 1884 dicentem:
1261 1848 1343 1884 Mei
1378 1855 1504 1884 autem
1547 1861 1646 1898 pene
1684 1848 1778 1885 moti

458 1914 545 1942 sunt
572 1907 704 1955 pedes,
745 1918 844 1955 pene
875 1906 986 1955 effusi
1015 1914 1103 1942 sunt
1132 1918 1295 1956 gressus
1334 1906 1419 1952 mei,
1463 1906 1550 1954 quia
1583 1907 1711 1958 {elavi
1739 1907 1775 1942 in

455 1964 736 2013 peccatoribus,
784 1976 921 2013 pacem
962 1972 1213 2013 peccatorum
1260 1964 1403 2000 videns.
1464 1964 1554 2000 Ideo
1607 1965 1777 2001 videntes

461 2022 632 2058 homines
655 2022 753 2058 lianc
776 2022 1000 2058 tribulatam
1031 2030 1065 2058 et
1093 2029 1300 2072 angustam
1332 2022 1432 2058 viam
1463 2022 1575 2058 multi
1595 2023 1777 2059 recedunt
1794 2027 1834 2060 30

460 2081 506 2115 ab
540 2092 594 2115 ea.
640 2080 692 2115 Et
730 2080 885 2129 quidam
925 2080 971 2115 ab
1010 2080 1121 2116 inicio
1160 2092 1226 2115 nec
1265 2080 1451 2116 accedunt
1489 2080 1541 2115 ad
1573 2092 1670 2127 eam,
1710 2092 1776 2117 nec

462 2138 593 2173 volunt
625 2150 708 2173 eam
748 2138 890 2174 videre.
932 2138 1099 2182 Quidam
1137 2145 1264 2173 autem
1304 2138 1612 2187 concupiscentes
1645 2139 1777 2174 volunt

462 2196 595 2231 videre
638 2208 720 2231 eam
766 2204 801 2231 et
839 2197 1026 2232 accedunt
1064 2197 1116 2232 ad
1154 2208 1236 2231 eam
1281 2196 1350 2232 sed
1394 2197 1483 2232 dum
1528 2196 1777 2232 considerant

461 2253 663 2304 angustias
710 2261 745 2289 et
792 2254 946 2290 labores
985 2254 1075 2299 eius,
1121 2255 1306 2290 recedunt
1349 2254 1395 2290 ab
1433 2266 1488 2290 ea.
1534 2254 1613 2290 Alii
1650 2262 1775 2290 autem

462 2312 691 2347 audaciores
728 2312 874 2347 intrant
912 2312 948 2347 in
989 2324 1070 2347 eam
1110 2320 1145 2348 et
1171 2319 1321 2361 postea,
1364 2313 1453 2347 dum
1487 2324 1559 2348 non
1591 2312 1777 2348 sustinent
1793 2315 1832 2348 35

464 2370 615 2405 labores
637 2378 672 2405 et
692 2370 894 2420 angustias
911 2366 914 2422 l
934 2370 1024 2415 eius,
1053 2370 1191 2406 iterum
1213 2370 1363 2405 reversi
1383 2370 1641 2419 egrediuntur
1656 2371 1703 2406 de
1717 2382 1773 2406 ea.
1816 2379 1895 2422 3990

520 2428 656 2463 Adhuc
688 2435 813 2463 autem
847 2435 881 2463 et
911 2428 1086 2477 spaciosa
1119 2428 1261 2463 dicitur
1291 2428 1358 2463 illa
1392 2428 1452 2464 via
1485 2428 1603 2464 eciam
1637 2429 1708 2464 hac
1731 2428 1777 2463 de

463 2498 591 2532 causa,
625 2485 710 2534 quia
745 2486 870 2521 omnia
898 2498 967 2534 que
997 2493 1085 2522 sunt
1117 2498 1275 2533 uxores,
1297 2486 1389 2536 filii,
1418 2493 1615 2535 parentes,
1648 2485 1775 2532 amici,

534 2653 555 2671 1.
575 2645 620 2671 A:
643 2644 733 2679 quasi
751 2645 857 2671 latam.
931 2651 956 2671 2.
977 2645 1020 2671 A:
1043 2647 1201 2679 tamquam
1220 2645 1289 2672 vite.
1363 2652 1392 2678 ῳ.
1408 2645 1446 2672 B:
1462 2652 1528 2671 cum
1542 2644 1603 2671 lziis
1617 2644 1776 2671 uxoribus.

465 2677 502 2706 13.
523 2680 552 2706 A
571 2679 601 2706 in
624 2687 737 2712 marga
765 2679 815 2706 Via
836 2682 994 2713 angustas
1016 2679 1057 2706 ib.
1079 2679 1196 2707 Codd.:
1218 2679 1338 2706 iusticie
1352 2679 1445 2706 deest.
1520 2679 1556 2706 15.
1571 2680 1615 2706 A:
1636 2687 1668 2706 se
1682 2678 1775 2706 deest.

464 2713 507 2741 23.
528 2715 573 2741 A:
595 2721 733 2741 amorem
754 2721 829 2740 cum.
937 2713 976 2740 31.
1005 2714 1044 2741 B:
1072 2722 1132 2741 non
1157 2715 1318 2742 accedunt.
1424 2713 1468 2741 32.
1491 2713 1530 2741 B:
1557 2716 1660 2741 autem
1683 2714 1775 2741 deest.

464 2748 505 2775 35.
527 2750 570 2775 A:
594 2752 624 2775 et
642 2749 781 2781 intrant‚·
800 2748 841 2775 ib.
862 2749 906 2775 A:
928 2757 989 2776 non
1010 2749 1104 2775 deest.
1213 2749 1258 2776 36.
1280 2750 1323 2776 A:
1347 2749 1384 2776 ab
1405 2757 1450 2776 ea.
1549 2748 1593 2783 37.
1615 2749 1658 2775 A:
1680 2748 1777 2775 eciam

465 2783 559 2810 deest.
644 2783 690 2818 37,
710 2782 755 2810 38.
777 2783 815 2809 13:
838 2783 895 2810 lzac
915 2791 1020 2810 causa.

537 2842 589 2874 28.
617 2843 731 2874 Psalm
760 2844 891 2883 LXXII,
920 2853 949 2883 2,
978 2845 1007 2877 3.
