2003 3322
181 214 269 241 CAP.
291 205 385 259 mv]
711 216 850 247 PRIMA
878 216 1003 248 PARS.

184 330 309 358 tamen
344 322 515 370 duplum.
561 321 694 356 Tercio
729 321 775 356 de
806 321 911 356 mille
943 321 1127 370 passibus
1162 320 1296 369 quibus
1328 321 1507 356 addendo

185 380 275 416 dicit
307 380 381 415 duo
414 379 536 414 millia
570 390 686 427 usque
717 379 769 414 ad
804 379 963 427 duplum
988 379 1097 414 aliud
1125 378 1238 425 iubet,
1262 385 1301 413 ut
1318 378 1507 427 perferas

184 438 235 474 ita
280 438 442 487 signans
484 437 564 473 sive
601 436 797 484 aliquanto
843 436 968 472 minus
1014 448 1126 485 quam
1171 436 1247 472 iam
1287 436 1385 484 fuit,
1428 436 1508 472 sive

185 495 437 541 tantumdem,
480 494 560 531 sive
603 494 771 543 amplius
816 494 973 543 quisque
1016 494 1216 543 improbus
1266 494 1302 529 in
1348 501 1384 529 te
1427 506 1508 530 esse

153 553 351 590 §voluerit
383 564 476 601 equo
513 551 641 587 animo
674 559 709 587 et
739 552 937 602 gaudente
969 564 1050 588 esse
1082 552 1341 588 tolerandum.

243 611 284 646 In
317 610 389 646 hiis
421 622 514 646 sane
534 609 743 660 generibus
766 610 883 646 trium
907 610 1178 658 exemplorum
1211 610 1357 645 nullum
1381 622 1505 659 genus

185 668 322 704 iniurie
360 668 595 717 premissum
641 679 722 704 esse
766 668 887 703 video.
949 667 1085 703 Omnia
1138 667 1236 703 enim
1289 667 1325 703 in
1374 668 1507 715 quibus

185 726 471 776 improbitatem
505 725 673 773 aliquam
701 725 878 775 patimur
911 725 946 760 in
980 726 1054 761 duo
1087 737 1233 775 genera
1268 725 1505 771 dividuntur,

185 796 347 833 quorum
393 783 560 819 alterum
606 791 662 820 est
698 784 800 832 quod
844 783 996 819 restitui
1038 795 1111 819 non
1150 790 1293 832 potest,
1339 783 1505 819 alterum

134 854 170 876 10
185 842 286 891 quod
312 848 451 890 potest.
488 841 565 877 Sed
596 841 632 876 in
665 841 730 877 illo
764 841 865 890 quod
898 841 1050 877 restitui
1080 853 1153 877 non
1183 848 1311 889 potest
1342 840 1508 876 vindicte

184 899 370 936 solacium
402 899 637 948 sedfalsum
671 899 781 947 queri
809 899 918 935 solet.
960 898 1063 943 Quid
1094 898 1191 934 enim
1219 899 1385 947 prodest
1405 898 1508 948 quod

180 969 389 1007 percussus
427 957 670 1006 repercutis?
713 957 910 1006 Numquid
942 963 1155 1007 propterea
1200 957 1298 992 illud
1328 957 1432 1006 quod
1470 957 1506 991 in

185 1027 352 1065 corpore
403 1015 522 1050 lesum
571 1022 626 1051 est
677 1015 893 1051 restituitur
937 1027 1013 1064 per
1056 1026 1260 1064 pungnunz
1313 1022 1418 1050 tuum
1471 1014 1506 1049 in

185 1073 413 1124 integrum?
465 1073 543 1109 Sed
580 1073 751 1109 tumidus
789 1072 939 1108 animus
972 1079 1006 1108 et
1040 1085 1174 1108 vecors
1207 1071 1301 1108 talia
1322 1074 1507 1121 fomenta

133 1131 400 1167 15desiderat:
449 1142 584 1166 sanum
637 1138 762 1166 autem
805 1130 1046 1180 firmumque
1097 1131 1169 1166 ista
1228 1142 1300 1166 non
1363 1130 1507 1176 iuvant,

184 1189 271 1238 quia
305 1188 441 1237 pocius
481 1188 788 1224 nszisericorditer
824 1189 1105 1237 perferendam
1144 1188 1305 1224 alterius
1344 1188 1505 1238 infirmi-

187 1254 302 1283 tatem
347 1246 491 1282 iudicat
527 1258 641 1295 quani
686 1246 809 1282 alieno
853 1246 1040 1295 supplicio
1087 1258 1196 1282 suam
1249 1246 1506 1296 mitigandam

187 1317 257 1354 que
290 1304 395 1339 nulla
429 1311 494 1340 est.

245 1363 376 1410 Neque
408 1362 505 1397 enim
539 1361 599 1397 hic
641 1373 684 1396 ea
723 1361 890 1397 vindicta
923 1362 1169 1410 prohibetur,
1213 1374 1285 1410 que
1330 1363 1381 1396 ad
1419 1374 1505 1397 cor-

1719 219 1794 254 199

1539 905 1737 933 Uselcssncss
1756 906 1789 932 of

1587 948 1728 975 revenge.

1586 1367 1640 1396 Yet
1661 1370 1683 1396 it
1702 1368 1728 1396 is

1522 1404 1624 1431 lawful
1640 1409 1671 1431 to
1684 1404 1798 1439 punish

132 1433 173 1454 20
188 1420 404 1469 repcionem
423 1420 536 1462 valet,
559 1419 677 1455 eciam
702 1419 785 1468 ipsa
808 1419 905 1455 enim
917 1419 1087 1468 pertinet
1110 1420 1161 1454 ad
1180 1419 1505 1463 misericordiam,
1552 1439 1599 1466 for
1618 1439 1667 1466 the
1687 1438 1769 1473 good

188 1490 254 1514 nec
286 1478 444 1527 impedit
476 1477 573 1513 illud
590 1477 850 1526 propositum,
882 1490 955 1526 quo
989 1477 1144 1526 quisque
1170 1484 1339 1526 paratus
1372 1485 1427 1513 est
1459 1478 1505 1512 ab

188 1548 229 1572 eo
263 1547 371 1583 quem
406 1542 630 1584 correptum
671 1546 753 1571 esse
791 1535 871 1571 vult
904 1535 1024 1584 plura
1053 1535 1252 1584 perferre.
1298 1535 1376 1570 Sed
1420 1535 1506 1571 huic

189 1594 353 1630 vindicte
396 1593 602 1642 referende
646 1592 804 1629 idoneus
849 1605 921 1628 non
961 1600 1016 1629 est
1055 1593 1129 1629 nisi
1166 1593 1229 1641 qui
1266 1593 1394 1628 odium
1432 1605 1506 1642 quo

187 1652 311 1688 solent
346 1651 538 1701 flagrare
589 1650 652 1699 qui
694 1663 735 1687 se
779 1651 1001 1687 desiderant
1045 1651 1245 1687 vindicare
1289 1651 1507 1687 dileccionis

132 1709 432 1759 253uperaverz't
476 1709 755 1759 magnitudine.
810 1710 897 1745 Non
942 1709 1040 1744 enim
1081 1709 1324 1745 metuendum
1365 1716 1420 1745 est
1464 1721 1509 1744 ne

188 1768 313 1803 odisse
346 1767 559 1816 parvulum
588 1766 720 1817 filium
755 1774 940 1816 parentes
973 1767 1191 1814 videantur,
1236 1779 1320 1803 cum
1366 1767 1411 1802 ab
1456 1767 1509 1802 eis

189 1825 347 1874 vapulat
379 1837 560 1874 peccans,
606 1836 650 1860 ne
688 1825 850 1861 ulterius
878 1833 1021 1874 peccet.
1073 1825 1126 1860 Et
1169 1832 1274 1861 certe
1309 1825 1508 1874 perfeccio

190 1883 407 1919 dileccionis
450 1883 552 1918 illius
585 1883 661 1918 Dei
693 1883 823 1932 patris
862 1882 1079 1918 imitacione
1118 1882 1225 1918 nobis
1258 1883 1508 1932 proponitur,

189 1953 273 1977 cum
297 1940 332 1976 in
355 1941 596 1989 sequentibus
619 1940 779 1976 dicitur:
811 1941 977 1991 Diligite
1008 1940 1181 1977 inimicos
1205 1948 1366 1987 vestros,
1400 1941 1508 1976 bene-

132 1999 304 2047 30facite
337 1998 393 2034 his
423 1999 488 2048 qui
519 1999 683 2034 oderunt
716 2011 797 2045 vos,
830 2006 865 2034 et
897 2005 1008 2034 orate
1040 2011 1118 2047 pro
1152 1998 1204 2034 eis
1228 1998 1292 2047 qui
1323 2010 1390 2034 vos
1418 2010 1509 2047 per-

187 2063 407 2105 sequuntur.
441 2057 493 2092 Et
525 2063 651 2092 tamen
676 2057 722 2092 de
743 2057 824 2106 ipso
848 2056 990 2092 dicitur
1006 2068 1082 2105 per
1099 2057 1358 2106 prophetam:
1387 2057 1508 2100 Quem

189 2114 285 2150 enim
332 2114 460 2164 diligit
497 2114 702 2160 Dominus,
746 2115 930 2164 corripit;
957 2114 1147 2164 flagellat
1186 2121 1312 2150 autem
1359 2126 1508 2150 omnem

177 2171 307 2222 filium
345 2184 455 2221 quem
496 2172 643 2221 recipit.
689 2172 796 2208 Dicit
838 2172 957 2208 eciam
1002 2172 1215 2208 Dominus:
1259 2172 1403 2208 Servus
1449 2171 1513 2220 qui

189 2230 306 2265 nescit
339 2231 575 2266 voluntatem
609 2230 756 2266 domini
784 2230 845 2266 sui
875 2237 911 2265 et
931 2230 1039 2278 facit
1072 2229 1191 2279 digna
1219 2229 1356 2279 plagis
1389 2242 1508 2278 vapu-

132 2288 282 2323 35labit
309 2300 448 2337 pauca.
484 2288 629 2323 Servus
661 2295 788 2324 autem
811 2288 876 2337 qui
901 2287 973 2324 scit
1006 2288 1241 2323 voluntatem
1276 2287 1422 2323 domini
1451 2287 1513 2323 sui

187 2353 223 2381 et
245 2345 351 2393 facit
383 2345 501 2395 digna
520 2346 655 2395 plagis
678 2346 876 2395 vapulabit
897 2346 1032 2383 multa.
1068 2346 1154 2381 Non
1178 2345 1301 2395 igitur
1322 2345 1509 2394 queritur,

188 2403 260 2439 nisi
296 2410 335 2438 ut
379 2403 444 2439 ille
482 2403 646 2439 vindicet
683 2404 744 2439 cui
774 2416 905 2440 rerum
946 2403 1083 2439 ordine
1109 2410 1283 2452 potestas
1317 2403 1408 2438 data
1442 2410 1507 2449 est,

258 2591 279 2610 1.
304 2582 436 2616 Tercio,·
455 2584 498 2610 A:
524 2582 625 2610 Certo.
710 2591 736 2610 2.
757 2584 803 2610 A:
823 2582 984 2619 proferas.
1093 2590 1123 2617 9,
1144 2591 1186 2610 10.
1208 2583 1248 2610 B:
1271 2584 1404 2611 alterum
1424 2582 1508 2619 quod

184 2620 288 2653 potest
307 2633 337 2636 —
358 2626 419 2645 non
435 2621 537 2653 potest
558 2617 652 2644 deest.
762 2626 804 2645 ιο.
826 2619 870 2645 A:
906 2618 969 2645 Sed
993 2617 1024 2644 in
1050 2618 1105 2645 illo
1136 2634 1170 2637 —
1202 2626 1264 2645 non
1289 2621 1391 2653 potest
1412 2618 1507 2645 deest.

190 2660 228 2679 12.
249 2654 293 2679 A:
327 2653 499 2687 repercutis
519 2652 612 2679 deest.
723 2652 760 2680 15.
781 2653 825 2679 A:
854 2655 957 2680 autem
977 2651 1168 2688 firmumque
1194 2652 1255 2680 ista
1281 2661 1344 2680 non
1371 2653 1508 2679 iuvatur.

189 2694 229 2714 21.
250 2688 293 2714 A:
349 2687 433 2715 uoad
461 2687 603 2722 quisque.
710 2686 751 2713 23.
787 2688 832 2714 A:
866 2687 996 2714 idoneus
1031 2686 1125 2714 deest.
1234 2687 1281 2714 26.
1314 2688 1359 2714 A:
1392 2688 1508 2714 odiose.

189 2720 237 2755 34,
257 2720 299 2749 35.
327 2695 366 2748 ἒς
394 2722 556 2757 vapulabit
570 2721 690 2757 paucis.
791 2721 833 2756 35,
855 2720 901 2749 36.
923 2723 967 2749 A:
998 2722 1109 2757 paucis
1134 2737 1167 2741 —
1194 2721 1263 2750 Non
1293 2722 1394 2759 igitur
1414 2722 1508 2749 deest.

191 2754 237 2784 36.
260 2756 299 2784 B:
321 2756 434 2784 multis.

263 2837 315 2870 29.
343 2828 462 2860 Matth.
488 2829 530 2868 V,
557 2839 613 2869 44.
704 2829 758 2861 32.
784 2829 886 2860 Prov.
914 2829 967 2868 111,
996 2839 1048 2860 22.
1135 2830 1186 2862 33.
1215 2829 1331 2860 Lucae
1356 2828 1427 2868 ΧΙΙ,
1453 2838 1510 2869 47.

1610 1474 1645 1501 of
1661 1473 1711 1500 the

1586 1508 1733 1536 offender.
