2003 3322
146 234 219 268 150
846 238 964 269 opos
989 238 1326 270 EVANGELICUM
1510 227 1622 281 [CAP.
1650 235 1743 262 xm.

427 347 479 382 ita
512 353 551 381 ut
584 358 656 381 non
690 345 913 394 refrenetur
953 345 1108 381 illicitus
1148 346 1353 395 appet.'tus,
1397 347 1466 382 sed
1502 347 1537 382 si
1565 347 1747 395 facultas

429 405 519 440 data
543 402 686 451 fuerit,
718 403 897 439 sacietur.

163 470 263 498 Three
284 470 387 509 min-gs
494 461 585 497 Tria
637 460 735 497 enim
787 467 875 496 sunt
926 461 1059 509 quibus
1111 461 1296 510 impletur
1341 469 1557 511 peccatum,
1605 462 1750 497 scilicet

160 507 395 575 ωδῇἒέεξξὶξῐζῗῗ
429 519 645 570 suggestio,
680 518 899 564 delectacio,
933 519 1142 557 consensio.
1177 519 1388 569 Suggestio
1411 520 1492 556 sive
1510 532 1585 568 per
1608 532 1749 556 memo-

211 575 345 637 goessiffelssltf
431 578 529 613 riam
552 577 605 627 fit
635 577 716 613 sive
743 589 817 626 per
861 576 1039 625 corporis
1077 589 1223 624 sensus,
1269 590 1353 613 cum
1392 578 1539 626 aliquid
1579 577 1784 614 videmus5

346 630 351 636 ’
432 636 492 672 vel
522 635 701 671 audimus
747 635 807 671 vel
852 634 1061 682 olfacimus
1101 634 1161 670 vel
1197 642 1403 685 gustamus
1441 636 1501 671 vel
1540 635 1749 685 tangimus.

436 694 521 736 Quo
553 693 588 729 si
606 692 701 741 frui
727 692 989 738 delectaverit,
1023 693 1231 729 delectacio
1254 693 1387 729 illicita
1412 694 1652 742 refrenanda
1676 701 1752 738 est,-

433 752 535 788 velut
568 763 651 786 cum
686 750 898 786 ieiunamus
920 757 955 786 et
978 750 1068 787 visis
1091 750 1183 786 cibis
1201 751 1328 800 palati
1348 751 1539 800 appetitus
1562 751 1750 801 assurgit,

433 809 497 858 qui
533 821 604 845 non
631 808 684 858 fit
723 809 796 844 nisi
831 820 882 844 ex
925 808 1195 855 delectacione,
1241 816 1505 845 verumtamen
1549 809 1635 844 huic
1680 822 1751 845 non

433 867 702 912 consentimus,
735 867 770 902 si
799 879 882 902 eam
918 866 1151 903 dominantis
1190 867 1357 903 racionis
1397 867 1480 902 iure
1518 867 1748 903 cohibemus.
1773 878 1811 898 10

434 926 477 960 Si
507 932 633 960 autem
668 925 865 960 consensio
899 925 1017 973 sacta
1049 924 1193 973 fuerit,
1232 925 1390 974 plenum
1432 931 1634 974 peccatum
1681 925 1754 961 erit

435 990 563 1019 notum
587 983 672 1018 Deo
711 982 747 1018 in
780 982 898 1018 corde
936 989 1082 1027 nostro,
1116 982 1272 1018 eciamsi
1291 983 1406 1031 facto
1439 996 1511 1019 non
1544 982 1754 1019 innotescat

435 1041 662 1078 hominibus.
708 1041 764 1075 Ita
803 1040 927 1090 igitur
957 1040 1021 1076 isti
1050 1048 1137 1076 sunt
1175 1041 1342 1091 gradus,
1382 1041 1492 1089 quasi
1523 1053 1544 1076 a
1577 1048 1754 1090 serpente

434 1098 636 1149 suggestio
657 1098 749 1148 fiat,
782 1098 822 1134 id
851 1105 918 1144 est,
952 1098 1099 1134 lubrico
1123 1105 1157 1134 et
1180 1099 1340 1134 volubili
1360 1099 1431 1134 hoc
1461 1105 1514 1135 est
1548 1098 1756 1148 temporali

435 1168 645 1206 corporum
691 1163 808 1203 motu,
854 1156 941 1204 quia
985 1156 1040 1192 sic
1087 1163 1121 1192 et
1158 1156 1193 1192 si
1231 1168 1303 1205 qua
1348 1157 1441 1192 talia
1476 1157 1811 1206 phantasmata15

435 1215 536 1250 intus
581 1221 790 1250 versantur
833 1214 869 1249 in
914 1214 1055 1260 anima,
1102 1215 1148 1250 de
1191 1226 1358 1263 corpore
1397 1215 1626 1264 forinsecus
1668 1221 1755 1250 sunt

436 1280 585 1317 tracta;
628 1279 663 1307 et
700 1272 735 1308 si
771 1272 853 1320 quis
893 1273 1065 1308 occultus
1107 1279 1245 1322 preter
1289 1272 1382 1308 istos
1420 1273 1581 1321 quinque
1623 1285 1756 1309 sensus

436 1337 561 1367 motus
594 1329 773 1379 corporis
805 1330 972 1366 animam
1007 1331 1146 1380 tangit,
1180 1337 1235 1366 est
1267 1330 1386 1366 eciam
1421 1331 1501 1379 ipse
1524 1331 1755 1379 temporalis

437 1396 471 1425 et
506 1388 699 1433 lubricus;
743 1395 777 1424 et
809 1388 893 1424 ideo
926 1395 1065 1437 quanto
1099 1389 1273 1425 illabitur
1304 1389 1496 1425 occulcius
1534 1396 1573 1424 ut
1606 1389 1754 1439 cogita-

437 1447 581 1483 cionern
609 1446 820 1496 contingat,
853 1453 957 1482 tanto
981 1446 1269 1483 conveniencius
1298 1447 1468 1496 serpenti
1489 1454 1754 1495 comparatur.
1773 1458 1815 1479 20

443 1505 536 1540 Tria
574 1516 671 1555 ergo
711 1504 778 1540 hec
817 1511 856 1539 ut
888 1504 971 1553 cepi
1003 1505 1143 1551 dicere,
1183 1504 1324 1540 similia
1356 1512 1443 1540 sunt
1476 1505 1533 1540 rei
1559 1512 1670 1555 geste
1700 1504 1758 1540 illi

438 1575 508 1612 que
552 1562 587 1598 in
640 1562 782 1598 Genesi
822 1562 969 1611 scripta
1015 1570 1083 1608 est,
1140 1570 1180 1598 ut
1231 1561 1341 1610 quasi
1391 1575 1412 1598 a
1468 1570 1644 1612 serpente
1677 1562 1755 1612 fiat

437 1619 639 1671 suggestio
663 1626 698 1655 et
721 1620 883 1668 quedam
908 1620 1049 1667 suasio,
1073 1621 1109 1656 in
1133 1620 1303 1670 appetitu
1327 1628 1453 1656 autem
1473 1621 1626 1656 carnali
1655 1627 1753 1656 tam-

438 1691 550 1727 quam
585 1677 620 1713 in
655 1678 740 1713 Eva
773 1678 996 1723 delectacio,
1028 1678 1064 1713 in
1096 1679 1252 1715 racione
1276 1690 1367 1714 vero
1391 1685 1585 1727 tamquam
1610 1679 1646 1714 in
1670 1678 1754 1714 viro

438 1736 646 1773 consensio.
687 1736 833 1780 Quibus
849 1736 1022 1785 peractis
1055 1743 1249 1784 tamquam
1284 1737 1330 1772 de
1347 1736 1550 1785 paradiso,
1584 1737 1655 1772 lzoc
1687 1743 1754 1783 est,
1773 1737 1811 1770 25

440 1795 486 1831 de
529 1793 747 1830 beatissima
794 1794 877 1830 luce
924 1794 1071 1830 iusticie
1114 1794 1149 1830 in
1189 1801 1351 1830 mortem
1385 1795 1497 1831 homo
1530 1795 1754 1843 expellitur,

440 1852 645 1888 iustissime
677 1851 840 1888 omnino.
877 1853 964 1888 Non
997 1852 1094 1888 enim
1129 1853 1233 1903 cogit
1265 1852 1330 1900 qui
1358 1853 1506 1888 suadet.
1540 1852 1593 1888 Et
1626 1864 1755 1889 omnes

440 1918 578 1946 nature
610 1910 646 1946 in
680 1910 816 1946 ordine
846 1922 915 1946 suo
946 1910 1141 1961 gradibus
1172 1910 1251 1946 suis
1279 1910 1418 1959 pulcre
1448 1917 1546 1946 sunt.

158 1975 294 2016 Cous-em
315 1976 419 2003 makes
498 1968 577 2004 Sed
620 1975 656 2004 et
701 1968 747 2004 de
788 1968 1055 2017 superioribus
1098 1968 1133 2004 in
1182 1969 1315 2017 quibus
1361 1968 1568 2004 racs'onalis
1605 1968 1756 2004 animus

181 2019 390 2074 wiffi‘fflftvea‘sst·
441 2027 643 2063 ordinatus
675 2033 730 2062 est
763 2027 813 2061 ad
845 2026 1035 2075 inferiora
1060 2038 1131 2062 non
1155 2034 1210 2063 est
1233 2026 1515 2062 declinandum.
1552 2026 1631 2062 Nec
1653 2026 1753 2074 quis—

441 2097 553 2134 quam
588 2085 658 2121 hoc
681 2084 825 2133 facere
856 2084 1014 2135 cogitur
1045 2091 1080 2120 et
1112 2084 1195 2120 ideo
1226 2084 1418 2133 sisecerit
1450 2084 1548 2120 iusta
1573 2084 1649 2120 Dei
1669 2084 1756 2134 lege
1771 2076 1814 2108 30

436 2142 640 2192 punietur:
684 2154 756 2178 non
800 2142 897 2178 enim
938 2142 1008 2178 hoc
1047 2142 1249 2178 committit
1286 2142 1447 2187 invitus,·
1491 2149 1755 2178 verumtamen

442 2200 648 2237 delectacio
681 2207 768 2236 ante
799 2200 1107 2236 consuetudinem
1143 2201 1203 2236 vel
1236 2200 1341 2236 nulla
1374 2207 1429 2236 est
1452 2201 1512 2236 vel
1533 2207 1610 2235 tam
1635 2200 1757 2236 tenuis

442 2265 481 2294 ut
509 2271 636 2308 prope
668 2258 773 2294 nulla
806 2258 867 2305 sit,
901 2258 963 2294 cui
993 2258 1208 2295 consentire
1240 2271 1425 2308 magnum
1457 2265 1655 2307 peccatum
1689 2264 1756 2303 est,

442 2329 525 2352 cum
572 2323 626 2353 est
670 2316 815 2352 illicita.
873 2316 968 2352 Cum
1009 2323 1134 2352 autem
1171 2316 1339 2366 quisquis
1373 2316 1620 2362 consenserit,
1654 2328 1756 2352 com—

443 2374 557 2410 mittit
604 2382 804 2423 peccatum
856 2374 892 2410 in
945 2374 1076 2421 corde,
1119 2374 1152 2410 si
1193 2381 1318 2410 autem
1365 2375 1482 2410 eciam
1528 2374 1563 2409 in
1599 2374 1756 2422 factum
1774 2366 1815 2399 35

438 2433 689 2481 processerit,
739 2432 892 2468 videtur
934 2432 1080 2468 saciari
1121 2440 1155 2468 et
1199 2432 1389 2481 cupiditas
1440 2432 1628 2482 extingui.
1683 2431 1759 2467 Sed

517 2620 536 2639 1.
559 2614 602 2640 A:
625 2612 711 2640 illius
730 2613 893 2648 appetitus.
990 2610 1015 2639 3.
1037 2613 1080 2639 A:
1101 2613 1215 2639 scilicet
1235 2612 1336 2645 deest:
1358 2613 1386 2639 A
1406 2612 1435 2639 in
1457 2620 1571 2647 marg:
1599 2612 1671 2639 Tria
1690 2615 1761 2639 sunt

444 2647 552 2682 quibus
572 2648 716 2682 impletur
732 2651 899 2682 peccatum.
990 2655 1016 2681 7.
1038 2648 1082 2675 A:
1109 2646 1277 2684 referenda
1299 2650 1353 2674 est.
1444 2646 1471 2674 8.
1492 2647 1521 2674 A
1541 2647 1570 2674 in
1593 2655 1707 2682 marg:
1729 2653 1757 2673 2.

445 2690 472 2718 9.
507 2684 550 2709 A:
584 2682 638 2718 qui
671 2682 772 2715 ἀρθεὶς
805 2683 845 2710 ib.
878 2683 922 2709 A:
956 2689 994 2708 ex
1026 2682 1120 2709 deest.
1230 2690 1270 2709 ιο.
1299 2683 1341 2709 A:
1377 2684 1406 2709 et
1429 2690 1514 2714 eam,·
1543 2682 1578 2709 B:
1615 2681 1757 2708 correxit.

447 2725 479 2744 ιι.
501 2718 529 2744 Α
550 2718 579 2744 in
602 2725 715 2752 marg:
746 2725 779 2752 3.
906 2724 948 2748 14.
970 2717 1013 2743 A:
1047 2721 1092 2744 est
1110 2717 1203 2744 deest.
1394 2725 1439 2744 20.
1462 2717 1505 2743 A:
1533 2716 1757 2751 cognicionem.

445 2760 487 2779 22.
510 2752 548 2780 13:
569 2752 686 2787 scripta
707 2755 787 2779 sunt.
859 2751 902 2779 23.
927 2751 1043 2779 Codd.:
1066 2752 1095 2779 in
1117 2752 1211 2779 deest.
1286 2724 1400 2785 3410A:
1420 2754 1520 2778 autem
1541 2751 1635 2778 deest.

517 2856 569 2878 22.
598 2847 682 2878 Gen.
712 2847 764 2886 111,
797 2857 822 2878 1.
