2003 3322
194 201 283 228 CAP.
304 192 387 245 xx]
680 205 893 237 SECUNDA
920 207 1045 238 PARS.
1722 200 1738 235 3
1755 200 1797 236 15

192 311 336 347 scilicet
355 311 463 359 gula,
487 311 660 345 avaricia
683 318 717 346 et
742 323 839 346 vana
861 312 1007 361 gloria,
1033 313 1221 348 adversus
1237 325 1307 361 que
1331 314 1508 350 dominus
1575 320 1641 347 The
1661 321 1746 359 thyee

194 368 457 417 temptacionis
489 368 698 416 suscipiens
729 369 869 404 bellum
889 370 1082 419 pugnavit
1109 383 1186 419 pro
1220 371 1337 413 nobis,
1371 379 1505 407 contra
1549 356 1772 426 xpessslfftlonngJ,

191 427 326 476 gulam
351 426 386 461 in
411 426 579 472 heremo⁷
610 434 743 462 contra
772 427 985 463 avariciam
1015 440 1133 477 snper
1162 436 1340 473 montem,
1371 437 1504 464 contra
1564 424 1765 494 ᾒέῗῐξῑέῗοῗὲἀ

194 497 330 519 vanam
363 483 535 533 gloriam
567 496 686 533 super
717 485 914 534 templum,
961 486 1067 530 Item,
1110 486 1277 522 omnium
1318 487 1505 522 bonorum
1520 491 1586 519 The
1607 493 1690 520 three
1712 481 1787 527 beist,

160 542 319 591 §prima
373 549 407 577 et
447 541 634 589 forciora
686 550 773 578 sunt
816 543 890 578 tria
943 544 1039 579 bona
1091 544 1235 579 scilicet
1286 545 1505 590 elemosina,
1551 527 1773 598 {lffis’lcaffiffygef

192 600 323 635 oracio
357 607 392 635 et
423 599 615 638 ieiunium,
648 599 701 634 Et
731 600 818 636 vide
850 602 1040 649 quomodo
1073 602 1263 638 adversus
1295 602 1370 637 tria
1403 603 1506 638 mala

191 657 340 693 inventa
363 664 451 692 sunt
472 657 547 693 tria
571 658 681 702 bona,
711 659 855 694 scilicet
883 659 1088 695 elemosina
1121 667 1255 695 contra
1278 660 1506 707 avariciam,

191 715 368 750 ieiunium
413 722 547 750 contra
590 716 740 765 gulam,
787 717 917 752 oracio
962 725 1097 753 contra
1137 730 1275 753 vanam
1319 718 1507 768 gloriam.

192 773 266 809 Dic
299 772 426 808 nobis:
465 773 567 809 Ecce
599 773 775 809 ieiunium
817 782 952 810 contra
983 775 1120 824 gulam
1155 776 1267 822 venit,
1300 776 1387 824 quia
1421 788 1508 812 con-

138 831 355 866 1otrarium
380 838 435 866 est
458 831 633 866 ieiunium
666 831 772 881 gule,
806 840 841 867 et
872 833 1079 868 elemosina
1104 841 1238 869 contra
1262 834 1475 869 avariciam

74 892 153 934 387ο
191 889 375 935 convenit,
440 889 525 937 quia
583 889 757 925 avaricia
818 898 1050 940 congregat,
1113 891 1319 927 elemosina
1381 899 1506 927 autem

192 947 395 996 dispergit.
448 946 592 982 Oracio
636 954 761 982 autem
807 949 997 996 quomodo
1045 949 1220 984 convenit
1272 950 1324 984 ad
1367 962 1506 985 vanam

188 1004 393 1053 gloriam?
424 1004 566 1040 Audis:
600 1004 737 1040 Omnia
771 1006 873 1041 mala
904 1018 976 1054 que
1007 1014 1095 1042 sunt
1126 1007 1162 1042 in
1196 1007 1338 1042 mundo
1371 1007 1509 1043 habent

191 1062 389 1098 contraria
434 1063 531 1098 hona
572 1075 647 1111 per
690 1075 760 1111 que
797 1071 1040 1112 superentur,
1082 1072 1122 1099 ut
1154 1072 1249 1114 puta
1280 1065 1506 1113 sornicacio

137 1123 172 1155 15
190 1120 417 1166 castitatem,
450 1121 629 1168 superbia
653 1121 919 1167 humilitatem,
951 1122 1154 1158 iracundia
1177 1124 1505 1158 mansuetudinem

190 1185 224 1212 et
247 1178 391 1213 nullum
423 1186 477 1213 est
505 1178 649 1214 malum
675 1180 777 1226 quod
804 1192 877 1215 non
911 1180 1048 1215 habeat
1080 1181 1319 1216 contrarium
1353 1181 1503 1217 bonum.

191 1235 323 1271 Solum
356 1236 501 1271 malum
536 1249 633 1272 vane
668 1237 798 1286 glorie
836 1250 908 1273 non
949 1238 1060 1274 hahet
1092 1238 1331 1274 contrarium
1366 1239 1503 1275 bonum

184 1306 260 1341 per
301 1295 404 1341 quod
440 1301 657 1342 superetur.
704 1295 794 1330 Ideo
828 1296 1029 1343 quantavis
1068 1297 1164 1332 bona
1187 1297 1339 1344 seceris
1372 1297 1504 1332 volens
1528 1299 1647 1338 Specizgl
1670 1300 1785 1349 danger

190 1363 433 1399 compescere
466 1365 603 1387 vanam
637 1352 826 1402 gloriam,
859 1360 964 1388 tanto
997 1354 1126 1404 magis
1158 1355 1307 1390 excitas
1339 1367 1435 1397 eam,
1468 1362 1502 1390 et
1536 1334 1776 1409 Ogjggssnqfflfflg’

133 1419 175 1439 20
190 1421 305 1445 causa
340 1417 393 1445 est
426 1410 496 1445 ista
521 1411 623 1457 quod
654 1422 764 1446 omne
796 1411 939 1446 malum
974 1423 1025 1448 ex
1057 1413 1159 1447 malo
1193 1412 1387 1456 nascitur;
1418 1413 1500 1448 sola
1543 1404 1767 1474 ξιξᾩξῑξὲζᾟξοζξ]

188 1474 313 1502 autem
344 1480 441 1502 vana
468 1468 600 1517 gloria
625 1469 671 1503 de
694 1469 789 1505 hono
819 1470 1018 1517 procedit:
1050 1470 1136 1506 ideo
1160 1482 1232 1506 non
1256 1471 1502 1520 extinguitur
1608 1474 1700 1508 good.

183 1537 258 1572 per
290 1526 441 1569 bonum,
480 1526 548 1561 sed
587 1526 715 1576 magis
746 1527 928 1562 nutritur.
979 1528 1152 1576 Denique
1190 1528 1290 1563 inter
1329 1528 1502 1564 homines

182 1590 410 1630 peccatores
461 1584 664 1632 temptacio
723 1597 818 1620 vane
874 1586 1006 1635 glorie
1063 1598 1135 1621 non
1194 1587 1304 1621 habet
1363 1587 1499 1622 locum.

186 1640 443 1677 Fornicarius
493 1642 589 1677 enim
630 1650 696 1677 aut
742 1650 879 1691 raptor
917 1644 1107 1691 quomodo
1152 1651 1360 1692 temptetur
1404 1657 1502 1679 vana

132 1697 171 1728 25
186 1698 316 1748 gloria
356 1700 420 1746 qui
462 1712 533 1735 non
573 1700 683 1735 habet
722 1701 821 1736 unde
857 1701 1076 1750 glorietur,·
1119 1702 1178 1737 illi
1213 1709 1338 1737 autem
1380 1709 1502 1750 temp-

188 1756 373 1792 tacionem
444 1770 539 1793 vane
605 1758 735 1807 glorie
800 1759 1010 1807 paciuntur
1086 1760 1151 1807 qui
1219 1760 1295 1795 tale
1358 1760 1504 1808 aliquid

177 1814 346 1860 faciunt,
382 1816 480 1849 unde
511 1815 754 1865 glorientur:
797 1816 920 1866 igitur
953 1818 1100 1852 nullum
1135 1818 1346 1853 remedium
1376 1825 1503 1866 potest

188 1883 268 1907 esse
310 1880 444 1909 contra
497 1886 635 1908 vanam
686 1874 858 1924 gloriam
912 1875 986 1910 nisi
1027 1875 1157 1911 oracio
1201 1876 1298 1922 sola,
1350 1883 1384 1911 et
1435 1877 1502 1911 hec

187 1929 268 1977 ipsa
309 1931 513 1966 vanitatem
557 1939 723 1980 generat
767 1932 840 1967 nisi
876 1940 984 1969 caute
1021 1934 1292 1982 prospexeris,
1337 1934 1371 1969 si
1413 1934 1503 1969 bene

130 1989 171 2020 30
186 1988 375 2024 oraveris.

243 2045 330 2081 Alia
365 2046 500 2082 divisio
534 2047 568 2082 in
603 2047 689 2097 lege
720 2048 866 2096 scripta
906 2056 982 2084 est:
1021 2049 1107 2084 Non
1141 2049 1261 2085 intres
1293 2057 1381 2084 ante
1412 2061 1501 2085 con-

185 2111 355 2150 spectum
394 2104 556 2140 Domini
591 2106 667 2140 Dei
709 2106 765 2140 tui
808 2118 960 2142 vacuus.
1013 2107 1162 2142 Vacuus
1208 2114 1333 2142 autem
1382 2107 1501 2142 intrat

186 2168 272 2196 ante
306 2162 428 2197 Deum
462 2162 527 2209 qui
549 2163 700 2199 veniens
732 2164 784 2198 ad
816 2165 1032 2200 oracionem
1059 2165 1204 2199 nullam
1230 2166 1497 2215 elemosynam

175 2219 291 2266 facit.
328 2220 413 2255 Non
445 2221 570 2255 solum
605 2221 640 2256 in
675 2222 797 2257 veteri
827 2229 1053 2258 testamento
1085 2223 1153 2258 sed
1182 2223 1300 2258 eciam
1334 2222 1370 2257 in
1404 2235 1500 2259 novo

131 2276 169 2309 35
182 2277 412 2325 precipitur,
451 2285 492 2313 ut
518 2291 594 2327 per
630 2279 807 2328 singulas
844 2280 1078 2328 septimanas
1110 2281 1365 2328 unusquisque
1397 2281 1500 2315 clzri-

185 2334 334 2371 stianus
366 2336 504 2383 aliquis
536 2337 571 2371 in
604 2337 877 2389 gazofilacium
912 2338 1039 2373 mittat
1076 2339 1128 2373 ad
1160 2338 1377 2374 oracionem
1413 2351 1500 2374 ven-

187 2399 309 2439 turus,
353 2393 452 2429 sicut
495 2395 548 2429 ait
599 2394 828 2443 Apostolus:
891 2396 1155 2444 Unusquisque
1207 2403 1377 2432 vestrum
1426 2409 1502 2445 per

184 2450 340 2500 singula
378 2452 537 2487 sabbata
577 2453 678 2499 quod
716 2453 775 2488 illi
806 2454 999 2501 placuerit
1032 2455 1137 2503 apud
1167 2467 1207 2490 se
1240 2461 1414 2503 reponat,
1462 2461 1501 2488 ut

186 2520 259 2543 non
291 2521 375 2544 cum
410 2521 549 2546 venero
582 2517 670 2545 tunc
702 2511 861 2546 collecta
889 2511 972 2559 fiat.

254 2694 293 2722 18.
314 2696 359 2722 A:
380 2696 460 2723 bona
480 2696 568 2723 hona.
642 2704 684 2723 10.
700 2698 728 2724 A
742 2697 772 2724 in
789 2705 903 2731 marg:
924 2696 1004 2725 Nota
1019 2698 1103 2733 quod
1115 2706 1195 2724 vana
1208 2698 1316 2734 gloria
1332 2705 1392 2725 non
1407 2698 1498 2725 hahet

183 2730 385 2757 contrarium.
459 2730 497 2757 31.
518 2733 547 2758 A
567 2731 596 2758 in
618 2739 733 2767 marg:
753 2740 776 2759 1.
850 2732 896 2759 36.
919 2732 957 2759 B:
977 2733 1237 2768 gosoplzilacium.

254 2814 307 2845 31.
333 2814 445 2845 Exod.
471 2814 589 2854 ΧΧΙΙΙ,
617 2814 670 2846 25.
767 2816 820 2857 37.
848 2816 870 2846 1.
898 2816 977 2847 Cor.
1004 2816 1092 2855 XVI,
1120 2826 1150 2847 2.
