2003 3322
222 208 310 236 CAP.
334 200 430 252 xvi]
721 210 859 241 pRiMA
888 210 1013 240 PARS.
1776 205 1822 240 53

220 318 279 354 vel
303 317 530 367 corruptela
554 316 610 352 vix
635 325 701 352 aut
724 328 930 363 nunquam
955 316 1195 363 abstergitur
1222 316 1348 352 oculis
1376 318 1426 352 ad
1449 330 1535 364 spe—

221 376 353 411 culum
380 376 430 410 ad
455 376 581 410 Deum
606 373 775 410 faciliter
808 373 1059 412 intuendum.
1093 375 1184 410 Ideo
1210 373 1409 410 medicina
1431 375 1535 411 salu-

220 432 393 469 berrima
427 441 482 468 est
516 444 653 468 cavere
687 433 733 468 de
767 431 1070 468 condicionibus
1104 431 1336 468 huiusmodi
1369 445 1534 480 corrup-

219 491 354 535 telam,
389 489 482 538 quia
512 490 718 537 speculum
751 489 915 525 humani
951 489 1073 525 animi
1098 498 1227 537 potest
1262 489 1431 526 faciliter
1465 504 1535 538 per

186 554 202 586 5
218 549 341 585 levem
369 560 523 584 moram
547 547 588 583 in
611 547 881 584 delectacione
905 547 1085 584 criminis
1110 547 1314 595 indisponi
1338 549 1387 583 ad
1406 550 1531 584 Deum

217 605 387 642 faciliter
419 606 669 643 intuendum.
705 606 796 641 Ideo
820 605 983 653 quidam
1009 605 1209 653 sapientes
1235 606 1381 641 habent
1414 606 1533 642 istam

219 665 404 700 celestem
435 663 695 711 prudenciam
721 665 841 711 quod,
866 663 967 699 sicut
998 675 1070 699 nec
1092 663 1178 699 visu
1200 676 1272 700 nec
1305 675 1422 699 sensu
1455 664 1533 700 alio

217 721 293 758 nisi
327 730 606 758 momentanee
639 720 680 757 in
712 720 870 758 obiecto
903 720 1128 758 delectabili
1161 721 1444 768 immorantur,
1478 722 1533 758 sic

217 779 383 817 omnino
417 788 557 816 cavent
590 792 612 816 a
646 792 758 815 mora
803 779 960 815 diutina
1006 779 1162 815 virtutis
1208 780 1257 815 ad
1302 779 1406 816 intra
1441 793 1532 816 con-

164 837 458 886 1ocupiscibilis
504 837 543 873 in
588 837 723 885 aliquo
769 837 836 873 tali
875 837 1070 884 sensibili,
1110 846 1147 873 et
1187 838 1237 874 ad
1282 838 1356 874 hoc
1396 837 1532 874 iuvant

217 897 359 932 devota
391 894 540 941 oracio,
587 895 834 932 edificatoria
873 895 1092 943 occupacio
1138 904 1174 931 et
1207 897 1375 932 honesta
1409 896 1532 932 comi-

216 953 321 990 tacio
352 966 441 990 cum
472 952 545 989 sibi
568 953 786 999 similibus3
821 963 857 990 et
881 953 1017 989 omnia
1050 953 1125 989 ista
1149 966 1239 989 cum
1275 953 1409 989 multis
1444 954 1531 989 aliis

97 1014 178 1060 359¹³
216 1013 345 1049 adhuc
390 1011 504 1047 nobis
549 1011 1022 1058 incomprehensibilibus
1052 1007 1055 1064 Ι
1086 1012 1201 1047 docet
1247 1011 1427 1047 Christus
1461 1024 1531 1059 per

216 1070 291 1106 hoc
306 1071 469 1107 verbum
504 1068 724 1117 sapiencie:
758 1070 872 1105 Beati
903 1070 1044 1105 mundo
1084 1070 1213 1112 corde,
1247 1070 1423 1117 quoniam
1458 1070 1533 1118 ipsi

163 1132 198 1164 15
216 1128 341 1164 Deum
366 1128 556 1163 videbunt.
582 1128 695 1164 Unde
720 1126 885 1176 quidam
910 1126 1185 1175 imprudenter
1208 1126 1272 1163 hic
1297 1127 1528 1163 mussitant:
1564 1132 1716 1172 Question
1737 1133 1801 1170 idly

216 1185 256 1222 Si
290 1184 433 1234 aliquis
467 1186 667 1221 humanus
700 1184 861 1233 spiritus
896 1185 1001 1221 clare
1023 1185 1171 1221 videbit
1189 1187 1314 1221 Deum
1340 1185 1379 1221 in
1404 1185 1527 1222 beati·
1577 1167 1786 1230 ξῆζίῗξεῗὸῃξὲ

215 1244 351 1280 tudine
390 1252 481 1279 ante
520 1242 624 1279 diem
657 1242 813 1289 iudicii;
859 1252 896 1279 et
941 1243 1086 1279 dicitur
1129 1256 1275 1291 papam
1318 1256 1407 1279 cum
1448 1243 1528 1279 suis
1543 1237 1641 1264 saints
1660 1237 1750 1276 enqu
1770 1238 1821 1265 the

216 1301 479 1349 complicibus
502 1310 637 1337 tenere
661 1310 815 1349 partem
840 1301 1085 1348 negativam,
1120 1310 1156 1337 et
1180 1313 1223 1337 ex
1256 1302 1330 1337 hoc
1364 1301 1528 1349 capiunt
1554 1272 1808 1342 ffiagnggggsggffi

217 1359 332 1396 multi
367 1367 648 1406 argumentum
694 1358 873 1406 topicum
920 1360 1027 1407 quod
1072 1359 1120 1395 sit
1153 1359 1311 1403 falsum,
1353 1371 1444 1395 cum
1477 1346 1571 1395 sitto
1592 1341 1730 1404 hoifjletae?
1745 1342 1821 1369 false

159 1417 270 1453 2oeis
314 1416 531 1454 verisimile
577 1417 685 1464 quod
731 1425 858 1453 mater
910 1416 1070 1462 Christi,
1123 1417 1268 1453 Paulus
1316 1425 1352 1453 et
1397 1417 1526 1453 sancti

215 1475 335 1512 ceteri
374 1487 455 1511 non
488 1483 579 1511 sunt
611 1475 651 1510 in
684 1474 919 1523 purgatorio
964 1487 1090 1523 usque
1135 1477 1185 1511 ad
1230 1474 1332 1511 diem
1367 1474 1526 1519 iudicii;

215 1542 252 1569 et
292 1532 474 1570 carencia
512 1532 674 1569 visionis
721 1532 851 1569 divine
894 1532 1052 1569 videtur
1092 1545 1175 1569 esse
1220 1546 1300 1569 una
1334 1534 1382 1569 de
1416 1533 1527 1580 penis

215 1590 397 1627 maximis
422 1604 520 1639 quas
555 1592 758 1627 habebunt
789 1590 972 1627 homines
1004 1591 1270 1639 expurgandi3
1304 1591 1394 1627 ideo
1427 1591 1526 1627 veri-

213 1649 343 1686 simile
377 1658 434 1686 est
467 1650 574 1697 quod
607 1661 688 1685 non
721 1661 860 1685 omnes
893 1648 1056 1697 spiritus
1090 1648 1263 1697 separati
1298 1662 1320 1685 a
1354 1661 1526 1696 corpore

157 1711 196 1743 25
214 1708 417 1744 habebunt
451 1707 633 1755 equalem
670 1719 825 1743 moram
859 1706 899 1742 in
931 1706 1181 1755 purgatorio,
1216 1706 1367 1743 scilicet
1400 1720 1526 1756 usque

213 1766 261 1801 ad
296 1765 399 1801 diem
434 1764 571 1801 iudicii
596 1764 800 1811 inclusive,
836 1777 927 1801 cum
958 1764 1139 1801 Christus
1168 1764 1355 1813 promisit
1379 1765 1526 1801 latroni

212 1824 319 1871 quod
351 1824 423 1859 erit
454 1835 580 1859 secum
626 1823 738 1859 hodie
781 1823 816 1858 in
850 1823 1052 1871 paradiso,
1104 1822 1144 1858 id
1189 1832 1259 1869 est,
1305 1823 1345 1859 in
1391 1823 1526 1859 celesti

212 1881 371 1929 gaudio.
408 1882 494 1926 Que
529 1893 620 1928 ergo
654 1880 858 1917 evidencia
881 1880 1055 1929 negandi
1079 1882 1187 1929 quod
1221 1880 1385 1929 spiritus
1418 1881 1523 1917 beati

210 1938 400 1975 videbunt
433 1947 525 1975 ante
557 1939 662 1975 diem
696 1938 832 1975 iudicii
878 1941 1006 1975 Deum
1041 1940 1146 1975 clare
1179 1938 1218 1974 in
1251 1939 1395 1987 patria,
1430 1938 1523 1975 licet

156 2002 196 2034 30
211 2005 305 2033 tunc
337 1996 455 2033 fuerit
495 1998 566 2033 hec
599 1996 697 2034 visio
731 1997 944 2033 roborata?
992 1996 1166 2044 Spiritus
1213 2010 1305 2045 ergo
1338 1997 1523 2034 translati

211 2056 258 2091 de
290 2054 414 2091 limbo
454 2063 715 2103 penetrarunt
760 2055 889 2091 celum
936 2068 1025 2092 cum
1061 2054 1235 2102 Christo,
1282 2055 1375 2103 quia
1408 2056 1523 2103 plene

209 2112 370 2149 fuerunt
415 2121 564 2149 stantes
608 2113 648 2149 in
680 2113 927 2161 purgatorio,
969 2113 1062 2161 quia
1096 2112 1211 2149 aliter
1244 2113 1376 2149 anime
1410 2126 1523 2150 sanc-

211 2170 337 2207 ciores
371 2170 409 2206 in
443 2183 511 2218 spe
545 2172 632 2219 plus
677 2172 917 2219 languerunt
962 2183 1089 2219 usque
1134 2172 1184 2207 ad
1218 2170 1412 2207 iudicium
1448 2184 1521 2219 pro

212 2228 470 2275 beatitudine,
505 2237 541 2265 et
574 2229 629 2265 sic
658 2242 784 2277 usque
814 2231 863 2265 ad
892 2229 989 2265 illud
1018 2229 1149 2266 forent
1181 2228 1247 2265 ille
1277 2229 1411 2265 anime
1433 2230 1521 2277 plus

154 2285 249 2322 35in
280 2286 513 2334 purgatorio
547 2287 736 2334 cruciate,
782 2296 818 2323 et
850 2287 1027 2335 perirent
1059 2287 1223 2335 papales
1268 2287 1521 2335 indulgencie

210 2346 257 2380 de
290 2344 548 2381 absolucione
580 2358 601 2381 a
634 2357 736 2393 pena
769 2354 806 2381 et
840 2346 956 2393 culpa
981 2354 1016 2381 et
1041 2344 1374 2381 canonizaciones
1407 2358 1522 2382 sanc-

209 2410 342 2438 torum
377 2402 541 2439 ecclesie
574 2415 674 2450 quos
707 2404 849 2439 adorat
882 2402 1049 2439 ecclesia
1082 2412 1290 2450 tamquam
1324 2403 1363 2439 in
1397 2403 1520 2440 beati-

209 2460 361 2496 tudine.
387 2460 499 2496 Sicut
522 2472 614 2508 ergo
637 2460 799 2509 presciti
823 2469 915 2497 ante
939 2461 1044 2498 diem
1069 2460 1207 2497 iudicii
1233 2462 1521 2498 descenderant

278 2637 297 2655 1.
319 2628 436 2656 Codd.:
459 2629 520 2656 tela
530 2638 540 2661 ,·
560 2637 688 2664 corrup·
708 2629 803 2656 deest.
912 2628 937 2663 3,
959 2637 988 2661 4.
1009 2630 1054 2658 A:
1075 2633 1118 2657 est
1137 2645 1170 2649 —-
1191 2631 1396 2666 corruptelam
1417 2630 1517 2662 deest:

209 2663 333 2690 rectius:
355 2664 548 2698 corruptelis.
621 2664 646 2691 5.
667 2665 710 2691 A:
733 2665 833 2691 lenam
917 2665 944 2691 0.
964 2663 1079 2691 Codd.:
1102 2664 1233 2700 quidem.
1309 2674 1349 2692 10.
1365 2666 1409 2692 A:
1426 2666 1517 2692 alico.

210 2698 250 2725 16.
270 2699 299 2725 A
313 2699 342 2725 in
364 2706 477 2733 marg:
502 2698 624 2738 Queslio
644 2698 681 2725 de
699 2699 816 2725 visione
836 2699 924 2725 clara
945 2701 1018 2726 aute
1036 2700 1115 2726 diem
1136 2699 1253 2726 iudicii.
1327 2708 1366 2727 21.
1389 2701 1431 2727 A:
1446 2701 1517 2727 sint.

209 2739 252 2759 22.
273 2734 317 2760 A:
340 2733 466 2760 visionis
486 2733 590 2760 dzvine
611 2733 703 2760 deest.

281 2826 330 2857 14.
357 2815 475 2848 Matth.
501 2817 542 2856 V,
569 2815 601 2848 8.
698 2826 751 2859 27.
779 2817 893 2849 Lucae
918 2817 1034 2857 XXIII,
1060 2818 1116 2858 43.
