2003 3322
193 191 283 219 CAP.
303 182 401 236 X1v.]
665 193 879 225 sECUNDA
905 194 1032 225 PARS.

193 302 396 347 gregando
430 300 648 347 incongrue
683 300 723 335 in
756 300 907 347 populo
940 301 1000 336 vel
1050 300 1265 336 detinendo
1306 313 1424 336 avare
1459 314 1507 337 ne

194 357 514 394 communicetur
548 371 637 394 cum
678 358 867 394 fratribus
906 367 963 393 est
1002 368 1043 393 ut
1082 358 1139 394 sic
1177 357 1365 406 indignus
1399 359 1509 406 pasci

194 429 216 452 a
250 415 423 451 Domino
463 416 532 451 tali
576 428 690 463 pane.
736 415 904 451 Videtur
937 417 1046 463 quod
1078 415 1353 452 Mendicantes
1386 417 1508 453 validi

194 483 349 510 tantum
389 474 669 509 blasfemantes
714 473 753 509 in
789 476 916 509 Deum
951 483 987 510 et
1020 476 1256 510 seducentes
1298 486 1411 510 suam
1447 487 1509 511 ec-

161 535 176 566 5
195 531 354 567 elesiam
389 530 630 567 militantem
656 531 792 567 dicunt
816 532 913 567 false
938 540 974 567 et
998 531 1219 579 proditorie
1243 534 1326 568 Deo
1349 540 1507 569 nostro:

193 590 336 625 Panem
370 596 544 625 nostrum
577 589 811 625 cotidianum
847 590 895 625 da
928 589 1035 625 nobis
1068 590 1194 627 hodie.
1253 590 1367 626 Unde
1413 590 1510 626 false

193 648 369 683 illudunt
401 647 552 694 populo
587 647 764 683 dicentes
787 649 894 695 quod
928 647 1023 684 satis
1058 656 1117 683 est
1140 647 1379 683 distribuere
1404 649 1509 684 bona

194 705 265 741 Dei
311 705 439 741 eciam
480 705 555 752 ipsi
596 705 756 741 diabolo
797 718 887 741 cum
929 707 1006 741 hoc
1045 707 1154 753 quod
1193 705 1278 752 ipse
1324 714 1433 753 petat
1473 716 1510 742 et

193 763 431 799 distributor
464 763 677 799 distribuat
711 763 751 798 in
784 763 948 799 nomine
971 765 1062 799 Jesu
1087 763 1249 810 Christi,
1283 772 1379 799 tune
1404 764 1507 800 enim

140 836 177 856 10
191 822 294 857 foret
334 821 521 857 doctrina
554 822 701 857 Christi
742 821 946 868 superflua
980 823 1085 857 Luce
1118 823 1216 866 XIV,
1263 830 1300 857 et
1336 822 1510 858 Mendici

192 879 313 915 validi
360 879 534 915 maiores
575 879 758 927 ypocrite
804 888 992 926 raperent
1037 881 1143 915 bona
1188 892 1414 927 pauperum
1463 882 1510 916 de

192 937 312 973 fatuis
362 937 458 984 ipsis
510 937 779 986 credentibus,
835 946 871 972 et
918 937 1067 984 policia
1118 949 1239 985 quam
1288 936 1398 974 racio
1449 939 1510 974 vel

192 995 373 1031 Christus
407 995 578 1031 instituit
609 995 822 1042 deperiret,
858 1008 948 1030 cum
984 1007 1074 1042 pars
1106 995 1254 1031 diaboli
1278 995 1319 1031 in
1343 1005 1509 1043 peccato

193 1052 356 1089 caucior
395 1055 618 1089 destrueret
661 1055 842 1089 membra
882 1052 1043 1091 Christi.
1093 1052 1210 1089 Talia
1249 1062 1340 1089 sunt
1381 1054 1509 1090 multa

138 1114 173 1145 15
192 1112 427 1158 blasphema
468 1111 679 1147 mendacia
720 1111 918 1147 seminata
959 1124 1029 1158 per
1066 1112 1139 1147 hos
1181 1123 1306 1147 novos
1346 1111 1508 1147 ordines

192 1178 228 1204 et
266 1168 325 1205 vix
364 1169 509 1217 aliquis
549 1170 670 1205 audet
710 1182 783 1217 pro
821 1169 1057 1205 fortitudine
1097 1169 1221 1217 partis
1264 1171 1428 1206 adverse
1468 1182 1508 1206 se

191 1227 322 1274 ipsum
356 1240 553 1275 exponere
586 1228 646 1263 vel
680 1228 894 1263 defendere
928 1227 1171 1264 catholicam
1205 1227 1428 1264 veritatem.

694 1384 833 1426 CAP.
865 1385 1000 1427 XIV.

250 1481 439 1529 Sequitur
477 1482 518 1517 in
556 1490 664 1517 textu
705 1481 917 1529 evangelii:
964 1482 1016 1517 Et
1049 1482 1198 1517 dimitte
1235 1482 1343 1518 nobis
1376 1482 1504 1517 debita

135 1554 176 1574 20
191 1546 336 1586 nostra,
368 1539 466 1575 sicut
501 1547 534 1576 et
566 1552 632 1575 nos
656 1539 882 1575 dimittimus
912 1540 1147 1575 debitoribus
1179 1540 1333 1575 nostris.
1375 1541 1505 1587 Super

191 1610 271 1645 quo
295 1597 558 1645 Augustinus:
593 1598 732 1634 Debita
760 1605 921 1646 peccata
955 1598 1031 1633 dici
1062 1598 1310 1646 manifestum
1339 1605 1416 1642 est;
1445 1598 1505 1633 vel

190 1656 256 1691 illo
295 1657 396 1703 quod
433 1656 486 1690 ait
524 1656 622 1691 idem
657 1656 869 1691 Dominus:
908 1656 994 1691 Non
1036 1656 1142 1691 exies
1180 1656 1267 1691 inde
1311 1667 1505 1704 quousque

191 1713 407 1749 exsolveris
430 1714 679 1749 novissimum
704 1714 974 1762 quadrantem,
1010 1714 1070 1749 vel
1097 1714 1163 1749 illo
1188 1714 1289 1762 quod
1312 1714 1504 1752 debitores

189 1771 401 1820 appellavit
432 1772 496 1819 qui
526 1772 560 1807 ei
590 1772 760 1807 nunciati
794 1779 881 1807 sunt
921 1772 1091 1817 extincti,
1133 1772 1193 1806 vel
1230 1772 1341 1806 ruina
1380 1772 1505 1807 turris

133 1829 250 1864 2511el
282 1841 444 1877 quorum
479 1830 706 1879 sanguinem
740 1829 923 1866 Herodes
955 1830 1106 1865 miscuit
1142 1829 1349 1879 sacrificio.
1390 1829 1505 1865 Dixit

189 1887 287 1922 enim
327 1894 469 1936 putare
512 1887 684 1923 homines
721 1888 823 1935 quod
870 1888 928 1923 illi
966 1888 1071 1922 ultra
1115 1888 1270 1923 modum
1311 1887 1504 1923 debitores

178 1945 337 1994 fierent,
378 1945 417 1980 id
455 1953 509 1981 est
544 1953 785 1994 peccatores,
826 1953 861 1980 et
898 1945 1069 1980 addidit:
1108 1946 1228 1981 Amen
1264 1945 1348 1981 dico
1382 1945 1500 1988 vobis,

190 2003 262 2038 nisi
299 2003 553 2051 penitenciam
600 2004 759 2053 egeritis
801 2003 982 2039 similiter
1025 2003 1255 2040 moriemini.
1309 2003 1395 2038 Non
1441 2003 1502 2038 hic

189 2073 285 2110 ergo
318 2061 474 2109 quisque
506 2069 672 2111 urgetur
699 2061 901 2110 pecuniam
936 2061 1130 2097 dimittere
1153 2061 1399 2106 debitoribus,
1433 2061 1502 2097 sed

133 2128 174 2159 30
189 2131 405 2167 quecunque
437 2119 472 2154 in
505 2132 588 2155 eum
622 2119 721 2155 alius
753 2119 984 2168 peccaverit.
1018 2120 1119 2154 Nam
1144 2119 1347 2167 pecuniam
1372 2119 1499 2154 dimit-

189 2183 270 2212 tere
307 2177 373 2212 illo
402 2177 539 2225 pocius
576 2178 753 2212 iubemur
780 2184 964 2226 precepto
997 2178 1100 2225 quod
1137 2177 1315 2226 superius
1354 2177 1498 2212 dictum

189 2242 263 2270 est:
307 2234 350 2269 Si
386 2235 469 2282 quis
507 2235 574 2270 tibi
609 2235 776 2270 tunicam
818 2234 956 2270 tollere
1000 2235 1164 2270 voluerit
1207 2242 1242 2270 et
1280 2234 1315 2269 in
1360 2234 1499 2270 iudicio

188 2299 310 2328 tecum
344 2293 585 2335 contendere,
620 2293 767 2328 dimitte
798 2293 833 2328 ei
863 2300 898 2328 et
925 2293 1104 2341 pallium.
1140 2292 1220 2328 Nec
1252 2292 1321 2327 tibi
1350 2304 1502 2328 necesse

188 2357 244 2385 est
287 2350 392 2385 omni
429 2350 655 2399 pecuniario
696 2350 862 2386 debitori
899 2350 1091 2386 dimittere
1130 2350 1310 2396 debitum,
1357 2350 1427 2386 sed
1469 2350 1504 2385 ei

131 2415 171 2449 35
188 2408 252 2456 qui
283 2408 450 2444 reddere
487 2408 666 2452 noluerit,
706 2409 741 2443 in
775 2416 922 2444 tantum
962 2408 1081 2444 eciam
1122 2416 1161 2443 ut
1201 2408 1290 2444 velit
1328 2408 1498 2458 litigare.

257 2587 283 2615 8.
296 2588 442 2623 Azpetel.
518 2595 554 2614 12.
569 2588 612 2614 A:
627 2588 813 2622 tampolicia
828 2596 930 2623 quam.
1005 2587 1355 2623 19.Bi111narg.:Xlll;
1375 2588 1413 2614 ib.
1428 2589 1456 2615 A
1468 2588 1499 2614 in

187 2630 299 2657 marg:
324 2622 436 2657 Quinta
453 2623 578 2657 peticio.
652 2630 690 2649 21.
713 2623 740 2649 A
760 2623 790 2649 in
813 2630 926 2657 marg:
948 2623 1149 2659 Augustinus.
1224 2629 1269 2656 24.
1285 2624 1329 2649 A:
1345 2623 1499 2650 nunciate.

262 2715 310 2747 19.
338 2705 456 2736 Matth.
482 2706 538 2745 VI,
571 2715 618 2736 12.
717 2715 768 2736 20.
796 2706 855 2736 sti.
883 2706 1065 2747 Augustini
1092 2706 1143 2737 De
1169 2716 1331 2737 sermone
1357 2705 1498 2736 Domini

189 2752 220 2782 in
248 2758 377 2790 monte,
404 2751 423 2782 l.
444 2762 470 2783 c.
491 2762 523 2793 p.
543 2762 619 2783 211.
717 2761 768 2782 22.
797 2751 915 2782 Matth.
936 2753 976 2791 V,
998 2751 1049 2784 26.
1148 2762 1200 2792 24.
1229 2752 1344 2783 Lucae
1362 2752 1447 2791 XIII,
1471 2762 1497 2783 1.

191 2807 242 2839 27.
270 2798 384 2828 Lucae
410 2798 464 2838 111,
494 2797 522 2829 5.
620 2799 672 2831 32.
699 2797 815 2829 Matth.
845 2799 884 2838 V,
910 2808 965 2838 40,

1297 2856 1358 2890 10³*

1719 198 1793 235 291

1563 1489 1754 1523 Augustine:

1546 1523 1589 1558 By
1609 1523 1719 1563 ‘debt's’
1740 1524 1766 1550 is

1551 1563 1653 1585 meant
1673 1567 1748 1586 slnS.

1560 2065 1619 2093 We
1639 2075 1689 2094 are
1709 2072 1740 2094 to

1566 2101 1684 2135 forgive
1704 2102 1741 2129 all

1589 2134 1722 2163 offences

1560 2170 1681 2205 against
1699 2180 1745 2198 us.
