2003 3322
183 235 261 279 246
876 241 995 274 opus
1020 242 1354 273 EVANGELICUM
1604 231 1711 285 [CAP.
1731 240 1782 267 111.

469 348 528 384 vel
551 356 716 396 propter
738 357 1014 396 surrepentem
1039 349 1157 385 talem
1183 348 1414 396 superbiam
1440 348 1591 385 diaboli
1615 349 1781 386 omnino

470 405 658 442 omittere
691 407 841 442 bonum
876 418 1004 454 agere.

233 471 301 500 Stin
322 478 418 510 more·
527 463 567 499 Si
600 463 723 511 igitur
756 463 796 499 in
828 463 1017 511 operibus
1051 463 1165 500 bonis
1190 466 1236 500 de
1261 476 1404 512 genere
1427 464 1549 500 lateat
1572 473 1782 512 peccatum

189 506 357 577 daglffisy‘ss
372 513 441 567 ἵξῃ]
468 521 598 557 inanis
631 521 770 569 glorie,
805 530 957 570 quanto
992 522 1118 570 magis
1151 522 1191 558 in
1223 522 1412 570 operibus
1436 522 1683 558 secularibus
1706 535 1783 571 que

207 580 423 603 tournaments
468 589 558 615 sunt
600 580 705 616 mala
738 580 785 615 de
818 592 974 627 genere,
1017 588 1058 615 ut
1097 580 1137 616 in
1178 580 1403 616 hastiludiis
1442 589 1479 616 et
1519 580 1816 616 tornamentis5

190 610 435 672 anchsecrlgpslgbsnc
469 637 656 683 militum,
702 637 742 673 in
776 636 1122 685 disputacionibus
1157 646 1193 674 et
1227 637 1381 674 actibus
1415 638 1636 674 scolasticis
1670 638 1783 674 cleri-

468 708 619 731 corum.
668 698 748 731 Nec
788 696 906 732 habet
945 695 1247 732 excusacionem
1284 697 1359 732 hoe
1391 697 1555 732 verbum
1590 696 1726 732 fictum
1761 709 1783 732 a

468 753 650 800 pluribus
701 755 809 801 quod
863 767 905 790 ex
961 754 1107 790 talibus
1153 753 1344 802 operibus
1388 755 1537 790 nedum
1585 754 1782 802 contingit

468 811 623 847 evenire
663 813 731 847 sed
764 811 928 848 veniunt
963 812 1089 847 multa
1122 813 1239 857 bona,
1286 811 1380 860 quia
1413 815 1469 851 (ut
1501 824 1593 860 sepe
1628 812 1781 848 dictum

467 874 538 915 est)
573 869 628 905 sic
652 869 837 905 eveniunt
861 882 905 906 ex
929 869 1199 918 temptacione
1223 869 1373 906 diaboli
1397 869 1530 917 gracia
1554 869 1780 915 adiuvante,
1803 882 1840 903 10

467 936 503 963 et
535 936 671 964 tamen
705 927 890 964 diabolus
914 936 1054 975 peccat
1086 928 1259 975 graviter
1281 927 1337 964 sic
1360 929 1608 975 temptando.
1638 928 1782 964 Videat

466 998 561 1033 ergo
596 985 723 1021 fidelis
756 985 787 1022 si
821 985 860 1021 in
894 994 978 1022 tota
1012 985 1088 1022 fide
1130 985 1329 1034 scripture
1373 986 1463 1022 talis
1507 985 1696 1033 operacio
1744 995 1781 1022 et

466 1043 596 1079 laudis
650 1043 874 1092 adquisicio
928 1043 1123 1091 implicite
1174 1044 1234 1080 vel
1288 1043 1470 1091 explicite
1524 1043 1573 1080 sit
1625 1045 1779 1081 edocta.

466 1101 649 1138 Christus
682 1101 788 1137 enim
828 1102 988 1138 edocuit
1033 1114 1124 1138 suos
1176 1102 1381 1149 apostolos
1430 1114 1513 1138 non
1564 1102 1779 1139 exercitare

466 1172 505 1195 se
538 1159 578 1195 in
611 1159 757 1196 talibus
791 1159 904 1196 factis
937 1159 1177 1207 scolastici53
1212 1169 1249 1196 et
1272 1169 1407 1196 tamen
1431 1172 1572 1196 eorum
1597 1160 1780 1197 doctrina
1800 1161 1836 1192 15

464 1217 538 1253 fuit
583 1217 782 1254 salubrior
820 1226 858 1254 et
897 1217 1062 1254 ecclesie
1104 1217 1350 1254 fructuosior
1389 1230 1509 1266 quam
1550 1218 1779 1266 predicacio

466 1275 676 1312 cuiuslibet
710 1276 916 1323 graduati3
950 1276 1040 1312 ideo
1073 1288 1154 1312 non
1187 1284 1246 1312 est
1277 1275 1351 1312 nisi
1387 1275 1593 1312 excusacio
1625 1276 1666 1312 in
1689 1288 1780 1324 pec-

467 1341 556 1369 cato
603 1334 709 1381 quod
759 1334 923 1382 quidam
967 1346 1006 1370 se
1047 1334 1201 1382 fingunt
1239 1334 1339 1370 velle
1378 1334 1512 1370 taliter
1551 1333 1780 1382 magistrari

464 1400 507 1426 ut
539 1393 704 1427 verbum
739 1391 920 1428 auditum
956 1393 1004 1428 ab
1038 1391 1092 1428 eis
1126 1393 1271 1428 habeat
1294 1392 1382 1440 plus
1406 1392 1569 1428 honoris
1593 1401 1631 1429 et
1653 1392 1782 1429 sciant

467 1449 668 1485 efficacius
707 1450 866 1486 obviare
907 1450 1103 1487 hereticis.
1149 1453 1252 1486 Nam
1286 1450 1363 1486 vite
1396 1450 1587 1486 sanctitas
1620 1449 1659 1486 in
1692 1463 1780 1498 pre·
1798 1459 1839 1480 20

465 1506 623 1543 dicante
664 1508 753 1555 plus
793 1508 1035 1545 honorificat
1074 1517 1111 1544 et
1150 1520 1376 1544 sermonem
1411 1520 1527 1544 suum
1561 1508 1781 1545 autenticat

465 1578 586 1613 quam
621 1567 767 1613 gradus
800 1566 945 1615 aliquis
980 1566 1235 1613 magistralis,
1271 1575 1306 1602 et
1341 1566 1525 1603 doctrina
1557 1565 1780 1615 apostolica

464 1636 546 1659 non
587 1623 845 1661 contenciosa
884 1626 951 1660 sed
984 1621 988 1676 Ι
1018 1624 1232 1661 devitativa
1272 1625 1359 1672 plus
1399 1624 1560 1672 proficit
1598 1626 1648 1661 ad
1687 1637 1780 1661 con·
1820 1623 1900 1656 3800

465 1681 704 1717 vincendum
760 1682 978 1719 hereticum
1039 1695 1159 1731 quam
1225 1691 1583 1730 quantumcunque
1627 1682 1780 1730 prolixa

464 1739 691 1787 disputacio
725 1749 1085 1788 quantumcunque
1119 1739 1237 1776 fuerit
1271 1740 1470 1788 capciosa.
1797 1740 1836 1771 25

234 1814 343 1842 Limits
364 1816 399 1842 of
523 1798 599 1833 Sed
645 1797 708 1833 hic
753 1798 979 1846 regarriunt
1032 1797 1192 1846 superbi
1246 1797 1519 1846 improbantes
1572 1798 1777 1835 racionem

234 1850 386 1919 ῗξξῐῗῧῖξ
464 1854 601 1892 istam:
647 1858 735 1892 Non
768 1856 987 1904 (inquiunt)
1024 1856 1169 1904 legitur
1201 1858 1308 1904 quod
1342 1856 1514 1904 apostoli
1554 1857 1779 1893 habuerunt

464 1922 584 1961 caput
623 1922 659 1950 et
693 1915 836 1950 barbas
877 1927 999 1960 rasas,
1040 1914 1142 1950 sicut
1175 1927 1247 1950 nos
1280 1914 1443 1958 utimur,
1484 1926 1557 1950 nec
1596 1914 1778 1951 dixerunt

462 1972 581 2008 horas
604 1971 832 2019 canonicas,
866 1981 909 2008 ut
932 1985 1004 2008 nos
1027 1972 1209 2018 facimus,
1242 1985 1315 2009 nec
1339 1980 1547 2009 servarunt
1568 1972 1776 2018 ieiunium,

461 2029 697 2066 vestimenta
730 2030 789 2066 vel
824 2030 921 2067 ritus
969 2030 1009 2066 in
1048 2031 1302 2075 celebrando,
1344 2030 1444 2067 sicut
1483 2043 1556 2067 nos
1595 2030 1776 2076 facimus,
1794 2041 1835 2063 20

462 2099 556 2135 ergo
589 2088 726 2124 omnia
759 2088 855 2124 talia
888 2098 979 2124 sunt
1012 2088 1163 2125 illicita.

519 2145 617 2191 Quis
656 2147 797 2182 stultus
830 2147 956 2183 nescit
989 2146 1087 2195 quin
1119 2146 1224 2183 istud
1264 2159 1345 2182 non
1378 2146 1580 2194 sequitur?
1613 2147 1681 2182 sed
1713 2145 1777 2182 hic

461 2212 620 2251 oportet
671 2204 828 2241 fidelem
882 2213 1024 2241 notare
1075 2204 1281 2241 humiliter
1332 2204 1519 2253 capcioso
1567 2205 1775 2253 quomodo

461 2262 595 2309 aliqua
628 2271 719 2298 sunt
752 2264 869 2299 docta
901 2262 1095 2311 implicite
1129 2263 1168 2298 in
1201 2276 1271 2299 sua
1304 2262 1435 2310 specie
1468 2263 1527 2299 vel
1562 2275 1633 2299 suo
1666 2262 1774 2310 prin-

461 2319 566 2368 cipio
600 2329 637 2356 et
669 2320 803 2369 aliqua
836 2320 1017 2369 explicite
1050 2320 1090 2357 in
1122 2333 1194 2357 suo
1227 2321 1450 2357 individuo.
1484 2323 1597 2357 Tunc
1630 2320 1776 2356 dicitur
1792 2320 1831 2353 35

460 2379 568 2425 quod
614 2378 822 2426 supposita
861 2391 1101 2428 quacunque
1141 2378 1210 2414 tali
1250 2379 1468 2415 cerimonia
1506 2379 1684 2415 virtuosa
1715 2379 1776 2414 vel

458 2434 566 2472 licita
591 2436 658 2472 illa
680 2436 753 2472 fuit
776 2438 895 2473 docta
918 2449 989 2485 per
1013 2437 1218 2485 apostolos
1252 2437 1291 2473 in
1324 2449 1395 2474 suo
1424 2436 1637 2484 principio.
1671 2438 1772 2472 Nam

457 2492 488 2529 si
523 2493 765 2542 principium
799 2495 873 2531 fuit
906 2495 1030 2531 Paulo
1054 2496 1161 2543 quod
1185 2495 1322 2531 omnia
1345 2496 1565 2531 secundum
1588 2490 1773 2531 ordinem

459 2550 569 2597 fiant,
603 2553 699 2588 dum
732 2553 829 2589 tales
863 2552 962 2589 ritus
995 2553 1141 2589 fuerint
1174 2552 1364 2599 ordinati,
1399 2554 1593 2589 docentur
1626 2552 1667 2588 in
1698 2552 1802 2588 isto·

457 2609 668 2658 principio.
1786 2613 1831 2643 40

529 2775 568 2793 10.
590 2767 633 2794 A:
666 2771 774 2795 evenit.
885 2778 926 2803 14·
949 2768 987 2796 B.-
1018 2769 1132 2796 docuit.
1244 2776 1284 2802 io.
1307 2768 1345 2795 13:
1378 2768 1516 2795 auditum
1543 2768 1580 2794 ab
1606 2768 1650 2794 eis
1676 2767 1769 2794 deest.

458 2799 499 2828 23.
522 2802 566 2829 A:
588 2802 626 2828 a'e
645 2802 826 2830 devz'lativa.
930 2805 975 2830 ab>
999 2805 1025 2831 A
1046 2804 1075 2830 in
1098 2811 1212 2839 marg.:
1237 2803 1389 2831 Obieccio.
1494 2810 1539 2834 20.
1562 2803 1608 2830 A:
1628 2802 1771 2829 [eminam

457 2836 524 2868 (sic)
547 2837 659 2863 vestim
680 2838 869 2864 vestimenta.
973 2837 1014 2865 32.
1039 2839 1065 2865 A
1087 2838 1116 2865 in
1139 2846 1251 2873 marg:
1274 2838 1452 2873 Responsio.
1514 2835 1519 2837 “
1551 2836 1597 2871 34.
1619 2837 1657 2863 B:
1682 2838 1771 2864 docta

456 2871 547 2897 deest.
622 2870 664 2906 37.
687 2873 729 2899 A:
750 2880 806 2899 suo
828 2873 919 2900 deest.
