2003 3322
131 230 140 253 1
159 229 204 252 10
823 223 942 255 OPUS
968 224 1307 256 EVANGELICUM
1488 212 1596 267 [CAP.
1619 218 1728 246 XXXI-

139 339 206 367 The
228 338 333 376 bushe!
355 337 380 365 is
472 330 630 366 Modius
663 339 797 366 autem
831 339 888 366 est
910 339 1012 367 tetra
1035 330 1319 378 temporalium
1343 329 1618 377 obumbracio,
1650 330 1730 367 sive

138 374 379 442 thgfiffifietgffig
415 388 534 424 fuerit
587 389 766 425 seculare
819 388 1045 424 dominium
1100 390 1209 436 quod
1256 391 1361 425 Deus
1414 387 1600 436 prohibet
1651 388 1730 424 sive

144 441 378 504 facc‘gs‘ffegvgifffl
415 446 613 494 possessio
646 445 934 494 temporalium
969 446 1179 483 excessiva.
1215 447 1315 482 Cum
1341 459 1433 494 ergo
1456 446 1613 483 Veritas
1637 445 1733 482 dicit

175 512 342 539 overmuch
417 504 480 540 hic
514 516 696 552 expresse
737 505 844 553 quod
885 517 994 540 nemo
1034 504 1207 540 accendit
1246 505 1299 540 sic
1332 505 1528 541 lucernam
1562 511 1597 540 et
1624 504 1730 553 ponit

201 547 321 574 wealth.
416 575 498 599 eam
532 563 600 599 sub
634 563 775 606 modio,
822 575 911 598 cum
948 562 1132 599 Christus
1164 575 1244 598 non
1276 561 1331 598 sic
1364 562 1456 599 fecit
1488 562 1528 598 in
1562 562 1766 609 persona5

416 620 595 669 propria,
643 620 801 658 videtur
846 621 955 668 quod
1002 633 1084 657 non
1128 620 1221 656 licet
1267 620 1386 656 alicui
1432 619 1585 656 homini
1632 619 1733 656 citra

416 678 635 716 Dominum
678 680 754 715 hoc
786 687 998 727 temptare,
1045 679 1113 715 sed
1157 678 1297 726 pocius
1336 678 1494 715 videtur
1531 679 1640 726 quod
1684 677 1734 714 sit

417 738 464 773 de
486 737 693 774 voluntate
716 736 881 773 Domini
913 737 1077 773 lucerna
1110 736 1299 773 existente
1331 738 1403 772 sub
1438 736 1574 773 modio
1608 744 1645 772 et
1677 736 1734 772 sic

415 794 456 831 in
505 795 658 831 lumine
703 796 945 831 obumbrata
998 807 1231 831 ammovere
1285 795 1390 830 hunc
1443 794 1638 840 modium,
1690 802 1735 830 ut

416 854 581 890 lucerna
613 853 738 890 libere
778 854 909 890 luceat
948 854 999 890 ad
1039 854 1265 901 exemplum
1306 852 1471 890 ecclesie
1510 851 1733 889 militantis.
1755 859 1793 881 10

152 918 246 947 Some
266 925 375 944 excuse
475 914 556 948 Nec
595 912 698 948 valet
731 911 939 948 excusacio
978 911 1018 947 in
1058 911 1234 959 peccatis
1274 924 1353 959 qua
1392 910 1556 959 quidam
1598 909 1735 946 dicunt

125 953 403 1024 ὃᾶξῗῃῗῃῧῗὲζῇἦῖςμ
418 971 527 1019 quod
560 982 642 1006 non
674 971 823 1006 habent
855 970 1063 1006 lucernam
1098 982 1323 1015 accensam,
1369 969 1464 1018 quia
1505 968 1640 1005 deficit
1680 968 1734 1005 eis

169 1023 360 1057 knowledge.
417 1029 555 1064 lumen
587 1027 770 1064 sciencie.
806 1027 954 1064 Prelati
993 1027 1157 1076 quidem
1197 1027 1264 1075 qui
1304 1040 1346 1063 ex
1379 1039 1449 1064 ore
1482 1026 1647 1075 proprio
1680 1026 1735 1063 sic

419 1088 643 1134 dampnant
675 1099 714 1122 se
747 1086 856 1134 ipsos
891 1087 1036 1122 debent
1069 1085 1337 1134 adquisicioni
1370 1085 1460 1122 talis
1484 1085 1583 1121 lucis
1607 1084 1735 1121 inten-

419 1146 511 1181 dere
552 1152 590 1180 et
628 1153 671 1180 ut
711 1145 885 1181 habeant
925 1144 1052 1192 ipsam
1095 1158 1117 1181 a
1156 1145 1241 1180 Deo
1280 1156 1320 1180 se
1360 1142 1468 1191 ipsos
1508 1140 1792 1191 disponere.15

419 1204 497 1239 Sed
530 1202 628 1239 fides
660 1202 858 1250 scripture
891 1203 1008 1238 docet
1032 1204 1140 1251 quod
1173 1201 1330 1238 modius
1364 1201 1530 1249 eclipsat
1558 1214 1626 1237 vas
1664 1201 1736 1237 sub

126 1265 338 1306 Theyshould
357 1260 506 1309 getipso
539 1260 610 1296 tali
644 1260 934 1297 illustracione.
988 1262 1082 1297 Ideo
1129 1269 1172 1296 ut
1218 1259 1330 1308 prius
1375 1260 1736 1307 superhabundans

152 1306 377 1372 gossjstififfifffi’
421 1318 539 1367 copia
571 1318 856 1366 temporalium
890 1319 951 1355 vel
983 1319 1162 1355 seculare
1196 1317 1420 1354 dominium
1445 1318 1563 1353 debet
1586 1316 1738 1365 specia-

136 1371 329 1433 whicllimtftiitey
349 1377 399 1397 are
421 1376 510 1413 liter
543 1390 565 1413 a
598 1376 872 1425 superioribus
906 1376 1062 1413 cler1cis
1095 1376 1317 1413 ammoveri
1350 1377 1419 1412 sed
1453 1372 1575 1411 modo
1600 1374 1738 1411 dicunt

420 1444 465 1471 ut
497 1434 567 1471 filii
601 1434 750 1471 diaboli
784 1435 857 1471 sibi
890 1434 987 1482 ipsis
1021 1434 1212 1471 contrarii
1237 1435 1345 1482 quod
1368 1434 1507 1470 volunt
1529 1445 1737 1470 remanere
1756 1442 1797 1463 20

421 1493 461 1529 in
492 1492 563 1529 tali
595 1492 730 1529 officio
764 1506 845 1529 non
877 1494 1063 1529 obstante
1091 1494 1200 1541 quod
1233 1505 1276 1529 ex
1309 1492 1427 1540 culpa
1450 1491 1615 1540 propria
1648 1500 1739 1527 sunt

422 1550 560 1599 inepti.
606 1553 803 1588 Deserant
847 1551 984 1600 itaque
1027 1552 1077 1588 ad
1125 1550 1339 1587 minimum
1393 1562 1543 1586 nomen
1592 1549 1738 1586 falsum

422 1609 512 1645 talis
546 1609 668 1645 officii
700 1610 761 1646 vel
800 1609 1010 1646 intendant
1049 1609 1161 1657 operi
1201 1610 1309 1657 quod
1347 1609 1570 1644 secundum
1611 1608 1738 1655 legem

423 1667 494 1703 Dei
527 1668 675 1703 faceret
709 1667 891 1703 homines
925 1667 964 1703 in
997 1667 1066 1703 tali
1101 1667 1235 1703 officio
1268 1666 1510 1714 promoveri.
1756 1675 1796 1707 25

147 1733 213 1762 Still
234 1740 335 1759 worse
355 1731 380 1758 is
481 1727 529 1761 Et
562 1725 822 1762 conformiter
854 1734 946 1761 sunt
979 1724 1162 1761 homines
1193 1724 1361 1761 infames
1385 1737 1481 1760 excu
1506 1720 1509 1776 Ι
1535 1732 1667 1760 santes
1700 1735 1740 1759 se
1780 1733 1860 1767 366ιὶ

158 1767 378 1838 ῖξξθξιὲἒςξιξξῒ
423 1783 464 1819 in
487 1784 663 1820 secunda
689 1783 951 1820 excusacione
984 1782 1135 1819 diaboli
1169 1782 1418 1819 exsufflandi.
1453 1782 1600 1818 Dicunt
1633 1781 1739 1817 enim

182 1837 354 1899 ὲῖξξῐῑίῖὲυξζ
423 1841 589 1889 quidam
613 1841 756 1889 prelati
780 1843 888 1890 quod
912 1841 1084 1889 pertinet
1114 1854 1186 1878 suo
1220 1840 1341 1877 statui
1374 1849 1411 1876 et
1444 1853 1512 1876 sue
1545 1838 1740 1875 industrie

424 1900 572 1936 habere
602 1899 762 1948 copiam
786 1899 1086 1948 temporalium,
1111 1908 1154 1935 ut
1177 1899 1264 1947 ipsa
1288 1898 1529 1934 distribuant
1551 1897 1738 1934 virtuose.

424 1959 501 1993 Sed
546 1959 728 1994 attendat
772 1957 970 1994 hereticus
1016 1956 1249 1994 balbuciens
1292 1958 1498 2005 quomodo
1544 1954 1740 2000 Christus,
1758 1957 1800 1989 30

424 2015 630 2063 sapiencia
659 2015 730 2052 Dei
764 2016 901 2064 patris,
937 2015 1005 2063 qui
1039 2015 1227 2063 cognovit
1260 2015 1375 2063 plene
1415 2014 1510 2063 quid
1549 2013 1623 2049 fuit
1654 2025 1743 2061 per-

423 2073 554 2110 tinens
594 2074 715 2110 statui
756 2073 851 2110 cleri
890 2073 949 2109 sui
989 2073 1183 2110 ammovit
1222 2073 1296 2109 ista
1336 2086 1357 2109 a
1398 2085 1438 2109 se
1472 2072 1558 2120 ipso
1592 2080 1629 2107 et
1662 2070 1743 2107 suis

425 2132 637 2179 apostolis3
683 2131 774 2168 ideo
822 2145 903 2168 non
948 2131 1113 2167 dubium
1148 2131 1247 2179 quin
1285 2132 1384 2167 tales
1424 2130 1601 2167 dicentes
1635 2130 1743 2177 quod

425 2189 500 2225 ista
532 2190 775 2237 temporalia
807 2189 916 2237 ipsos
949 2202 1028 2225 non
1072 2189 1297 2237 impediunt
1337 2202 1358 2225 a
1398 2187 1569 2236 digniori
1609 2186 1743 2223 officio

426 2247 682 2284 menciuntur
721 2260 903 2295 expresse
943 2247 984 2284 in
1021 2259 1061 2283 se
1102 2247 1211 2295 ipsos
1251 2256 1289 2283 et
1327 2250 1539 2295 (quantum
1574 2245 1614 2280 in
1647 2244 1742 2293 ipsis
1760 2244 1799 2278 35

426 2310 496 2348 est)
521 2305 756 2342 stultificant
780 2308 907 2342 Deum
927 2319 1057 2342 suum.
1089 2305 1272 2341 Christus
1296 2305 1401 2340 enim
1426 2303 1611 2352 cognovit
1635 2304 1743 2351 quod

427 2364 719 2411 evangelizacio
769 2373 826 2400 est
871 2363 1029 2411 dignius
1074 2362 1341 2400 ministerium
1381 2375 1454 2411 pro
1493 2360 1743 2409 adquirenda

426 2422 674 2458 beatitudine
719 2435 839 2470 quam
883 2433 1121 2470 quecunque
1166 2420 1451 2469 temporalium
1500 2418 1741 2455 dominacio.

425 2481 507 2516 Nec
531 2480 697 2516 dubium
721 2480 817 2528 quin
841 2479 1073 2528 quicunque
1095 2480 1273 2527 prelatus
1305 2478 1381 2515 nisi
1409 2477 1528 2514 fuerit
1560 2476 1744 2513 subtilior

427 2550 547 2584 quam
595 2538 776 2574 Christus
830 2547 898 2574 aut
951 2537 1010 2574 sui
1057 2536 1229 2585 apostoli
1276 2545 1333 2573 est
1378 2534 1640 2583 indispositus
1692 2535 1802 2576 ad4o

499 2726 538 2751 17·
561 2719 605 2744 A:
626 2726 644 2744 α
665 2717 723 2744 tali
742 2717 962 2744 illustracione.
1065 2724 1099 2743 20
1120 2718 1164 2743 A:
1186 2719 1219 2743 ut
1239 2716 1332 2743 deest.
1426 2715 1478 2742 28.
1501 2716 1545 2743 A:
1567 2715 1619 2742 sui
1636 2715 1739 2742 before

427 2753 530 2779 statui.
603 2751 646 2779 32.
667 2752 705 2779 B:
726 2752 904 2779 ammonuit.

497 2846 527 2876 4.
557 2836 671 2867 Lucae
697 2836 752 2875 XI,
781 2836 833 2868 33.
