2003 3322
202 203 290 231 CAP.
312 194 466 248 xxviii]
713 207 852 239 PRIMA
880 207 1006 239 PARS.
1752 213 1802 248 97

203 313 413 350 Potestatis
453 322 585 350 autem
626 323 756 351 create
796 314 874 350 alia
913 314 1148 362 intelligitur
1187 327 1259 362 pro
1298 314 1385 361 ipsa
1424 315 1514 350 sub-

201 371 354 408 stancia
387 371 466 407 sive
499 372 675 408 essencia
709 381 745 408 et
769 371 847 408 alia
870 385 944 420 pro
967 372 1054 420 ipsa
1077 372 1270 420 qualitate
1292 373 1511 408 secundum
1529 378 1638 406 Divine
1654 388 1759 418 power
1779 381 1804 407 is

201 441 320 477 quam
367 438 549 465 creatura
600 429 813 466 racionalis
859 430 1004 466 dicitur
1048 439 1209 477 potens:
1262 432 1350 466 Non
1405 429 1509 465 enim
1535 415 1805 485 gssttlssendaecssldfsstt

201 488 442 523 credendum
489 495 545 523 est
583 489 690 535 quod
734 495 911 536 potestas
959 487 1092 525 divina
1137 489 1200 533 (de
1245 501 1324 536 qua
1367 483 1795 546 ἀίεἱῑυῑῑὲοθηέῡέξῐῖῗὲθθ»

168 544 376 582 §Danielis
390 546 471 591 VII,
496 557 560 591 14:
588 546 764 582 Potestas
787 545 866 582 eius
883 553 1056 595 potestas
1080 549 1226 591 eterna)
1252 546 1301 582 sit
1325 545 1510 582 accidens
1587 553 1695 580 orders
1715 554 1750 581 of

200 602 357 648 deitati;
403 611 440 638 et
483 602 538 639 sic
581 616 685 639 unus
730 604 777 639 de
821 616 965 640 novem
1017 603 1224 640 ordinibus
1277 603 1511 651 angelorum
1607 589 1722 623 angels.

200 659 345 696 dicitur
377 661 602 708 Potestates,
630 660 697 709 qui
731 670 788 697 est
820 661 1143 698 substancialiter
1175 661 1258 709 ipse
1290 662 1401 698 ordo.
1437 662 1510 697 Po-

198 726 320 755 testas
352 727 486 755 autem
520 727 653 755 creata
685 728 845 767 sumpta
877 719 1068 756 famosius
1101 732 1173 768 pro
1206 719 1400 767 qualitate
1433 731 1512 767 qua

199 785 381 812 creatura
413 776 627 813 racionalis
661 776 808 813 dicitur
840 789 923 813 esse
955 786 1096 825 potens
1128 778 1295 814 vocatur
1328 790 1508 814 commu-

146 834 302 870 1oniter
333 834 505 882 qualitas
537 835 712 871 secunda
751 848 829 883 qua
869 844 1051 872 creatura
1090 834 1306 872 racionalis
1351 835 1510 871 confor-
1527 841 1666 880 „created
1683 850 1795 881 power

198 891 316 928 miter
348 891 421 928 Dei
454 892 706 940 beneplacito
740 892 886 929 dicitur
919 905 1002 929 esse
1034 901 1191 941 potens.
1237 895 1285 929 Et
1322 892 1377 929 sic
1419 877 1804 939 ουη113335ἓὲἓᾷξὲζέἓξῖ

198 949 363 987 ecclesia
395 949 446 986 sit
477 963 623 998 sponsa
657 950 819 995 Christi,
853 959 1012 998 oportet
1046 963 1128 987 esse
1161 950 1339 987 diversos
1362 951 1510 998 gradus
1619 946 1715 982 thing.

197 1016 279 1044 tarn
324 1007 365 1044 in
411 1007 563 1056 angelis
601 1021 722 1057 quarn
768 1008 1000 1045 hominibus
1044 1008 1084 1044 in
1128 1008 1205 1045 illis
1249 1007 1510 1057 qualitatibus

197 1067 416 1103 secundum
451 1079 550 1114 quos
582 1079 653 1103 sua
686 1066 851 1103 ecclesia
883 1059 1096 1115 reguletur.
1144 1069 1225 1103 Nec
1258 1075 1315 1103 est
1348 1067 1512 1103 creden-

144 1128 180 1161 15
198 1125 292 1160 dum
325 1124 434 1172 quod
466 1133 642 1172 potestas
676 1124 743 1160 illa
781 1124 831 1161 sit
869 1137 930 1161 res
969 1124 1104 1172 aliqua
1142 1137 1219 1173 que
1260 1124 1408 1172 poterit
1440 1136 1512 1172 per

197 1194 237 1218 se
269 1194 366 1218 esse.
422 1183 499 1218 Sed
544 1191 601 1218 est
646 1183 819 1230 quedam
865 1182 1080 1230 disposicio
1119 1183 1341 1219 secundum
1388 1194 1510 1230 quam

199 1248 381 1277 creatura
414 1239 629 1276 racionalis
665 1240 890 1288 disponitur
912 1252 1029 1288 agere
1053 1242 1273 1276 secundum
1297 1240 1369 1276 Dei
1392 1241 1509 1276 bene-
1565 1281 1570 1286 .
1611 1248 1638 1275 It
1655 1247 1684 1287 js
1706 1257 1721 1275 a

197 1297 389 1345 placitum
413 1299 633 1334 secundum
652 1299 760 1346 quod
783 1298 967 1346 congruit
991 1310 1136 1346 sponse
1152 1297 1313 1336 Christi.
1337 1297 1510 1334 Additur
1541 1282 1729 1345 dispggssnssn
1750 1288 1781 1311 ‘⁰

197 1364 328 1392 autem
375 1355 414 1391 in
458 1355 731 1404 descripcione
776 1357 884 1404 quod
924 1365 980 1392 est
1019 1355 1190 1404 qualitas
1234 1357 1409 1392 secunda
1458 1356 1507 1392 ad
1564 1352 1760 1414 ffiffisgffj}

75 1418 153 1460 364c
198 1413 524 1462 distinguendum
564 1413 670 1450 inter
705 1413 832 1462 ipsam
873 1423 910 1450 et
956 1413 1184 1462 potenciam
1226 1414 1466 1450 naturalem.
1503 1409 1720 1465 lwilugiven
1742 1423 1793 1462 for.

196 1473 296 1508 Nam
337 1472 534 1508 elementa
576 1481 612 1508 et
651 1484 888 1520 quecunque
927 1471 1049 1508 mixta
1088 1472 1237 1508 habent
1282 1472 1507 1508 naturalem
1531 1457 1789 1526 themqugqss'egot

195 1529 422 1577 potenciam
456 1530 506 1566 ad
545 1531 763 1577 regendum
804 1542 845 1566 se
882 1529 989 1578 ipsa3
1034 1530 1103 1566 sed
1141 1538 1317 1578 potestas
1363 1528 1507 1566 dicitur
1593 1526 1730 1553 Church.

196 1587 367 1635 qualitas
400 1588 575 1624 secunda
607 1587 868 1636 superaddita
900 1589 950 1624 ad
984 1587 1194 1624 ecclesiam
1227 1588 1507 1636 regulandum.

196 1646 244 1681 Et
276 1644 332 1682 sic
364 1654 454 1682 sunt
476 1654 694 1694 potestates
717 1654 913 1694 perpetuo
947 1645 987 1682 in
1020 1645 1188 1682 ecclesia
1218 1645 1506 1694 triumphante,

139 1707 178 1740 25
196 1704 264 1739 sed
296 1712 513 1751 potestates
545 1703 654 1740 varie
686 1703 727 1740 in
760 1703 927 1740 ecclesia
960 1702 1173 1741 militante.
1218 1705 1267 1740 Et
1298 1703 1365 1740 ille
1397 1711 1508 1751 pote-

195 1769 317 1798 states
349 1769 440 1797 sunt
473 1761 597 1798 multe
630 1761 722 1798 ficte
754 1761 838 1798 sine
870 1761 1124 1808 fundacione,
1164 1770 1208 1798 ut
1237 1760 1507 1798 Antichristus
1532 1767 1582 1795 All
1605 1776 1710 1803 power
1727 1773 1783 1808 pot

196 1818 429 1855 seculariter
456 1819 698 1857 dominetur.
733 1818 984 1867 Regulariter
1015 1818 1136 1867 igitur
1168 1819 1298 1856 omnis
1330 1827 1507 1868 potestas
1533 1803 1792 1873 Scfssssffssdissnof

195 1876 236 1913 in
273 1876 350 1913 fide
389 1876 586 1925 scripture
625 1890 705 1914 non
743 1877 911 1914 fundata
950 1885 1007 1913 est
1052 1879 1100 1914 ab
1139 1876 1388 1914 Antichristo
1428 1876 1507 1914 sive
1567 1873 1751 1901 Antichrist.

196 1934 356 1971 diabolo
389 1935 487 1971 false
520 1935 627 1981 ficta,
662 1943 704 1971 ut
736 1943 954 1983 potestates
996 1934 1085 1972 ficte
1118 1947 1140 1971 a
1173 1948 1278 1983 papa
1318 1943 1356 1972 et
1388 1934 1506 1972 sectis

139 1996 180 2028 30
195 1992 282 2029 aliis
307 1992 419 2029 novis
443 2001 617 2041 quatuor
647 1993 885 2029 introductis
918 2001 1009 2029 sunt
1042 1992 1132 2029 ficte
1155 2001 1198 2029 ut
1220 2006 1291 2030 sua
1314 1992 1506 2039 subiecta,

196 2059 233 2086 et
276 2062 346 2098 per
390 2063 639 2100 consequens
680 2052 729 2088 ad
773 2052 1045 2088 seducendum
1085 2050 1266 2088 subditos
1312 2050 1508 2088 diabolice

195 2107 436 2155 introducte‚
481 2117 524 2145 ut
556 2109 805 2158 prelatorum
839 2108 1086 2145 cesariorum
1120 2108 1507 2154 excommunicacio‚

195 2166 352 2212 citacio‚
385 2166 658 2204 incarceracio
692 2175 730 2203 et
762 2166 941 2203 redditus
973 2166 1201 2215 pecuniaris
1229 2166 1426 2204 vendicio.
1460 2168 1509 2202 Et

193 2224 272 2260 tale
287 2223 459 2261 inveniet
477 2225 598 2261 homo
622 2225 670 2261 de
695 2224 915 2270 monachis,
942 2224 1146 2261 canonicis
1170 2233 1290 2273 atque
1304 2223 1506 2270 fratribus,

139 2285 178 2318 35
194 2281 421 2330 specialiter
453 2283 586 2331 quoad
619 2291 768 2319 sectam
801 2281 1007 2330 propriam
1030 2282 1293 2331 puniendam.
1327 2284 1376 2318 Et
1408 2282 1507 2318 tales

194 2339 437 2376 tradiciones
468 2352 630 2376 necesse
663 2348 720 2376 est
753 2341 958 2376 destruere
992 2340 1200 2388 propriam
1234 2348 1383 2376 sectam
1407 2339 1506 2376 fina-

194 2396 297 2444 liter,
331 2409 421 2433 cum
454 2397 532 2434 sint
564 2399 711 2434 abusus
744 2406 883 2434 contra
915 2398 1044 2446 legem
1077 2397 1239 2434 Domini
1272 2396 1503 2434 introducti.

252 2454 486 2503 Superiores
518 2463 649 2492 autern
685 2455 852 2491 istarum
885 2464 1086 2492 sectarum
1118 2455 1272 2503 fingunt
1294 2467 1335 2491 se
1358 2456 1505 2492 habere
1519 2459 1622 2487 Heads
1642 2460 1796 2487 oforders

194 2520 433 2560 potestatem
466 2526 489 2550 a
512 2512 685 2550 Domino
718 2514 769 2550 ad
801 2512 982 2549 subditos
1004 2512 1137 2550 taliter
1165 2512 1427 2561 puniendum,
1460 2521 1504 2549 ut
1517 2495 1688 2564 clgprssgffis
1713 2503 1796 2564 {agger

1534 2563 1613 2591 their
1632 2564 1777 2600 subjects.

268 2723 308 2743 10.
328 2716 372 2742 A:
392 2718 520 2743 vocatur
539 2715 673 2751 qualiter
690 2715 834 2743 secunda.
909 2723 947 2749 ¹7-
968 2716 996 2742 A
1016 2715 1045 2742 in
1068 2723 1183 2749 marg:
1207 2715 1289 2749 Quid
1308 2718 1352 2742 est
1369 2718 1507 2750 potestas

196 2753 313 2777 creata.
421 2758 467 2777 20.
487 2751 532 2777 A:
559 2750 734 2785 potenciam
765 2750 941 2777 naturalem
992 2749 1153 2777 otenciam.
1274 2757 1319 2785 27.
1340 2751 1385 2777 A:
1406 2750 1507 2786 igitur

195 2784 289 2811 deest.
362 2791 410 2816 29.
429 2785 475 2812 A:
496 2783 575 2811 dicte
594 2792 613 2811 a
628 2792 725 2819 papa.
799 2783 844 2811 30.
867 2784 905 2811 B:
926 2792 961 2811 su
982 2791 1001 2811 a
1022 2795 1054 2808 =
1073 2784 1262 2812 substancia.
1332 2783 1379 2817 34.
1396 2785 1440 2814 A:
1461 2784 1506 2811 in-

195 2819 287 2846 venit.
358 2817 401 2846 35.
421 2820 467 2846 A:
483 2818 685 2854 puniendum.

1347 2876 1366 2907 7
