2003 3322
196 1507 255 1535 We
276 1511 357 1534 must
378 1507 412 1533 be

199 1543 234 1569 all
257 1543 360 1576 things
381 1547 411 1568 to

205 1578 240 1604 all
263 1585 348 1609 mem
371 1577 409 1612 by

205 1613 282 1644 love,
303 1617 355 1638 not
377 1612 414 1647 by

216 1647 392 1683 hypocrisy.

874 235 991 266 OPUS
1016 235 1351 266 EVANGELICUM
1501 222 1607 276 [CAP-
1628 232 1768 260 XXXIV.

462 352 545 375 cum
569 341 735 376 omnium
753 341 937 376 viciorum
960 341 1226 377 accusaciones
1247 341 1333 377 odio
1356 348 1391 377 et
1406 341 1528 377 livore
1547 340 1770 390 suscipiant,

462 399 579 433 eciam
621 399 859 435 consultores
892 399 1017 435 videri
1046 412 1086 435 se
1118 400 1260 437 volunt.
1301 399 1354 435 Et
1385 399 1468 435 ideo
1495 399 1560 448 pie
1591 406 1772 448 cauteque

462 456 703 506 vigilandum
738 464 804 503 est,
838 464 878 492 ut
909 469 993 492 cum
1033 458 1196 505 aliquem
1231 457 1516 506 reprehendere
1549 457 1609 492 vel
1640 457 1769 493 obiur-

459 527 560 563 gare
601 528 669 551 nos
711 516 815 565 cogit
849 515 1037 563 fraterna
1082 515 1300 562 necessitas,
1340 516 1512 564 primum
1558 515 1771 565 cogitemus

461 579 589 607 utrum
625 573 701 608 tale
737 573 786 608 sit
819 573 955 608 vicium
995 574 1098 623 quod
1129 586 1337 622 numquam
1370 573 1572 609 habuimus
1605 573 1667 609 vel
1696 578 1804 621 qu05

460 630 534 665 iam
558 631 767 673 caruimus,
802 638 837 665 et
858 631 892 667 si
913 643 1118 680 numquam
1153 631 1367 678 habuimus,
1401 631 1614 681 cogitemus
1647 638 1681 667 et
1704 642 1771 666 nos

460 688 631 725 homines
671 700 751 724 esse
794 696 829 724 et
866 690 1007 725 habere
1040 690 1212 738 potuisse
1250 690 1327 725 tale
1364 690 1465 737 quod
1496 689 1702 739 arguimus
1734 688 1769 724 in

451 746 604 793 fratre,
643 747 677 782 si
709 759 800 782 vero
834 747 1042 795 aliquando
1075 747 1276 783 habuimus
1308 754 1344 783 et
1375 747 1450 782 iam
1484 759 1556 783 non
1589 747 1771 782 habemus

460 811 597 854 tangat
630 805 857 840 memoriam
892 806 1103 841 communis
1142 805 1348 855 infirmitas
1379 806 1545 840 humana
1579 817 1691 853 quam
1722 804 1771 840 sit

459 863 510 896 ad
543 863 686 898 malum
716 875 858 911 prona,
892 876 1003 911 quam
1044 864 1096 898 ad
1127 863 1264 899 bonum
1299 864 1428 909 tarda,
1468 863 1541 898 nisi
1577 863 1828 898 adiuveritm

460 920 684 956 misericors
729 922 869 971 gracia
908 922 985 957 Dei
1020 922 1155 968 nostri,
1200 928 1239 957 ut
1282 921 1390 956 illam
1436 920 1769 970 reprehensionem

459 986 524 1012 aut
557 979 871 1029 obiurgacionem
907 991 977 1014 non
1011 979 1141 1015 odium
1174 980 1242 1015 sed
1274 979 1543 1015 misericordia
1569 979 1770 1028 precedat,

459 1043 499 1070 ut
530 1036 608 1072 sive
639 1037 690 1072 ad
721 1037 1003 1072 correccionem
1027 1037 1118 1084 eius,
1148 1045 1315 1087 propter
1336 1050 1443 1086 quem
1474 1037 1769 1086 illudfacimus,

458 1093 537 1129 sive
572 1095 623 1129 ad
657 1095 949 1144 perversionem
989 1095 1152 1131 valuerit
1185 1096 1291 1144 (nam
1325 1096 1492 1131 incertus
1523 1102 1579 1131 est
1610 1091 1768 1146 exitus),

459 1164 527 1188 nos
549 1159 674 1188 tamen
692 1154 737 1188 de
756 1153 1001 1202 simplicitate
1015 1153 1117 1189 oculi
1133 1154 1257 1190 nostri
1275 1154 1404 1190 securi
1423 1154 1554 1190 simus.
1579 1153 1622 1188 Si
1642 1159 1767 1188 autem
1788 1156 1824 1188 15

460 1210 674 1260 cogitantes
712 1219 859 1247 nosmet
896 1211 998 1260 ipsos
1036 1212 1295 1248 invenerimus
1334 1212 1369 1247 in
1403 1224 1445 1247 eo
1478 1211 1573 1247 vicio
1606 1223 1699 1257 esse,
1732 1210 1768 1246 in

458 1280 531 1317 quo
564 1276 619 1305 est
651 1269 714 1304 ille
737 1281 845 1317 quem
870 1270 1155 1318 reprehendere
1172 1271 1427 1319 parabamus,
1460 1282 1532 1306 non
1558 1269 1768 1319 reprehen-

460 1326 608 1373 damus,
642 1339 759 1375 neque
791 1327 1052 1378 obiurgemus,
1091 1328 1159 1364 sed
1190 1335 1337 1364 tantum
1371 1327 1703 1378 congemiscamus
1734 1333 1770 1362 et

458 1384 517 1419 illi
553 1392 588 1420 et
625 1386 745 1432 nobis,
784 1393 818 1421 et
856 1398 929 1421 non
966 1386 1073 1421 illum
1107 1386 1159 1421 ad
1190 1386 1531 1436 obtemperandum
1565 1385 1671 1422 nobis
1701 1385 1770 1421 sed

458 1443 509 1477 ad
534 1443 691 1491 pariter
722 1444 937 1479 conandum
970 1444 1184 1480 invitemus.
1785 1456 1826 1478 20

515 1501 616 1536 Nam
650 1508 685 1537 et
717 1502 814 1537 illud
846 1502 948 1550 quod
980 1502 1070 1537 dicit
1098 1502 1326 1551 Apostolus:
1356 1503 1501 1538 Factus
1532 1513 1615 1537 sum
1637 1499 1769 1536 Judeis

458 1566 653 1608 tamquam
685 1559 841 1606 Judeus,
887 1567 924 1595 ut
963 1560 1065 1609 ipsos
1104 1561 1390 1609 lucrifacerem,
1437 1568 1471 1596 et
1508 1559 1561 1595 eis
1597 1558 1663 1608 qui
1698 1558 1767 1594 sub

459 1617 545 1667 lege
575 1625 661 1652 sunt
693 1618 802 1665 quasi
831 1618 899 1654 sub
933 1619 1019 1668 lege
1056 1630 1190 1664 essem,
1230 1631 1313 1654 cum
1354 1631 1425 1654 non
1464 1618 1535 1654 sim
1567 1617 1635 1653 sub
1668 1616 1767 1666 lege,

459 1682 498 1709 ut
531 1687 593 1711 eos
625 1675 689 1723 qui
718 1676 786 1711 sub
820 1676 905 1726 lege
937 1684 1048 1712 erant
1081 1676 1368 1725 lucrifacerem,
1402 1676 1474 1712 hiis
1497 1675 1561 1724 qui
1581 1675 1660 1711 sine
1682 1674 1769 1724 lege

458 1740 545 1768 sunt
583 1734 692 1781 quasi
727 1734 807 1769 sine
847 1735 946 1784 lege,
991 1747 1074 1769 cum
1114 1735 1195 1770 sine
1228 1735 1314 1784 lege
1345 1734 1422 1769 Dei
1460 1746 1532 1770 11011
1570 1733 1656 1779 sim,
1700 1732 1769 1768 sed
1784 1737 1823 1768 25

457 1790 528 1826 sim
569 1792 603 1826 in
644 1791 731 1841 lege
768 1792 929 1837 Christi,
968 1799 1007 1827 ut
1045 1792 1317 1840 lucrifacerem
1358 1804 1419 1828 eos
1459 1791 1522 1840 qui
1558 1791 1638 1827 sine
1681 1790 1768 1840 lege

457 1856 557 1894 sunt,
582 1849 721 1897 factus
752 1862 834 1885 sum
869 1850 1033 1899 infirmis
1065 1850 1254 1899 infirmus,
1288 1857 1327 1885 ut
1359 1850 1534 1900 infirmos
1566 1849 1768 1884 lucrarer.-

458 1907 630 1942 omnibus
661 1908 787 1943 omnia
808 1908 946 1956 factus
976 1920 1074 1953 sum,
1114 1915 1153 1943 ut
1191 1921 1321 1944 omnes
1353 1908 1639 1956 lucrifacerem.
1679 1906 1766 1941 Non

459 1965 585 2013 utique
616 1965 866 2001 simulacione
887 1966 1077 2014 faciebat,
1109 1978 1219 2015 quem
1248 1962 1252 2018 1
1281 1967 1490 2002 admodum
1524 1965 1677 2014 quidam
1711 1963 1766 1999 in-
1806 1966 1887 2011 394¹²

459 2023 585 2073 telligi
606 2024 749 2066 volunt,
782 2031 822 2058 ut
844 2036 975 2059 eorum
1005 2024 1207 2059 simulacio
1232 2024 1453 2060 detestanda
1482 2023 1580 2059 tanti
1599 2021 1771 2071 exempli
1784 2027 1825 2058 30

458 2081 688 2117 auctoritate
726 2082 943 2126 muniatur‚·
978 2083 1046 2117 sed
1084 2082 1154 2118 hoc
1177 2082 1353 2130 faciebat
1391 2081 1553 2118 caritate
1583 2094 1656 2130 qua
1690 2080 1769 2116 eius

458 2139 736 2188 infirmitatem,
751 2140 813 2176 cui
827 2140 976 2175 volebat
991 2140 1206 2187 subvenire,
1222 2148 1415 2188 tamquam
1432 2152 1540 2175 suam
1557 2138 1766 2188 cogitabat.

461 2196 544 2232 Hoc
577 2198 672 2232 enim
706 2205 740 2233 et
767 2198 954 2246 prescivit
986 2198 1166 2233 dicendo:
1210 2198 1304 2233 Cum
1338 2198 1434 2233 enim
1474 2198 1570 2233 liber
1601 2209 1683 2232 sum
1718 2208 1768 2231 ex

459 2255 645 2299 omnibus,
678 2257 845 2291 omnium
877 2268 934 2291 me
961 2268 1116 2291 servum
1132 2256 1229 2303 feci,
1264 2263 1302 2291 ut
1319 2256 1456 2305 plures
1478 2255 1764 2303 lucrifacerem.

464 2312 579 2355 Quod
611 2321 649 2348 ut
682 2314 878 2363 intelligas
911 2326 982 2349 non
1015 2314 1264 2349 simulacione
1294 2315 1362 2350 sed
1394 2314 1556 2349 caritate
1575 2313 1674 2362 fieri
1692 2324 1764 2361 qua
1782 2316 1821 2348 35

459 2371 622 2419 infirmis
660 2372 873 2407 hominibus
909 2379 1104 2420 tamquam
1145 2384 1213 2408 nos
1248 2372 1368 2407 simus
1399 2371 1669 2420 compatimur,
1713 2370 1764 2404 ita

459 2436 584 2463 monet
628 2430 703 2465 alio
748 2430 844 2476 loco,
891 2430 1036 2465 dicens:
1084 2430 1156 2465 Vos
1195 2430 1230 2465 in
1269 2430 1484 2465 libertatem
1521 2429 1645 2464 vocati
1675 2427 1764 2463 estis

446 2487 618 2534 fratres,
651 2494 797 2522 tantum
833 2500 877 2523 ne
909 2488 1122 2523 libertatem
1157 2488 1191 2523 in
1226 2488 1460 2523 occasionem
1494 2487 1623 2522 carnis
1656 2485 1763 2531 detis,

456 2545 525 2579 sed
551 2557 626 2593 per
657 2546 857 2581 caritatem
890 2546 1032 2581 servite
1064 2546 1236 2581 invicem.
1279 2546 1393 2590 Quod
1412 2545 1510 2594 fieri
1540 2557 1611 2581 non
1640 2549 1766 2592 potest

527 2722 554 2744 .›1.
578 2715 621 2740 A:
642 2715 743 2748 primo
765 2723 922 2749 cogemus.
1031 2714 1058 2741 Ο.
1081 2716 1108 2741 A
1130 2715 1158 2741 in
1182 2723 1294 2748 marga
1323 2715 1369 2741 De
1388 2713 1763 2749 correpcionefraterna.

460 2757 499 2781 ¹4·
523 2749 637 2775 Codd.:
660 2757 751 2784 quam
772 2750 916 2776 incertus.
1025 2758 1064 2782 17.
1085 2752 1129 2776 A:
1151 2757 1208 2784 que
1230 2750 1468 2784 reprehendere.
1573 2748 1611 2777 18.
1633 2748 1672 2775 B:
1693 2755 1764 2774 con:

456 2791 676 2819 gemes-camus.
750 2792 791 2810 22.
813 2786 857 2811 A:
879 2787 909 2811 ut
929 2783 1052 2811 Judeos.
1125 2784 1169 2810 28.
1191 2785 1227 2811 13:
1250 2783 1456 2820 lucrifaciam.
1530 2783 1566 2811 31.
1584 2785 1627 2810 A:
1648 2785 1679 2810 et
1696 2783 1762 2809 hoc.

529 2865 581 2885 21.
610 2856 633 2885 I.
660 2856 738 2886 Cor.
768 2856 821 2895 IX,
850 2865 902 2886 20.
1000 2857 1051 2888 ¹33.
1079 2855 1123 2886 ib.
1156 2867 1203 2898 19.
1302 2857 1354 2897 37.
1382 2856 1456 2887 Gal.
1475 2856 1516 2895 V,
1548 2857 1596 2888 13.
