2003 3322
198 201 288 229 CAP.
313 193 396 247 xv]
674 205 887 236 SECUNDA
916 205 1042 236 PARS,
1720 199 1797 244 295

199 319 236 345 et
286 322 399 346 renes
442 309 651 347 convincet
695 311 774 346 tale
821 311 1074 347 mendacium
1115 310 1155 346 in
1195 310 1258 346 die
1297 310 1435 346 iudicii
1475 319 1513 346 et

199 367 377 403 debitum
417 380 517 415 pene
550 380 675 415 usque
708 369 758 404 ad
791 370 1058 416 quadrantem
1093 368 1358 405 novissimum
1383 368 1510 415 exiget

198 426 418 461 secundum
453 426 689 462 scrutinium
724 425 821 473 legis
855 439 937 462 sue.

714 573 854 614 CAP.
889 574 999 616 XV.

165 673 179 702 5
255 668 524 704 Crisostomus
569 676 702 704 autem
747 681 868 716 super
919 668 997 705 isto
1049 677 1155 705 textu
1208 669 1264 705 sic
1308 669 1508 717 loquitur:
1553 677 1775 716 Chrysostom:

203 726 297 762 Cum
320 738 392 774 qua
415 738 482 775 spe
503 733 590 762 orat
612 727 676 774 qui
696 726 938 762 inimiciciam
970 734 1103 763 servat
1130 728 1320 763 adversus
1342 727 1507 763 alterum
1534 713 1558 739 It
1578 713 1741 783 Ῑίιζζθίξοῗ
1762 718 1793 740 ῑο

196 796 217 819 a
250 796 321 831 quo
345 784 523 831 forsitan
556 784 657 820 lesus
689 792 766 829 est;
796 785 893 820 sicut
925 785 1022 820 enim
1054 785 1133 834 ipse
1160 797 1278 821 orans
1307 782 1779 844 mentitur.·di³²1sd0¹1stWe

1549 825 1566 844 o
1588 822 1639 844 not
1660 819 1790 852 tolgive.

198 842 287 877 dicit
325 842 422 877 enim
465 842 618 878 remitto
656 850 691 877 et
730 854 802 878 non
843 842 1016 888 remittit,
1062 843 1118 878 sic
1157 850 1191 878 et
1230 856 1251 878 a
1292 843 1376 878 Deo
1413 850 1510 892 petit

198 899 499 949 indulgenciam,
532 907 567 935 et
599 912 671 935 non
704 900 763 935 illi
793 900 1058 950 indulgeatur.
1106 900 1149 935 Si
1185 912 1283 951 ergo
1316 901 1380 949 qui
1411 901 1511 937 lesus

144 970 183 992 10
198 965 254 993 est
284 958 363 993 sine
395 970 509 993 causa
549 965 635 993 orat
668 958 794 994 Deum
834 958 906 993 nisi
943 958 1147 993 indulserit
1186 958 1220 993 ei
1251 971 1271 993 a
1305 970 1377 1007 quo
1411 958 1512 995 lesus

198 1023 266 1063 est,
304 1016 496 1064 quomodo
525 1023 641 1064 putas
678 1023 765 1051 orat
805 1016 868 1064 qui
908 1029 980 1052 non
1014 1016 1138 1051 solum
1172 1017 1218 1051 ab
1252 1017 1376 1053 altero
1411 1017 1513 1052 lesus

198 1086 271 1109 non
303 1080 371 1119 est,
404 1074 472 1109 sed
503 1073 583 1122 ipse
609 1086 685 1122 per
717 1074 905 1109 iusticiam
938 1074 1036 1109 alios
1069 1074 1162 1110 ledit
1191 1081 1225 1109 et
1246 1081 1414 1125 gravat,-
1445 1076 1514 1111 sed

198 1131 310 1167 multi
352 1132 521 1167 nolentes
566 1132 713 1167 veniam
754 1131 1003 1180 peccantibus
1046 1131 1082 1167 in
1127 1144 1167 1168 se
1192 1132 1355 1183 fingunt
1399 1132 1510 1168 istam

198 1189 415 1225 oracionem
456 1201 584 1225 orare.
626 1190 775 1225 Stultus
807 1197 862 1225 est
900 1190 988 1225 talis
1027 1190 1215 1238 primum,
1248 1190 1427 1239 quoniam
1459 1191 1513 1226 sic

146 1250 270 1283 15non
304 1254 403 1291 orat,
434 1247 756 1295 quemadmodum
789 1247 916 1283 docuit
951 1247 1141 1293 Christus,
1176 1260 1242 1283 nec
1275 1255 1329 1284 est
1367 1247 1515 1284 Christi

199 1305 430 1353 discipulus;
466 1305 632 1340 secundo
664 1305 750 1353 quia
784 1317 851 1340 nec
885 1312 1001 1353 pater
1033 1305 1195 1340 libenter
1227 1306 1389 1342 exaudit
1422 1318 1511 1341 ora-

81 1365 160 1398 385ο
198 1362 343 1398 cionem
385 1375 497 1411 quam
520 1362 633 1411 filius
672 1375 744 1398 non
785 1363 954 1398 dictavit.
1000 1362 1209 1413 Cognoscit
1240 1364 1337 1399 enim
1368 1363 1514 1413 {pater

185 1420 268 1469 filii
307 1420 369 1456 sui
409 1432 574 1463 sensum,
619 1428 653 1455 et
702 1421 818 1456 verba
860 1433 931 1456 non
982 1421 1143 1469 suscipit
1191 1434 1262 1470 que
1306 1422 1512 1470 usurpacio

198 1479 363 1513 humana
402 1478 641 1528 excogitavit
684 1479 753 1514 sed
790 1490 860 1526 que
906 1478 1098 1527 sapiencia
1137 1478 1285 1515 Christi
1321 1480 1512 1528 exposuit,

143 1549 183 1570 20
197 1548 294 1586 ergo
329 1536 546 1572 oracionem
577 1536 726 1584 quidem
761 1536 890 1572 dicere
917 1544 1039 1585 potes,
1073 1537 1354 1573 circznnvenire
1386 1545 1511 1573 autem

198 1594 322 1629 Deum
356 1601 391 1629 et
404 1594 557 1642 fallere
588 1605 660 1629 non
688 1601 813 1643 potes,
846 1606 912 1629 nec
944 1594 1087 1643 accipis
1119 1594 1408 1645 indulgenciam
1442 1595 1516 1631 nisi

192 1652 306 1700 prius
337 1651 545 1687 indulseris
576 1651 668 1700 ipse.
703 1654 786 1687 Hec
820 1651 1105 1687 Crisostomus.

252 1711 309 1744 'Ex
342 1708 427 1745 istis
459 1709 618 1746 videtur
650 1709 771 1745 istum
805 1718 987 1745 sanctum
1026 1709 1234 1746 intendere
1266 1722 1348 1745 non
1382 1710 1512 1746 solum

198 1768 305 1814 quod
339 1779 475 1815 expers
509 1767 686 1803 caritatis
719 1776 756 1803 et
788 1767 1015 1815 specialiter
1039 1768 1105 1815 qui
1139 1767 1269 1804 oderit
1302 1767 1512 1803 inimicum

142 1825 399 1872 25superflue
443 1833 530 1861 orat
570 1827 711 1870 Deum,
758 1826 928 1861 dicendo
973 1825 1203 1862 oracionem
1251 1825 1512 1869 dominicam,

198 1884 265 1918 sed
305 1884 458 1919 orando
498 1882 626 1930 ipsam
666 1892 753 1919 orat
793 1884 841 1919 ad
876 1883 936 1918 sui
970 1883 1164 1919 iudicium
1201 1883 1404 1919 contrarie
1437 1883 1512 1918 sibi

196 1940 289 1988 ipsi3
336 1949 373 1976 et
412 1953 482 1988 per
520 1940 625 1977 idem
667 1942 823 1976 orando
857 1941 1077 1989 quamlibet
1118 1950 1344 1977 creaturam
1386 1941 1511 1977 immo

197 1998 395 2046 quidquid
442 1998 579 2035 fecerit
622 2007 740 2035 nocet
783 1998 856 2034 sibi
901 1998 975 2046 ipsi
1022 2012 1062 2035 se
1102 1999 1231 2047 ipsum
1268 1999 1308 2034 in
1342 1998 1512 2035 crimine

197 2056 495 2104 profundando.
542 2058 643 2092 Nam
683 2056 836 2092 offenso
877 2058 960 2092 Deo
1001 2058 1118 2093 debet
1162 2069 1205 2092 ex
1245 2058 1320 2093 hoc
1361 2056 1512 2092 offendi

142 2114 373 2161 quuelibet
418 2123 602 2150 creatura
646 2123 682 2150 et
728 2114 794 2162 qui
838 2114 1002 2150 simulat
1047 2127 1087 2151 se
1132 2114 1307 2150 amicum
1354 2113 1508 2150 inimici

197 2172 296 2207 tanti
331 2171 499 2217 domini,
541 2171 710 2208 incurrit
748 2171 853 2207 illius
886 2172 1165 2219 prodicionem
1200 2181 1237 2208 et
1271 2184 1340 2219 per
1374 2184 1512 2208 conse-

197 2242 323 2277 quens
370 2229 631 2265 inimiciciam
677 2229 888 2265 cuiuslibet
939 2230 1101 2266 alterius
1147 2238 1344 2266 creature.
1396 2229 1511 2266 Talia

198 2287 304 2323 dicta
337 2300 428 2323 cum
461 2287 538 2323 sint
571 2300 614 2323 ex
646 2287 723 2323 fide
753 2288 1096 2334 demonstrabilia,
1130 2301 1211 2324 non
1244 2289 1390 2323 debent
1423 2287 1512 2335 capi

198 2345 389 2381 derisorie
422 2354 464 2381 ut
486 2345 589 2382 levia
620 2346 688 2381 sed
713 2354 919 2393 tamquam
952 2346 1044 2381 fidei
1068 2345 1299 2394 propinqua
1323 2345 1511 2381 effectua-

143 2402 287 2439 35liter
320 2403 550 2451 ponderari.

257 2463 311 2496 Ex
356 2474 436 2508 quo
480 2460 638 2497 videtur
682 2461 923 2509 quibusdam
971 2462 1079 2509 quod
1124 2462 1301 2509 prelatus
1354 2460 1512 2497 notorie
1544 2466 1603 2495 We
1623 2467 1719 2505 ought
1739 2471 1792 2493 not

199 2517 438 2555 criminosus
472 2527 509 2554 et
536 2518 765 2566 specialiter
788 2519 978 2556 omittens
1010 2519 1190 2555 officium
1224 2520 1356 2567 quoad
1382 2520 1510 2555 Deum
1526 2506 1803 2571 ngssefilgffeffitae,

269 2662 293 2690 5.
315 2663 336 2689 B
359 2664 388 2690 in
410 2672 525 2699 marg:
547 2664 632 2696 XIV,·
651 2666 678 2692 A
700 2665 728 2692 in
752 2673 867 2699 marg:
890 2664 1106 2692 Crisostomus.
1201 2663 1238 2697 13,
1262 2672 1303 2697 14.
1326 2664 1518 2700 Bzfugiunt

199 2698 288 2724 istam
308 2699 496 2725 oracionem.
571 2708 611 2731 14-
633 2700 661 2726 A
681 2700 710 2726 in
733 2708 846 2734 marg:
870 2707 892 2725 1.
970 2699 1010 2725 16.
1031 2699 1059 2725 A
1082 2699 1111 2725 in
1134 2707 1249 2733 marg:
1273 2705 1299 2725 2.
1374 2698 1416 2725 23.
1440 2699 1512 2726 Ain

200 2740 296 2766 marg.
308 2742 312 2759 :
324 2732 492 2760 Jolzannes.
566 2733 611 2760 30.
628 2736 670 2760 A:
687 2735 816 2761 amicum
831 2734 995 2760 inimicum.
1069 2733 1114 2761 36.
1128 2734 1155 2760 A
1168 2734 1197 2760 in
1209 2741 1322 2768 marg:
1338 2733 1512 2760 Conclusio.

272 2802 300 2834 5.
327 2804 394 2845 Op.
421 2805 518 2845 Imp„
547 2805 566 2835 l.
593 2815 621 2836 c.
647 2816 680 2846 p.
706 2804 783 2836 812.
