2003 3322
211 203 300 232 CAP.
321 194 400 248 xL.]
685 203 897 236 SECUNDA
923 203 1050 235 PARS.

212 312 503 357 manducarent,
533 318 568 346 et
597 322 705 346 nemo
730 311 776 346 de
804 322 919 346 manu
941 310 1156 346 sacerdotis
1177 309 1380 358 acciperet.
1417 309 1524 344 Unde

211 376 246 406 et
277 369 468 405 Dominus
512 381 584 404 non
627 369 752 404 solum
791 368 827 403 in
867 368 927 404 via
965 367 1160 404 benedixit
1194 378 1334 416 panem
1372 366 1441 402 sed
1478 367 1524 402 de

211 439 325 463 manu
347 439 416 463 sua
440 426 544 462 dedit
572 426 741 474 Cleophe
768 433 802 461 et
829 426 931 462 socio
965 426 1055 462 eius.
1088 425 1141 460 Et
1163 425 1309 460 Paulus
1332 424 1524 474 navigans

212 497 283 521 non
326 485 449 521 solum
490 483 684 520 benedixit
716 495 856 532 panem
896 484 965 520 sed
1002 484 1049 519 de
1086 495 1200 518 manu
1236 494 1306 518 sua
1340 482 1524 531 porrexit

179 543 316 578 §Luce
347 542 556 590 ceterisque
588 541 786 589 discipulis
816 541 917 586 suis;
948 542 1049 590 quod
1079 547 1205 576 autern
1231 541 1277 576 de
1308 552 1422 575 manu
1454 552 1523 575 sua

208 600 436 650 porrigitur
482 611 548 635 nec
590 598 820 635 animalibus
864 600 1034 635 dandum
1086 605 1141 634 est
1192 609 1259 634 nec
1309 597 1526 647 infidelibus

208 658 493 708 porrigendum
528 664 595 700 est,
628 656 713 705 quia
747 669 819 692 non
852 658 975 693 solum
1005 656 1285 706 sanctificatum
1314 656 1383 691 sed
1405 655 1524 691 ecianz

213 715 469 765 sanctificacio
513 722 569 751 est
619 721 654 749 et
696 715 911 764 sanctificat
952 714 1211 763 accipientem.
1265 715 1349 750 Hec
1393 712 1525 749 Criso-

213 782 378 810 stomus.

162 842 200 863 10
272 831 439 867 Videtur
482 831 601 868 istum
648 838 830 867 sanctum
873 829 1127 866 concorditer
1167 842 1259 865 cum
1299 827 1526 876 Augustino

215 901 299 926 esse
331 890 534 937 quandam
568 889 758 934 fistulam,
793 887 966 935 Spiritus
989 887 1125 924 Sancti
1158 885 1404 924 sentenciam
1436 886 1529 922 licet

215 947 255 983 in
286 946 421 995 lingua
454 946 604 994 dispari
638 946 898 983 conformiter
930 947 1189 982 sencientem.
1230 947 1323 981 ldeo
1357 957 1438 980 non
1471 944 1528 980 in—

215 1005 351 1052 telligo
375 1006 481 1053 quod
514 1004 597 1052 ipse
629 1005 721 1041 velit
755 1013 898 1040 cuncta
932 1005 1037 1040 bona
1069 1002 1310 1051 temporalia
1342 1001 1528 1038 fidelibus

217 1072 254 1098 et
285 1062 370 1099 istis
403 1062 568 1099 canibus
602 1062 841 1110 generaliter
874 1074 960 1098 esse
994 1061 1226 1098 communia
1260 1061 1328 1097 sed
1351 1061 1459 1108 quod
1489 1059 1529 1096 in

163 1120 200 1152 15
216 1119 451 1157 necessitate
484 1120 625 1157 ultima
658 1119 868 1157 assistente
901 1119 1107 1156 evidencia
1139 1120 1247 1168 quod
1277 1119 1416 1154 volunt
1447 1130 1529 1154 esse

217 1178 423 1214 christiani
457 1178 594 1215 fideles
618 1180 763 1215 debent
797 1178 851 1214 eis
883 1177 1123 1225 temporalia
1156 1175 1373 1225 impertiri3
1408 1184 1445 1212 et
1479 1177 1529 1212 ad

218 1237 293 1272 hoc
333 1236 442 1272 vadit
481 1237 705 1285 exemplum
747 1235 896 1273 Christi
943 1237 991 1272 de
1028 1234 1176 1283 pluvia,
1222 1236 1270 1270 de
1309 1234 1403 1271 solis
1441 1233 1530 1270 illu-

218 1294 416 1330 stracione
460 1303 497 1330 et
536 1294 678 1331 ceteris
718 1293 932 1330 evidenciis
970 1306 1064 1330 sane
1104 1293 1250 1341 captis;
1295 1305 1376 1328 non
1415 1293 1531 1328 debet

218 1360 353 1388 autem
398 1352 526 1388 fidelis
571 1365 658 1389 cum
713 1352 892 1400 sophista
945 1353 992 1387 de
1044 1351 1121 1387 fide
1174 1352 1414 1387 contendere
1462 1351 1530 1386 sed

163 1419 204 1440 20
219 1418 427 1458 tamquam
461 1410 588 1446 fidelis
629 1409 819 1458 pincerna
860 1409 1031 1446 fideliter
1063 1409 1252 1457 poculum
1286 1407 1430 1456 quibus
1470 1420 1531 1443 ex-

219 1467 329 1514 pedit
382 1468 622 1504 ministrare.
677 1470 724 1504 Et
768 1467 823 1504 sic
868 1467 964 1504 dicit
1007 1466 1256 1515 Augustinus
1301 1479 1389 1502 cum
1445 1465 1532 1502 aliis

220 1525 452 1562 doctoribus
492 1527 638 1562 multas
677 1525 902 1562 sentencias
942 1527 990 1561 de
1029 1525 1194 1561 canibus
1232 1532 1352 1572 atque
1384 1523 1531 1571 porcis,

220 1592 263 1618 ut
302 1583 391 1620 cani
437 1596 481 1619 ex
530 1583 706 1620 stulticia
744 1596 816 1620 sua
862 1592 920 1619 est
959 1583 1168 1631 proprium
1209 1583 1356 1618 latrare
1394 1590 1533 1618 contra

222 1649 329 1677 rotas
363 1641 582 1678 molendini
615 1651 652 1678 et
685 1651 824 1678 contra
857 1642 1006 1678 lunam.
1042 1641 1107 1677 Sic
1130 1640 1294 1688 quidam
1326 1648 1416 1676 sunt
1441 1652 1533 1675 con-

165 1701 204 1733 25
221 1698 388 1735 tenciosi
428 1708 465 1735 et
504 1700 654 1747 garruli
693 1699 760 1747 qui
798 1700 947 1735 latrant
980 1708 1121 1735 contra
1153 1698 1362 1734 veritatem
1396 1709 1532 1733 neces-

220 1756 366 1793 sariam
400 1757 610 1804 scripture,
650 1766 686 1794 et
718 1766 854 1794 tamen
891 1765 1050 1805 oportet
1083 1757 1190 1805 quod
1223 1755 1309 1804 ipsa
1341 1755 1381 1791 in
1414 1767 1534 1791 cursu

221 1823 258 1850 et
290 1814 549 1851 ordinacione
573 1815 644 1851 Dei
677 1814 875 1851 immobili
908 1816 1054 1851 habeat
1087 1823 1239 1851 motum
1275 1826 1411 1858 suum3
1444 1812 1534 1849 ideo

220 1871 311 1908 talis
344 1873 511 1908 latratus
545 1882 601 1909 est
634 1873 859 1921 superfluus
893 1886 915 1909 a
949 1872 1132 1909 fidelibus
1165 1871 1420 1908 deridendus.

279 1931 463 1966 Secundo
508 1939 616 1978 patet
661 1943 704 1967 ex
752 1930 868 1967 dictis
914 1930 1029 1966 huius
1074 1929 1202 1966 sancti
1241 1930 1348 1978 quod
1387 1928 1534 1965 adultis

165 1991 206 2022 30
221 1988 459 2024 habentibus
493 1988 779 2025 discrecionem
813 1989 999 2033 laxatam,
1046 1988 1084 2024 id
1118 1997 1190 2034 est⁷
1235 1987 1275 2023 in
1314 1996 1420 2032 actu,
1453 1999 1535 2022 non

221 2054 278 2081 est
310 2045 534 2093 baptizacio
568 2046 848 2092 ministranda,
880 2045 957 2082 nisi
990 2045 1100 2093 prius
1133 2045 1350 2082 catecismo
1383 2044 1424 2080 in
1458 2044 1534 2080 fide

222 2103 385 2140 ecclesie
437 2104 514 2139 sint
566 2104 770 2150 instructi;
831 2112 868 2140 et
919 2105 1061 2140 eodem
1114 2105 1236 2140 modo
1288 2102 1435 2139 dicitur
1487 2103 1534 2138 de

223 2160 524 2198 ministracione
557 2161 783 2206 eukaristie,
818 2174 938 2209 quam
972 2161 1129 2197 videtur
1161 2161 1282 2198 istum
1327 2162 1535 2196 doctorem

221 2231 365 2255 vocare
397 2231 542 2266 panem
577 2219 846 2256 benedictum.

167 2276 206 2310 35
282 2277 456 2313 Ulterius
502 2277 657 2313 videtur
701 2277 818 2313 istum
867 2285 1049 2313 sanctum
1084 2276 1123 2312 in
1152 2276 1230 2312 fine
1264 2276 1395 2312 dicere
1429 2277 1536 2323 quod

223 2334 518 2371 sanctificatum
548 2344 678 2382 potest
713 2334 926 2383 dupliciter
960 2346 1200 2382 supponere.
1246 2333 1407 2370 Scilicet
1442 2345 1535 2370 con-

224 2392 369 2428 cretive
413 2405 486 2440 pro
530 2393 792 2439 sanctificata,
837 2392 940 2428 sicut
983 2400 1040 2428 est
1084 2391 1198 2440 panis
1239 2391 1308 2439 qui
1351 2391 1391 2427 in
1419 2390 1537 2427 furno

224 2449 407 2497 pinsitur,
448 2459 483 2486 et
521 2450 620 2486 illud
658 2452 877 2487 secundum
919 2462 1002 2486 esse
1040 2463 1155 2486 suum
1198 2448 1406 2485 materiale
1438 2447 1539 2485 nihil

224 2507 447 2544 sanctificat
503 2509 563 2544 vel
621 2516 751 2557 potest
810 2520 1037 2556 supponere
1096 2506 1335 2555 simpliciter
1393 2515 1430 2543 et
1482 2506 1538 2542 ita

296 2701 336 2721 10.
357 2694 435 2721 Ain
456 2701 570 2728 marg.:
596 2692 760 2721 Johannes.
789 2700 812 2720 1.
920 2700 960 2720 21.
986 2694 1030 2720 A:
1058 2692 1263 2720 ministracz'o.
1373 2699 1421 2726 29.
1450 2692 1479 2719 A
1507 2691 1538 2719 in

227 2736 340 2764 marg:
362 2736 390 2755 2.
463 2727 510 2763 36,
532 2728 576 2763 37.
596 2729 640 2756 A:
661 2728 871 2755 consecrative
891 2731 919 2756 et
935 2736 1007 2763 pro.

298 2813 326 2845 3.
355 2812 469 2844 Lucae
494 2813 588 2853 XIV;
614 2813 658 2845 ib.
685 2814 759 2844 Act.
785 2813 919 2844 XXVII.

1731 193 1807 240 393

1553 837 1602 864 Au
1627 835 1727 863 ustine
1747 834 1805 861 and

1578 870 1602 899 C
1628 874 1784 906 rysostom

1630 913 1728 941 agree.

1561 1936 1674 1963 Adults
1694 1934 1805 1962 should

1578 1971 1614 1998 be
1634 1970 1799 1998 instracted

1638 2005 1742 2033 before

1620 2040 1765 2076 baptism.

1631 2282 1752 2309 Double

1594 2317 1737 2354 meaning
1755 2317 1791 2345 of

1580 2353 1814 2381 ‘consecrated⁷.
