2003 3322
862 239 979 271 OPUS
1005 239 1340 271 EVANGEUCUM
1592 228 1698 281 [CAP-
1719 238 1754 265 II.

447 345 479 380 si
516 352 569 380 est
603 345 650 380 ibi
684 345 830 392 aliquid
862 346 1058 389 stercoris,
1092 345 1156 380 ubi
1185 352 1304 381 totum
1340 351 1394 380 est
1426 352 1586 380 stercus.
1630 346 1691 381 Sic
1723 353 1757 381 et

448 403 482 437 in
516 402 634 438 corde
665 403 806 438 mundo
828 402 861 437 si
887 403 1087 451 surrepcio
1120 402 1263 438 inimici
1292 403 1531 447 successerit,
1565 415 1659 438 mox
1691 415 1758 439 cor

447 472 557 496 suum
585 460 698 496 homo
721 467 848 496 rectus
871 460 1066 503 discernit,
1098 461 1185 509 quia
1210 473 1230 495 a
1253 460 1393 507 spiritu
1416 460 1539 496 alieno
1558 461 1753 509 pulsatur.

166 524 237 586 ‘l‘hle³
255 525 320 552 sou]
342 530 424 575 mrust
449 518 492 553 Si
512 524 636 553 autem
661 518 861 566 cor-suerit
889 518 1097 566 iniquitatis
1108 519 1280 566 plenum,
1303 518 1591 567 suggestionem
1617 518 1760 554 diaboli

210 560 386 629 paerissssgitlio

193 629 330 663 perceive
350 630 399 657 the

253 665 339 699 peril.

449 575 484 611 in
517 588 557 611 se
588 587 660 611 non
684 576 811 624 facile
844 576 1036 626 intelligit.
1077 576 1278 619 Quomodo
1321 576 1416 611 enim
1450 576 1646 611 introitum
1680 576 1759 612 eius

449 633 641 683 intelligat
679 634 742 682 qui
782 645 935 682 semper
973 634 1040 669 sub
1079 646 1121 668 eo
1161 634 1245 669 est?
1289 635 1378 669 Ideo
1418 641 1543 669 autem
1580 633 1758 682 premisit

449 691 595 727 dicens:
628 691 686 727 Ne
713 691 913 736 irascaris,
946 703 991 726 ne
1022 691 1280 740 concupiscas,
1315 704 1358 727 ne
1390 691 1505 736 iures,
1539 704 1583 727 ne
1615 692 1757 727 malum

442 761 519 798 pro
552 749 655 784 malo
688 750 846 792 reddas,
878 761 922 784 ne
955 749 1063 784 odias
1092 749 1318 798 proximum
1344 757 1462 795 tuum,
1496 750 1671 797 quoniam
1695 749 1760 798 qui

447 807 560 842 malis
592 807 767 842 omnibus
798 807 987 843 subiectus
1019 814 1086 853 est,
1131 819 1200 842 cor
1230 819 1340 842 suum
1375 819 1446 846 ,non
1477 814 1602 855 potest
1635 814 1756 843 atten-

447 865 537 900 dere
584 877 649 900 nec
695 864 914 914 intelligere
958 864 1101 900 diaboli
1137 864 1399 900 seduccionem
1434 865 1469 900 in
1502 877 1556 911 eo,
1602 865 1687 913 quia
1721 864 1757 900 in

447 930 548 958 veste
579 923 745 958 candida
778 923 929 958 macula
963 921 1035 958 cito
1068 930 1243 971 apparet.

504 980 635 1030 Nigra
674 988 799 1016 autem
841 980 954 1016 vestis
986 980 1056 1015 etsi
1086 987 1163 1015 tota
1196 981 1357 1015 sordida
1385 980 1528 1029 suerit,
1573 992 1644 1015 uon
1684 980 1756 1015 cito

447 1045 632 1087 apparet;
664 1045 698 1074 et
731 1039 919 1087 quomodo
953 1050 1025 1073 non
1054 1045 1180 1087 potest
1201 1038 1299 1086 fieri
1327 1045 1364 1073 ut
1388 1050 1518 1073 coram
1544 1037 1756 1073 hominibus

446 1096 690 1132 elemosinam
721 1104 892 1132 nostram
908 1096 1123 1144 faciamus,
1157 1103 1195 1130 ut
1216 1096 1410 1144 facientes
1443 1107 1513 1131 non
1543 1095 1757 1131 senciamus

446 1154 479 1190 si
510 1161 691 1203 presente
728 1154 855 1202 aliquo
900 1154 1116 1189 occurrerit
1143 1166 1308 1202 pauper,
1353 1154 1540 1202 quomodo
1581 1154 1693 1189 detur
1725 1153 1758 1188 ei

447 1212 647 1254 absconse‚·
678 1225 765 1247 nam
796 1212 866 1247 etsi
899 1224 969 1247 non
996 1211 1148 1247 videtur
1170 1212 1271 1259 quod
1294 1212 1423 1257 datur,
1455 1218 1581 1246 tamen
1605 1210 1757 1246 videtur

446 1270 532 1318 quia
557 1270 687 1313 datur,
721 1270 892 1305 ducendo
922 1281 1005 1305 eum
1030 1276 1186 1306 secrete.
1223 1270 1299 1305 Sed
1331 1270 1531 1305 considera
1563 1269 1650 1317 quia
1684 1281 1755 1304 non

447 1328 547 1363 dixit
591 1328 855 1363 tantummodo
902 1327 988 1363 Non
1032 1339 1163 1362 coram
1209 1327 1423 1363 hominibus
1461 1327 1638 1375 faciatis,
1688 1327 1757 1362 sed

446 1386 596 1421 addidit
630 1386 688 1421 Ne
720 1398 851 1421 coram
876 1385 1090 1420 hominibus
1111 1385 1287 1433 faciatis,
1322 1393 1360 1420 ut
1394 1384 1601 1421 videamini
1621 1384 1666 1420 ab
1690 1384 1753 1420 eis.

1776 578 1790 609 5

1777 878 1815 898 10

1777 1157 1811 1188 15

452 1443 528 1486 Qui
558 1456 656 1494 ergo
689 1456 761 1479 non
795 1443 879 1478 ideo
901 1443 1021 1491 facit,
1054 1450 1091 1477 ut
1126 1443 1171 1478 ab
1205 1443 1418 1478 hominihus
1452 1443 1641 1485 videatur,
1687 1442 1758 1478 etsi
1772 1455 1813 1476 20

447 1513 578 1537 coram
613 1501 827 1537 hominibus
849 1501 1007 1549 fecerit,
1041 1508 1166 1536 tamen
1200 1513 1270 1536 non
1305 1501 1456 1536 videtur
1478 1513 1608 1536 coram
1633 1500 1753 1535 homi-

447 1560 555 1595 nibus
584 1560 751 1607 fecisse;
795 1572 891 1609 ergo
930 1559 1001 1594 etsi
1046 1558 1098 1594 sic
1132 1559 1274 1606 facere
1318 1558 1562 1594 elemosinam
1596 1570 1668 1594 non
1701 1565 1755 1593 est

441 1618 636 1666 possibile,
671 1625 710 1652 ut
739 1617 867 1652 nullus
900 1617 1026 1652 videat
1048 1624 1112 1651 aut
1140 1617 1295 1659 senciat,
1330 1624 1454 1652 lamen
1488 1629 1529 1652 eo
1554 1616 1754 1664 proposito

436 1676 578 1724 facere
617 1683 655 1710 ut
690 1688 760 1710 non
794 1675 839 1710 ab
873 1674 1086 1709 hominibus
1120 1674 1298 1710 videatur
1329 1682 1383 1710 est
1417 1673 1618 1722 possibile:
1665 1673 1754 1709 dicit

446 1733 542 1768 enim
589 1733 797 1768 Dominus:
842 1732 904 1768 Sic
951 1732 1075 1768 luceat
1119 1731 1244 1767 lumen
1291 1739 1473 1775 vestrum,
1519 1739 1559 1767 ut-
1603 1732 1754 1767 videant

446 1791 617 1826 homines
660 1802 777 1839 opera
812 1797 939 1825 vestra
979 1790 1086 1825 bona.
1135 1790 1237 1825 Sicut
1278 1802 1374 1839 ergo
1412 1802 1569 1825 accensa
1604 1790 1754 1838 lampas

446 1861 518 1884 non
553 1856 680 1898 potest
718 1848 913 1890 abscondi,
951 1848 1005 1883 sic
1045 1859 1111 1883 nec
1149 1859 1243 1895 opus
1281 1848 1427 1883 iusticie
1453 1854 1580 1895 potest
1613 1847 1754 1882 celari.-

446 1919 543 1956 ergo
578 1919 649 1942 non
684 1905 889 1942 elemosina
923 1905 1080 1954 ingrata
1114 1913 1278 1940 estante
1302 1906 1425 1941 Deum
1450 1917 1519 1953 que
1541 1905 1754 1940 hominibus

447 1964 526 2000 visa
550 1964 695 2012 fuerit,
734 1964 801 1999 sed
838 1975 908 2011 que
945 1963 1029 1999 ideo
1056 1963 1171 2011 facta
1205 1970 1272 2006 est,
1306 1970 1344 1998 nt
1376 1963 1421 1998 ab
1454 1963 1668 1999 lzominilms
1700 1963 1753 1997 νί-

447 2023 597 2060 deatur.
633 2029 671 2056 ut
700 2029 795 2070 puta
830 2021 953 2057 omnis
985 2021 1097 2056 homo
1131 2021 1194 2069 qui
1225 2021 1381 2069 aliquod
1414 2021 1625 2070 opusfacit
1649 2020 1754 2056 cuius

446 2092 560 2115 causa
599 2080 704 2128 facit
744 2080 845 2128 quod
879 2079 984 2127 facit
1027 2078 1063 2113 in
1108 2079 1225 2114 corde
1267 2091 1348 2118 suo,
1394 2079 1497 2115 illius
1540 2078 1676 2128 aspicit
1720 2085 1754 2114 et

441 2150 662 2186 personam.
694 2137 794 2173 Ecce
805 2137 915 2185 facis
936 2137 1135 2186 epistolam
1161 2144 1199 2171 ut
1222 2137 1385 2185 aliquem
1410 2137 1553 2172 salutes
1575 2136 1753 2180 amicum,

445 2195 627 2243 quamdiu
671 2195 810 2231 scribis
846 2207 999 2243 semper
1040 2194 1075 2229 in
1115 2195 1234 2229 corde
1273 2201 1336 2229 tuo
1369 2195 1484 2230 amici
1514 2194 1617 2230 illius
1650 2194 1754 2230 vides

439 2265 650 2302 personam
680 2260 848 2302 propter
879 2265 992 2301 quam
1027 2252 1164 2288 scribis
1196 2251 1410 2300 epistolam.

503 2311 609 2356 Item,
655 2311 808 2359 artifex
852 2318 982 2346 tenens
1021 2322 1116 2358 opus
1156 2310 1190 2345 in
1230 2322 1344 2345 manu
1382 2322 1536 2359 semper
1567 2322 1650 2344 eum
1679 2321 1780 2359 pre-

445 2369 565 2404 oculis
596 2369 675 2404 suis
707 2369 817 2403 habet
858 2368 922 2416 qui
958 2368 992 2403 ei
1028 2379 1123 2416 opus
1161 2367 1349 2403 commisit
1373 2368 1616 2416 faciendum,
1662 2368 1751 2402 dum

444 2426 592 2476 cogitat
614 2427 805 2475 quomodo
838 2423 1092 2476 illudfacere
1123 2425 1334 2471 mandavit,
1367 2426 1422 2461 sic
1453 2432 1487 2461 et
1509 2425 1573 2474 qui
1589 2432 1754 2474 propter

444 2485 570 2520 Deum
604 2484 850 2520 elemosinam
875 2483 993 2532 facit,
1027 2483 1211 2519 neminem
1247 2483 1348 2519 videt
1380 2484 1415 2518 in
1449 2483 1566 2519 corde
1586 2495 1654 2519 suo
1683 2483 1756 2519 nisi

512 2685 536 2703 2.
558 2685 646 2709 mox;
666 2678 708 2703 A:
730 2684 808 2703 mor.
918 2684 957 2703 10.
982 2677 1020 2703 13:
1042 2675 1284 2711 suggestionem.
1407 2674 1441 2702 15.
1464 2675 1505 2701 A:
1526 2674 1582 2700 sed
1598 2676 1751 2709 presente.

443 2720 490 2746 24,
513 2712 554 2739 25.
575 2713 618 2738 A:
640 2712 722 2747 quod
741 2712 816 2738 dicit
836 2711 924 2738 enim.
1035 2711 1075 2738 25.
1098 2711 1139 2738 A:
1162 2713 1190 2736 et
1209 2710 1319 2737 lumen.
1426 2709 1472 2735 26.
1494 2710 1537 2735 A:
1558 2709 1638 2735 bona
1660 2708 1753 2735 deest.

443 2754 486 2781 27.
508 2747 552 2773 A:
573 2746 602 2772 si
619 2754 693 2779 nec,·
718 2746 758 2772 ib.
780 2747 824 2773 A:
845 2753 906 2773 non
923 2748 1034 2781 potest.
1162 2744 1205 2772 32.
1227 2745 1254 2771 A
1275 2744 1304 2771 in
1328 2751 1441 2779 marg:
1465 2751 1487 2770 1.
1613 2741 1654 2771 35.
1674 2744 1702 2770 A
1722 2743 1752 2770 in

443 2789 557 2815 mara:
579 2786 606 2807 2.

515 2852 567 2883 25.
595 2852 712 2882 Mauh.
742 2853 780 2891 V,
813 2851 860 2883 Η),

1771 2024 1812 2055 ὀὐ
