2003 3322
204 221 293 249 CAP.
315 211 469 269 xxx1v.]
716 225 856 257 PRIMA
884 225 1008 257 PARS.

657 339 795 381 CAP.
830 340 1071 382 XXXIV.

263 446 453 495 Sequitur
505 447 545 483 in
591 446 797 495 evangelio
845 447 1031 484 Matthei:
1092 448 1168 492 Qui
1209 460 1309 498 ergo
1354 448 1515 484 solverit

206 518 320 541 unum
354 506 400 541 de
432 505 623 541 mandatis
656 505 738 541 istis
770 505 935 541 minimis
967 513 1002 541 et
1035 505 1209 542 docuerit
1246 506 1300 541 sic
1332 505 1514 552 homines,

204 563 383 599 minimus
415 563 614 600 vocabitur
636 563 671 598 in
695 575 818 613 regno
842 564 1035 609 celorum5
1067 564 1131 612 qui
1152 571 1277 599 autem
1300 563 1448 612 fecerit
1480 571 1514 599 et

172 621 391 665 Ξάοειιθνίῖ,
424 621 484 658 hic
516 633 682 671 magnus
714 621 913 657 vocabitur
944 622 979 657 in
1013 634 1136 672 regno
1169 622 1352 657 celorum.

262 680 391 726 Super
436 692 516 727 quo
556 678 820 727 Augustinus:
865 679 1056 715 Mandata
1103 679 1259 715 minima
1304 679 1514 729 signantur

197 748 272 785 per
304 749 418 772 unum
452 737 527 774 iota
561 744 596 773 et
628 749 740 772 ununz
774 737 931 786 apicem.
973 737 1054 781 Qui
1082 738 1180 773 enim
1202 737 1363 773 solverit
1395 744 1430 772 et
1460 737 1514 773 sic

203 795 388 838 docuerit,
420 795 460 830 id
491 803 558 841 est,
591 795 797 831 secundum
831 795 928 830 illud
959 796 1060 843 quod
1090 795 1216 838 solvit,
1262 807 1334 830 non
1381 806 1512 830 secun-

204 852 294 888 dum
326 853 424 888 illud
455 854 556 901 quoa'
588 853 729 889 invenit
772 860 807 888 et
851 853 959 904 legit,
1007 853 1188 888 minimus
1233 852 1433 888 vocabitur
1478 852 1513 887 in

150 922 188 942 10
204 922 326 960 regno
359 911 541 947 celorum.
576 912 628 946 Et
641 911 755 959 forte
787 911 871 947 ideo
904 923 976 946 non
1010 911 1082 946 erit
1113 911 1149 946 in
1183 923 1305 960 regno
1329 911 1514 953 celorum,

203 968 266 1004 ubi
301 968 373 1004 nisi
409 969 545 1019 magni
578 981 657 1005 esse
693 982 765 1005 non
799 975 971 1018 possunt.
1024 969 1101 1012 Qui
1135 975 1261 1004 autem
1291 968 1437 1016 fecerit
1481 975 1516 1004 et

203 1026 378 1062 docuerit
413 1027 479 1072 sic,
525 1027 595 1063 hoc
634 1034 700 1072 est,
748 1028 812 1075 qui
854 1039 925 1063 non
969 1027 1130 1063 solverit
1166 1033 1203 1062 et
1247 1026 1420 1062 docuerit
1460 1026 1515 1062 sic

200 1084 408 1120 secundum
443 1085 483 1120 id
504 1083 605 1133 quod
633 1097 704 1120 non
737 1085 864 1131 solvit,
898 1097 1063 1134 magnus
1092 1084 1291 1120 vocabitur
1322 1084 1357 1119 in
1391 1096 1514 1134 regno

202 1142 396 1187 edorum,-
436 1143 609 1191 sequitur
648 1142 766 1178 ecianz
807 1150 847 1178 ut
884 1143 932 1178 sit
975 1142 1011 1178 in
1057 1154 1180 1192 regno
1225 1142 1396 1178 celorum
1441 1153 1513 1190 quo

149 1201 185 1233 15
202 1200 338 1250 magni
366 1201 632 1236 admittuntur.

1728 231 1803 266 119

1573 686 1756 721 Augustinc.

1539 744 1586 771 To
1608 744 1643 770 be
1663 744 1737 771 least
1756 743 1785 771 in

1560 778 1609 805 tlie
1630 778 1777 813 kingdom

1553 817 1782 875 {32521253250

1581 882 1759 917 altogether.

258 1257 426 1294 Videtur
469 1258 588 1294 istum
635 1267 816 1294 sanctum
863 1258 1068 1295 intendere
1113 1259 1219 1306 quod
1267 1258 1411 1305 duplex
1456 1263 1802 1294 estThosewholive

1550 1299 1579 1325 ill
1603 1307 1672 1335 may
1692 1299 1727 1325 be
1747 1299 1777 1326 in

200 1328 368 1363 regnum
393 1317 586 1361 celorum,
611 1315 762 1352 scilicet
785 1315 961 1352 militans
986 1316 1154 1353 ecclesia
1177 1325 1214 1352 et
1237 1315 1510 1364 triumphans;
1527 1333 1576 1360 the
1598 1332 1722 1360 Church
1749 1334 1802 1361 but

202 1373 271 1421 qui
303 1382 434 1410 autem
471 1376 587 1410 docet
620 1375 746 1422 legem
782 1374 854 1410 Dei
888 1383 925 1410 et
957 1374 1052 1410 vivit
1085 1373 1298 1417 contrarie,
1338 1373 1429 1410 licet
1462 1373 1511 1410 sit

202 1430 241 1467 in
275 1431 440 1467 ecclesia
472 1431 684 1478 militante,
729 1432 835 1480 apud
880 1432 1058 1468 divinum
1103 1431 1295 1469 iudicium
1342 1431 1409 1479 qui
1455 1440 1512 1467 est

84 1489 165 1532 367¹L
201 1489 332 1537 prima
364 1489 521 1535 veritas,
557 1489 746 1526 minimus
775 1489 779 1539 Ι
808 1490 1017 1526 vocabitur
1044 1490 1084 1526 in
1108 1489 1276 1526 ecclesia
1302 1489 1509 1533 militante,

202 1547 296 1595 quia
329 1556 521 1595 quantum
558 1547 598 1584 in
631 1548 717 1595 ipso
763 1557 820 1584 est
854 1561 897 1585 ex
930 1548 1165 1596 duplicitate
1211 1547 1281 1584 tali
1326 1547 1512 1584 falsificat

202 1607 331 1641 Deum
378 1618 513 1651 suum;
561 1606 666 1641 unde
698 1606 798 1642 nulli
843 1615 1012 1654 peccant
1055 1605 1212 1654 gravius
1259 1605 1299 1641 in
1344 1605 1513 1642 ecclesia

203 1662 399 1699 militante
432 1676 552 1712 quam
586 1664 685 1700 tales
718 1663 860 1711 prelati
893 1664 1071 1711 duplices
1109 1663 1357 1700 Antichristi.
1403 1663 1512 1699 Talis

202 1729 336 1757 autern
368 1721 460 1757 licet
492 1721 541 1757 sit
574 1722 609 1757 in
642 1721 811 1758 ecclesia
844 1722 1055 1767 militante,
1095 1735 1176 1758 non
1209 1730 1267 1757 est
1298 1730 1434 1758 tamen
1468 1722 1514 1756 de

146 1778 280 1824 251113,
314 1779 389 1815 nisi
421 1779 641 1827 resipiscat.
675 1780 802 1816 Multo
837 1779 962 1828 magis
996 1793 1088 1827 ergo
1121 1779 1188 1828 qui
1221 1792 1294 1816 nec
1326 1779 1420 1816 vivit
1453 1791 1511 1815 se-

203 1838 377 1873 cundum
413 1837 614 1873 Christum
648 1850 722 1873 nec
755 1840 871 1874 docet
904 1839 1029 1886 legem
1065 1837 1337 1886 evangelicam
1371 1850 1510 1873 secun—

202 1896 296 1930 dum
332 1895 476 1942 ipsum.

260 1954 374 1989 Unde
406 1952 650 2001 Augustinus
697 1965 818 2001 super
849 1953 1040 1989 Johannis
1088 1953 1245 1989 Omelia
1279 1954 1434 1990 CXX11³
1472 1952 1511 1988 in

202 2009 279 2046 fine
312 2010 368 2047 sic
400 2010 596 2059 quuitur:
643 2011 827 2048 Minimus
859 2018 984 2046 autem
1030 2011 1093 2047 ille
1136 2011 1198 2059 qui
1239 2011 1353 2047 solvit
1386 2011 1512 2059 factis

145 2070 187 2102 30
201 2069 301 2116 quod
333 2069 441 2104 docet
484 2069 610 2104 verbis
654 2069 689 2104 in
734 2069 805 2104 tali
846 2069 1004 2105 ecclesia
1045 2076 1171 2117 potest
1218 2081 1310 2114 esse,
1359 2069 1509 2117 qualem

200 2125 331 2176 signat
348 2127 512 2175 piscium
540 2127 671 2175 prima
696 2126 763 2162 illa
786 2134 962 2176 captura,
996 2127 1156 2163 habente
1177 2127 1293 2162 bonos
1316 2133 1349 2162 et
1375 2127 1510 2172 malos,

203 2184 290 2227 auia
321 2191 356 2220 et
388 2184 470 2233 ipsa
505 2184 646 2220 a'icitur
678 2196 842 2234 regnum
876 2185 1058 2220 celorum.
1106 2184 1275 2233 Propter
1306 2185 1408 2232 quod
1440 2184 1510 2219 ait:

202 2241 334 2277 Simile
372 2249 426 2277 est
464 2254 628 2292 regnum
662 2242 833 2277 celorum
865 2254 1008 2292 sagene
1041 2242 1154 2278 misse
1186 2242 1221 2277 in
1255 2254 1364 2278 mare
1395 2249 1430 2277 et
1462 2253 1512 2277 ex

202 2299 305 2334 omni
334 2311 477 2349 genere
504 2300 667 2348 piscium
692 2301 960 2350 congreganti.
1002 2300 1073 2335 Ubi
1096 2300 1175 2335 vult
1208 2300 1376 2350 intelligi
1395 2300 1512 2335 bonos

145 2358 185 2391 35
202 2363 236 2392 et
269 2358 403 2399 malos,
436 2369 529 2405 quos
561 2358 651 2393 dicit
682 2357 718 2393 in
751 2358 876 2401 litore7
909 2358 948 2393 id
979 2365 1047 2404 θεῖ,
1081 2358 1116 2393 in
1138 2358 1223 2407 fine
1254 2357 1372 2393 seculi
1400 2369 1511 2406 sepa-

203 2415 358 2450 randos.
407 2415 580 2463 Denique
624 2422 663 2450 ut
707 2416 925 2451 ostenderet
969 2416 1061 2451 istos
1105 2406 1280 2451 miniinos
1325 2427 1404 2452 esse
1450 2415 1514 2464 qui

271 2606 298 2633 ὁ.
320 2607 348 2633 Α
368 2606 397 2633 in
419 2614 532 2641 marg:
552 2606 751 2643 Augustinus.
825 2606 866 2634 16.
888 2607 915 2633 A
936 2606 966 2633 in
988 2614 1101 2641 marg:
1122 2605 1287 2633 Johannes.
1367 2614 1412 2634 20.
1434 2607 1512 2633 mili-

201 2642 288 2668 tante
306 2640 337 2667 in
358 2640 448 2667 codd.
467 2640 607 2668 Rectius:
629 2641 848 2677 triumphante.

273 2755 302 2777 2.
328 2745 447 2777 Matth.
472 2747 515 2786 V,
552 2757 601 2790 19.
731 2747 762 2779 6.
796 2749 829 2779 S.
864 2748 1058 2789 Augustini,
1092 2748 1143 2778 De
1174 2757 1337 2779 sermone
1369 2747 1510 2779 Domini

203 2792 237 2822 in
268 2798 397 2832 monte,
424 2792 446 2824 l.
472 2803 499 2824 c.
526 2803 559 2834 p.
591 2793 664 2835 175.
762 2793 815 2825 28.
842 2795 875 2825 S.
902 2794 1086 2835 Augustini
1114 2794 1148 2824 in
1172 2793 1341 2825 Johannis
1366 2794 1510 2835 Evang.,

203 2848 276 2879 cap.
301 2838 387 2878 XXI,
414 2838 527 2870 Tract.
556 2840 684 2879 CXXII,
712 2840 802 2882 Opp.
829 2847 913 2871 tom.
941 2840 994 2879 III,
1021 2850 1053 2881 p.
1080 2840 1118 2880 ΙΙ,
1144 2838 1222 2880 814,
1248 2838 1326 2871 815.

1548 1376 1599 1395 are
1620 1373 1672 1395 not
1692 1369 1726 1395 ot'
1742 1368 1775 1396 it.
