2003 3322
225 210 314 239 CAP.
335 202 430 257 ΠΧ]
693 212 905 244 SECUNDA
932 211 1059 244 PARS.

218 320 425 354 secundum
458 319 598 366 Deum,
633 319 679 354 de
708 331 870 368 quorum
905 326 1036 354 ventre
1067 325 1208 354 exeunt
1229 317 1396 368 flumina
1436 330 1532 366 aque

219 377 314 412 vive.
348 377 563 412 Ecclesiam
611 388 708 426 ergo
751 389 865 425 quam
903 373 1082 413 Christus
1129 376 1190 411 vir
1219 375 1373 424 sapiens
1409 388 1528 424 supra

214 442 367 482 petram
412 434 614 483 edificavit,
668 446 786 482 neque
818 434 952 482 pluvia
991 433 1188 469 mendacis
1226 433 1398 469 doctrine
1442 445 1529 469 cor-

219 492 363 541 rumpit
414 504 530 540 neque
575 492 748 527 diabolus
791 492 952 540 impellit
1003 503 1121 540 neque
1161 490 1415 527 violentorum
1448 491 1530 540 flu-

185 549 359 587 5minum
412 549 574 598 impetus
624 556 760 586 movet.
814 550 916 584 Nam
956 556 991 584 et
1028 549 1063 584 si
1099 548 1326 584 humiliatur
1370 548 1528 584 ecclesia

212 614 379 655 propter
400 607 663 650 tentacionem,
693 614 818 642 tamen
836 607 970 655 perire
994 618 1066 642 non
1084 613 1212 655 potest
1228 606 1527 655 propterfidem

224 664 378 700 Christi.
431 665 513 700 Nec
551 672 606 700 est
644 664 884 700 contrarium
937 665 1039 712 quod
1076 664 1230 712 quidam
1276 665 1323 700 de
1369 663 1527 700 ecclesia

218 722 369 757 cadunt.
403 722 468 757 Illi
497 722 593 758 enim
627 734 818 771 nunquam
852 721 1056 758 christiani
1073 722 1257 770 fuerunt.
1291 721 1397 758 Sicut
1429 721 1527 757 enim

217 791 289 815 non
322 791 452 815 omnes
489 780 553 828 qui
581 788 668 816 sunt
706 791 756 815 ex
793 780 918 815 Israel
949 779 1004 815 hii
1032 787 1119 815 sunt
1149 779 1337 827 Israelite,
1369 779 1423 815 sic
1455 791 1528 815 non

165 843 204 865 ¹0
218 849 348 873 omnes
379 837 444 886 qui
473 838 676 873 christiani
707 837 887 873 dicuntur
925 845 960 873 et
1003 837 1151 873 Christi
1185 844 1284 873 sunt.
1342 835 1530 874 Christia-

217 907 353 930 norum
399 895 496 931 enim
537 907 654 944 opera
692 902 779 930 sunt
816 895 1051 944 aspicienda,
1090 906 1162 931 non
1207 895 1372 930 nomina.
1424 894 1530 930 Dicit

216 952 313 988 enim
345 953 576 1002 Apostolus:
614 953 805 1003 Cognovit
822 952 1014 989 Dominus
1047 952 1112 1001 qui
1139 960 1228 988 sunt
1259 952 1337 988 eius
1370 959 1424 988 et:
1460 952 1530 987 Di-

214 1010 347 1046 scedat
397 1011 443 1047 ab
482 1011 677 1059 iniquitate
715 1011 837 1047 omnis
873 1010 938 1059 qui
986 1010 1137 1046 inuocat
1187 1022 1322 1046 nomen
1359 1010 1529 1046 Domini.

213 1068 328 1118 Ergo
380 1068 444 1116 qui
493 1068 653 1104 discedit
690 1069 736 1104 ab
788 1068 986 1117 iniquitate
1038 1068 1103 1103 ille
1153 1075 1208 1104 est
1255 1067 1413 1114 Christi,
1468 1068 1532 1116 qui

163 1132 288 1165 15non
342 1138 460 1162 vacue
510 1126 708 1162 nominant
759 1138 893 1162 nomen
942 1125 1107 1170 Christi,·
1157 1125 1222 1174 qui
1271 1137 1362 1161 vero
1414 1138 1531 1162 vacue

216 1183 412 1219 nominant
443 1196 577 1220 nomen
616 1184 763 1220 Christi
792 1184 850 1219 illi
880 1184 976 1220 tales
1008 1195 1074 1219 nec
1105 1195 1225 1232 supra
1253 1190 1408 1233 petram
1431 1183 1534 1233 fidei

216 1248 327 1276 erant
377 1241 557 1290 edificati,
624 1241 723 1278 sicut
782 1241 947 1290 inferius
1007 1241 1261 1280 ostendemus.
1329 1240 1532 1278 Adversus

216 1299 372 1335 domum
432 1306 560 1335 autem
621 1311 734 1348 quam
796 1299 1045 1349 edificaverat
1103 1299 1243 1334 stultus
1293 1298 1366 1335 sibi
1413 1311 1532 1348 super

215 1368 389 1403 arenam,
429 1357 470 1392 id
500 1364 567 1403 est,
613 1358 801 1393 adversus
838 1356 1004 1407 gentiles
1047 1363 1083 1393 et
1115 1368 1244 1392 omnes
1282 1356 1419 1406 impios
1469 1357 1533 1405 qui

159 1419 201 1442 20
215 1421 303 1450 sunt
334 1414 478 1451 diaboli
499 1415 647 1460 domus,
683 1415 876 1452 descendit
892 1414 1041 1464 pluvia,
1073 1414 1114 1450 id
1146 1421 1214 1461 est,
1248 1414 1421 1451 veritatis
1445 1415 1531 1450 a’oc-

217 1471 319 1507 trina
345 1484 422 1521 per
449 1473 700 1521 propheticas
732 1480 768 1509 et
799 1473 1030 1522 apostolicas
1073 1473 1200 1508 nubes.
1234 1471 1532 1509 Descenderunt

218 1529 329 1575 venti,
362 1529 402 1565 id
433 1537 500 1576 est,
533 1531 670 1580 gracie
701 1530 924 1579 spirituales
955 1537 1022 1566 aut
1052 1530 1185 1580 angeli
1205 1530 1270 1579 qui
1289 1530 1532 1566 invisibiliter

217 1594 420 1636 operantes
452 1588 622 1624 homines
653 1589 705 1624 ad
724 1588 850 1638 fidem
885 1588 1059 1624 veritatis
1091 1587 1285 1625 inclinant.
1341 1588 1532 1624 Venerunt

206 1645 387 1694 flumina,
426 1645 466 1680 id
496 1653 564 1693 est,
616 1654 782 1694 quatuor
812 1645 1066 1696 Evangeliste
1096 1653 1162 1681 aut
1193 1645 1312 1682 ceteri
1340 1645 1532 1694 sapientes

161 1709 201 1742 25
217 1709 252 1738 et
294 1702 538 1753 impegerunt
583 1703 618 1739 in
664 1704 818 1740 domum
859 1704 981 1740 illam.
1032 1703 1086 1739 Et
1131 1703 1185 1739 sic
1229 1703 1363 1739 cecidit
1395 1704 1532 1739 domus

218 1760 362 1796 diaboli
380 1761 644 1810 spiritualibus
658 1761 919 1798 instrumentis
941 1768 976 1797 et
998 1768 1124 1797 erecta
1140 1768 1195 1798 est
1217 1762 1354 1797 domus
1374 1761 1530 1797 Christi.

216 1817 269 1853 Et
301 1830 345 1854 ne
376 1819 533 1855 mireris
562 1819 650 1868 quia
681 1827 817 1870 gentes
860 1819 1050 1855 venientes
1092 1819 1145 1854 ad
1181 1820 1300 1868 pedes
1345 1819 1532 1855 decidisse

218 1875 409 1911 dicuntur.
467 1876 697 1913 Ceciderunt
733 1878 830 1913 enim
871 1877 1022 1913 diabolo
1060 1884 1099 1912 ut
1141 1884 1324 1926 superent
1360 1875 1529 1915 Christo.

215 1933 321 1969 Jacet
353 1934 450 1970 enim
484 1935 605 1971 omnis
628 1935 754 1979 homo,
786 1934 968 1984 quamdiu
991 1935 1163 1970 ambulat
1195 1935 1230 1970 in
1261 1934 1442 1985 peccatis,
1463 1935 1532 1970 sed

161 1988 203 2020 30
218 1991 371 2027 diabolo
402 1999 490 2035 stat,
528 1992 684 2029 Christo
716 2000 842 2028 autem
876 1992 983 2030 iacet.
1031 1990 1129 2029 Cum
1162 2000 1288 2029 autem
1322 2004 1532 2028 conversus

206 2049 335 2097 fuerit
366 2050 418 2085 ad
449 2049 651 2097 iusticiam,
691 2051 844 2086 diabolo
877 2050 1025 2098 quidem
1059 2050 1174 2097 cadit,
1213 2049 1370 2087 Christo
1403 2057 1529 2086 autem

216 2107 356 2156 surgit.
378 2107 483 2143 Dicit
504 2108 601 2143 enim
615 2108 808 2157 propheta
833 2109 879 2144 de
893 2108 1106 2144 hominibus
1128 2108 1335 2144 liberatisa
1356 2108 1510 2144 Christo
1522 2123 1532 2143 .-

215 2165 397 2200 Ascendit
428 2165 463 2200 in
497 2166 631 2211 altum,
665 2166 855 2214 captivam
889 2166 1004 2202 duxit
1035 2166 1308 2214 captivitatem.

275 2222 382 2267 Item,
415 2223 606 2259 Dominus
629 2223 811 2272 quamdiu
835 2224 961 2271 fortis
992 2230 1168 2259 armatus
1189 2223 1355 2260 custodit
1386 2223 1528 2259 atrium

161 2286 201 2320 35
216 2292 340 2325 suum,
373 2281 408 2316 in
441 2288 520 2316 tuto
557 2289 644 2317 sunt
666 2281 791 2317 onznia
814 2282 905 2327 eius,
938 2293 1023 2317 cum
1046 2288 1171 2317 autem
1196 2281 1342 2317 venerit
1356 2281 1531 2330 forcior,

218 2337 373 2386 diripiet
424 2351 515 2374 vasa
561 2339 651 2385 eius,
694 2339 839 2374 scilicet
884 2339 1032 2388 impios,
1082 2351 1132 2375 ex
1175 2339 1308 2387 quibus
1354 2339 1529 2389 edificata

208 2395 351 2444 fuerat
395 2396 538 2432 diaboli
587 2397 735 2433 domus.
790 2396 853 2432 Sic
896 2408 994 2446 ergo
1037 2397 1244 2432 secundum
1276 2397 1528 2447 propheciam

218 2453 360 2502 captivi
390 2455 581 2501 dicuntur,
615 2462 795 2503 quantum
829 2455 880 2490 ad
912 2455 1120 2501 diabolum,
1148 2454 1213 2503 qui
1242 2455 1293 2490 ad
1315 2455 1528 2491 libertatem

206 2511 310 2560 fidei
338 2519 425 2547 sunt
456 2513 645 2560 conversi,
679 2512 818 2548 directi
860 2512 1041 2548 dicuntur
1071 2513 1280 2548 secundum
1317 2512 1528 2559 Christum,

287 2663 316 2691 9.
336 2656 381 2685 A:
403 2657 433 2684 in
452 2657 559 2685 Israel.
634 2665 672 2685 12.
694 2657 732 2684 B:
755 2660 783 2685 et
803 2658 897 2685 deest.
970 2655 1011 2685 35.
1033 2657 1072 2685 B:
1095 2657 1225 2685 Domum
1244 2665 1342 2685 suam.
1414 2656 1461 2685 36.
1482 2659 1527 2686 A:

218 2691 345 2726 d1'ripit;
366 2693 406 2719 ib.
428 2693 472 2736 Al:
494 2692 603 2728 impios
623 2693 717 2719 deest.
790 2691 823 2727 37
844 2692 866 2719 B
883 2692 1017 2728 :fuerit.
1090 2691 1137 2726 39.
1157 2691 1197 2719 B:
1219 2694 1251 2732 et
1268 2692 1388 2720 directi.

292 2773 341 2795 12.
369 2764 407 2795 ΙΙ.
433 2764 525 2796 Tim.
541 2765 578 2804 ΙΙ,
610 2775 660 2807 19.
757 2765 811 2797 33.
837 2764 962 2795 Psalm.
980 2764 1112 2804 LXVII,
1144 2774 1193 2807 ¹9-
1274 2764 1328 2804 34.
1344 2764 1459 2796 Lucae
1472 2764 1528 2803 XI,

220 2819 273 2850 21,
301 2819 356 2840 22.

1347 2869 1389 2900 30

1578 553 1645 581 The
1666 554 1782 582 church

1590 594 1703 616 cannot
1722 591 1774 617 fail

1591 624 1707 659 though
1729 625 1766 652 its

1555 701 1582 720 m
1589 701 1602 719 e
1607 667 1721 720 [ὃτιρῠρεῗ-ἓε
1725 665 1758 721 1irtl
1764 703 1778 721 a
1782 704 1808 731 y.
