2062 3327
171 596 187 627 5

150 964 189 985 10

85 1115 166 1150 353‘l

152 1291 187 1323 15

150 1591 190 1612 20

149 2163 190 2195 30

150 2450 190 2483 35

203 251 292 279 CAP.
312 242 381 295 111.]
729 252 868 282 PRlMA
897 252 1022 282 PARS.

1782 256 1802 290 7

204 372 247 395 ex
280 360 355 394 hoc
388 359 496 406 quod
531 370 574 394 ex
607 366 715 393 tanta
761 357 945 405 superbia
993 357 1046 393 sic
1085 357 1231 393 resistit
1264 359 1515 395 ordinacioni
1548 364 1614 390 The
1638 365 1783 398 preacher

1531 399 1595 425 that
1610 399 1679 425 llius
1694 400 1806 426 abusus

204 416 347 453 divine.
389 417 480 452 Ideo
515 415 651 451 dicunt
685 414 850 463 quidam
890 417 998 463 quod
1039 424 1226 463 peccator
1260 416 1326 463 qui
1360 416 1415 452 sic
1449 418 1515 452 ab·
1556 433 1652 460 (χοᾶς
1672 434 1743 467 gitis
1764 434 1789 460 i>

203 488 297 511 usus
341 473 459 519 fuerit
508 474 614 510 dono
660 472 731 509 Dei
781 481 838 509 est
883 472 1025 509 similis
1069 485 1187 509 vacce
1232 487 1308 521 que
1355 474 1514 522 copiam

204 532 318 569 lactis
351 531 495 579 largita
528 531 646 567 fuerit
679 539 715 567 et
750 539 840 578 post
862 531 1073 567 collectam
1098 531 1264 579 dissipat
1297 533 1397 579 pede
1431 545 1516 568 suo.

204 590 245 627 Si
281 589 383 626 enim
419 589 596 637 prelatus
643 589 702 625 vel
736 588 836 624 alius
870 589 988 625 docet
1019 589 1246 626 doctrinam
1282 589 1517 630 mellifluam

205 657 242 685 et
274 656 364 696 post
396 646 435 683 in
468 646 655 695 operibus
680 656 736 683 est
760 647 985 683 contrarius
1012 647 1189 683 doctrine
1214 647 1390 695 proprie,
1425 649 1518 683 doc-

204 705 350 742 trinam
384 704 587 753 propriam
634 704 799 753 dissipat
843 704 952 752 prius
998 706 1169 755 doctam,
1203 705 1297 753 quia
1329 718 1429 753 opus
1462 714 1520 742 est

205 762 468 800 confirmacio
500 762 669 812 virtutis,
704 763 759 800 sic
793 765 898 798 Deus
921 763 1152 811 potenciam
1187 775 1299 799 suam
1337 764 1519 800 enucleat

203 834 273 870 per
304 834 427 870 opera
460 833 536 869 que
568 821 767 869 produxit.

732 945 870 986 CAP.
907 945 990 987 III.

263 1053 452 1101 Sequitur
484 1054 740 1089 tractandum
776 1054 824 1088 de
864 1054 1019 1089 duobus
1058 1053 1186 1089 verbis
1220 1066 1296 1102 que
1330 1067 1372 1090 ex
1412 1054 1518 1091 dicto

205 1111 416 1160 prohemio
449 1120 540 1147 sunt
571 1111 748 1148 dimissa.
781 1113 964 1157 Quorum
998 1111 1175 1159 primum
1204 1107 1210 1163 Ι
1240 1121 1315 1148 est:
1349 1112 1401 1147 Et
1433 1125 1517 1148 cum

204 1170 375 1213 sedisset,
408 1177 652 1206 accesserunt
698 1170 749 1205 ad
791 1182 875 1205 eum
910 1170 1088 1218 discipuli
1117 1170 1207 1206 eius.
1244 1170 1321 1206 Ubi
1354 1171 1434 1206 duo
1468 1183 1511 1206 ex

206 1240 325 1264 causa
360 1227 573 1275 multiplici
621 1236 711 1263 sunt
755 1228 944 1264 notanda.
994 1229 1111 1273 Quod
1160 1236 1295 1263 autem
1337 1227 1519 1264 Christus

206 1286 423 1322 ascendens
457 1285 572 1332 sedit,
606 1285 736 1333 signat
780 1286 889 1333 quod
933 1285 998 1322 ille
1032 1294 1088 1321 est
1122 1285 1312 1333 magister
1344 1286 1519 1333 optimus

207 1343 275 1392 qui
307 1344 484 1380 traderet
517 1344 620 1380 hanc
655 1342 879 1380 doctrinam
928 1352 965 1379 et
998 1344 1107 1390 quod
1139 1343 1370 1390 predicator
1403 1345 1520 1381 debet

205 1401 484 1449 inperturbato
530 1401 665 1438 animo
712 1401 843 1437 dicere
888 1402 1037 1449 populo
1081 1402 1247 1437 verbum
1282 1401 1367 1437 Dei.
1430 1404 1519 1438 Non

207 1459 313 1496 enim
347 1460 463 1496 debet
496 1459 726 1507 predicator
773 1458 1041 1507 pronunciare
1076 1459 1357 1496 excellenciam
1391 1472 1517 1505 suam,

205 1518 360 1553 lucrum
384 1518 444 1554 vel
469 1518 727 1553 commodum
752 1519 821 1553 sed
844 1517 1057 1553 utilitatem
1083 1517 1223 1565 populi
1246 1519 1296 1553 ad
1320 1518 1516 1554 honorem

206 1575 296 1621 Dei;
344 1584 381 1612 et
425 1575 522 1611 illud
566 1575 747 1624 signatur
797 1587 867 1623 per
911 1575 1088 1623 quietam
1136 1574 1355 1612 sessionem
1403 1576 1519 1612 huius

207 1633 401 1682 magistri.
434 1636 482 1669 Et
516 1646 559 1670 ex
592 1634 666 1670 isto
701 1633 959 1670 confunditur
992 1646 1104 1669 error
1136 1633 1416 1681 phariseorum
1451 1635 1519 1683 qui

205 1692 348 1729 nolunt
395 1691 603 1740 predicare
650 1691 726 1728 nisi
774 1691 813 1727 in
859 1691 1013 1739 pulpito
1059 1703 1131 1727 nec
1179 1692 1330 1739 populo
1363 1691 1439 1728 nisi
1472 1694 1520 1729 de

206 1763 285 1798 quo
330 1759 490 1798 sperant
534 1750 757 1798 temporale
802 1751 1061 1786 commodum
1108 1750 1169 1785 vel
1202 1751 1412 1786 honorem.
1459 1752 1518 1786 Ab

205 1808 391 1844 omnibus
407 1807 511 1844 enim
529 1807 675 1845 talibus
693 1807 851 1856 quietus
867 1808 982 1844 debet
997 1819 1079 1843 esse
1095 1806 1345 1855 predicantis
1362 1808 1519 1844 animus

206 1875 413 1914 tamquam
448 1867 601 1902 sedens.
636 1867 727 1902 Ideo
761 1865 907 1902 dicitur
952 1865 1222 1902 communiter
1255 1867 1363 1914 quod
1397 1866 1519 1903 sessio

207 1924 355 1961 Christi
379 1924 419 1960 in
452 1924 660 1972 proposito
694 1923 822 1972 signat
839 1932 1079 1972 potestatem
1100 1924 1309 1960 condentis
1344 1924 1519 1972 quietem

207 1982 290 2018 sine
323 1982 630 2030 perturbacione
664 1991 701 2018 et
744 1994 924 2018 amorem
968 1995 1014 2018 ac
1042 1981 1359 2018 familiaritatem
1391 1983 1519 2018 exclu-

206 2041 365 2076 dentem
400 2049 594 2076 terrorem
628 2040 725 2087 legis
759 2040 922 2088 antique
955 2041 1018 2085 (de
1052 2052 1131 2088 quo
1164 2040 1286 2076 Exodi
1322 2042 1441 2086 XXO),

264 2099 491 2134 Secundum
537 2099 760 2134 notandum
796 2107 851 2134 est
885 2099 991 2146 quod
1036 2097 1223 2145 discipuli
1256 2097 1296 2134 in
1342 2106 1518 2134 montem

206 2165 459 2192 accesserunt
493 2158 542 2192 ad
576 2155 793 2202 Christum,
828 2155 896 2192 ubi
929 2164 1090 2192 notatur
1114 2157 1221 2203 quod
1241 2156 1308 2204 qui
1332 2157 1414 2192 vult
1438 2169 1520 2193 esse

208 2213 336 2250 maior
381 2213 528 2250 Christi
575 2214 793 2262 discipulus
839 2215 956 2250 debet
1000 2226 1082 2249 esse
1128 2213 1389 2261 spiritualiter
1433 2215 1520 2262 plus

206 2280 441 2308 montuosus
482 2273 531 2308 ad
565 2284 724 2308 sensum
771 2271 991 2320 expositum
1040 2280 1076 2307 et
1110 2271 1376 2320 propinquius
1410 2272 1521 2320 sequi

207 2329 422 2366 Christum.
466 2331 587 2366 Modo
620 2339 752 2366 autem
787 2339 843 2366 est
888 2330 962 2365 ista
995 2329 1176 2365 condicio
1211 2343 1280 2378 per
1313 2329 1520 2366 diabolum

206 2389 427 2433 adversata,
461 2387 554 2436 quia
587 2397 676 2436 post
721 2389 899 2424 dotatam
946 2387 1153 2423 ecclesiam
1201 2388 1269 2436 qui
1303 2397 1360 2424 est
1394 2387 1522 2424 maior

207 2445 246 2481 in
270 2458 315 2482 ea
337 2447 557 2482 secundum
582 2445 913 2482 consuetudinem
943 2445 1213 2482 introductam
1245 2455 1302 2482 est
1325 2459 1347 2482 a
1363 2446 1522 2482 Christo

208 2503 426 2540 distancior
456 2505 589 2552 quoad
622 2503 895 2540 imitacionem
920 2516 1093 2550 morum,
1117 2512 1160 2540 ut
1182 2512 1291 2552 patet
1324 2505 1371 2540 de
1403 2517 1521 2554 papa,

276 2702 301 2722 2.
322 2695 344 2722 B
364 2695 395 2722 in
416 2703 530 2730 marg:
546 2700 578 2723 .ι.
654 2694 681 2722 S.
698 2694 816 2722 Codd.:
833 2696 977 2722 enucliat.
1054 2703 1093 2722 ιο.
1116 2696 1144 2722 A
1159 2696 1189 2722 in
1207 2703 1322 2730 marg:
1343 2694 1523 2727 Johannes‚·

209 2730 230 2757 Β
251 2730 280 2756 in
303 2738 414 2764 marg:
429 2738 462 2764 3.
537 2729 576 2756 13.
596 2730 623 2756 A
645 2730 674 2756 in
696 2737 809 2764 marg:
832 2730 912 2757 Nola
933 2730 1003 2757 duo.
1027 2739 1045 2757 1.
1122 2738 1163 2765 ¹9·
1180 2731 1225 2756 A:
1248 2730 1297 2757 Ad
1320 2738 1427 2757 vocem
1445 2738 1520 2765 pro-

208 2765 355 2791 nunciare
370 2764 507 2799 sequitur
521 2764 551 2791 in
567 2772 681 2799 marg:
699 2765 849 2799 proximo,
924 2772 967 2799 27.
986 2765 1021 2791 ss:
1042 2766 1108 2792 sine
1121 2765 1311 2791 turbacione.
1384 2772 1430 2799 29.
1446 2767 1474 2791 A
1490 2765 1519 2791 in

210 2807 322 2833 marg:
345 2806 372 2826 2.

283 2881 332 2902 12.
360 2870 478 2902 Manli.
505 2872 546 2910 V,
579 2882 604 2901 1.

1539 469 1596 494 like
1617 477 1632 494 a
1653 476 1719 494 cow
1736 470 1797 495 that

1546 502 1631 529 kiclts
1652 511 1725 529 over
1745 503 1795 529 the

1539 537 1597 571 pail
1619 538 1670 565 full
1692 537 1726 564 of
1743 538 1795 565 her

1630 572 1712 599 milk.

1576 1060 1716 1094 meaning
1736 1060 1770 1086 of

1540 1095 1673 1122 Clirist's
1694 1095 1798 1130 sitting

1621 1129 1724 1156 down.

1571 2115 1675 2142 Those
1697 2116 1766 2142 wlio

1591 2150 1691 2177 would
1715 2151 1749 2177 bc·

1609 2185 1741 2212 Clirist’s

1554 2220 1699 2254 disciples
1721 2226 1803 2247 must

1578 2255 1681 2281 follow
1703 2255 1766 2282 him

1598 2290 1755 2324 upwards.
