2062 3327
216 246 305 274 CAP.
329 237 398 290 1v.]
716 247 856 280 panim
884 248 1010 280 PARS.
1767 242 1803 277 13

214 356 379 392 ecclesie
413 356 479 404 qui
512 356 696 392 videntur
736 368 819 392 esse
858 355 1011 404 aliquid
1049 368 1131 391 non
1170 357 1319 392 audent
1351 369 1425 404 pro
1459 358 1524 392 de-

213 413 390 450 fensione
412 413 648 450 excellencie
664 413 759 461 legis
775 414 922 449 Christi
938 415 1105 461 perdere
1120 426 1250 461 pauca
1268 414 1523 462 temporalia,

212 472 360 508 famam
383 471 507 508 seculi
529 472 589 508 vel
609 472 823 517 honorem3
852 472 921 508 sed
944 470 1012 507 ubi
1035 472 1124 519 plus
1146 484 1285 508 vecors
1309 471 1524 508 infidelitas

210 529 271 566 vel
303 529 580 565 inobediencia
611 531 701 565 Jesu
734 529 921 565 Christo?

269 588 344 623 Sed
378 586 623 635 Augustinus
652 595 695 623 ut
727 600 848 635 supra
878 586 973 623 dicit
1003 588 1112 634 quod
1134 587 1281 623 tercius
1315 587 1522 623 abusionis
1572 599 1773 636 Augustine⁷s

211 646 357 692 gradus
391 653 448 681 est
471 645 505 681 si
525 645 747 681 adolescens
767 645 847 681 sine
869 645 1084 681 obediencia
1119 645 1421 694 deprehenditur
1452 657 1524 694 quo
1547 636 1803 705 ῃξᾚΐῇὶὲξξξζῐζὲ

210 703 376 739 mundus
406 716 428 738 a
452 710 556 739 recto
579 703 714 738 ordine
737 703 902 738 racionis
926 703 1177 752 depravatur.
1208 703 1386 747 Qualiter
1416 716 1523 739 nam-
1563 705 1745 744 should-fail
1767 705 1797 732 in

211 772 281 808 que
326 761 361 796 in
405 768 596 797 senectute
639 760 857 796 ministrari
897 761 955 796 illi
989 761 1160 810 sperabit
1203 761 1267 809 qui
1314 761 1349 796 in
1394 761 1523 797 adole—
1591 740 1768 768 obedoence.

209 818 357 854 scencia
372 831 412 854 se
433 818 646 854 senioribus
661 818 916 854 obedienciam
933 818 1116 855 exhibere
1138 819 1400 868 contempnit?
1418 819 1526 855 Unde

158 883 245 913 10et
288 876 323 912 in
362 876 583 926 proverbiis
627 877 732 925 apud
783 883 932 912 veteres
981 876 1144 912 habetur
1187 877 1289 925 quod
1332 877 1528 913 dominari

210 942 370 983 nequeat
401 934 466 983 qui
476 934 824 983 servitutemprius
838 934 955 970 alicui
967 934 1133 984 denegat
1159 934 1338 984 prebere.
1356 935 1527 984 Propter

210 992 312 1041 quod
350 999 385 1028 et
424 992 599 1028 dominus
640 992 751 1028 Jesus
794 992 830 1027 in
875 992 1109 1042 temporibus
1151 1004 1218 1028 sue
1260 992 1401 1039 carnis,
1435 993 1524 1028 dum

209 1050 336 1086 adhuc
390 1051 442 1085 ad
497 1057 633 1086 etatem
685 1049 898 1100 legitimam
957 1050 1126 1086 doctoris
1177 1062 1250 1086 non
1289 1058 1526 1100 pervenerat

211 1108 429 1144 obedienter
460 1107 785 1159 ministracionem
814 1108 1043 1156 parentibus
1073 1108 1152 1143 suis
1184 1108 1384 1157 prestavit.
1420 1108 1526 1144 Sicut

157 1169 308 1216 15ergo
341 1165 376 1201 in
408 1165 559 1202 senibus
590 1165 778 1201 sobrietas
810 1173 845 1201 et
884 1178 1035 1201 morum
1064 1166 1265 1215 perfeccio
1298 1166 1525 1215 requiritur,

208 1224 260 1259 ita
290 1223 325 1259 in
363 1224 667 1260 adolescentibus
701 1224 919 1271 obsequium
962 1231 996 1260 et
1020 1223 1206 1259 subieccio
1238 1231 1273 1260 et
1306 1224 1523 1260 obediencia

210 1281 282 1317 rite
314 1281 483 1317 debetur.
515 1282 766 1330 Quapropter
797 1289 832 1317 et
863 1281 899 1316 in
932 1281 1125 1317 mandatis
1157 1281 1257 1331 Iegis
1282 1282 1455 1331 primum
1489 1282 1525 1317 in

209 1339 266 1375 his
304 1351 375 1387 que
420 1340 471 1375 ad
514 1339 703 1375 hominem
743 1339 937 1388 pertinent
978 1340 1107 1389 patris
1151 1347 1186 1375 et
1228 1340 1366 1375 matris
1404 1341 1527 1375 honor

208 1397 437 1446 imperatur,
483 1397 568 1445 quia
602 1397 775 1445 quamvis
807 1397 977 1433 carnalis
1010 1405 1128 1447 pater
1159 1410 1231 1433 non
1263 1397 1527 1447 supervixerit

153 1469 194 1490 20
208 1462 274 1490 aut
305 1455 487 1505 indignus
522 1455 666 1503 fuerit,
709 1455 828 1491 alicui
857 1462 983 1491 tamen
1017 1455 1128 1504 patri
1167 1455 1286 1505 digno
1318 1463 1353 1492 et
1386 1455 1529 1491 viventi

203 1520 392 1562 paternus
425 1514 549 1549 lzonor
580 1525 696 1561 usque
727 1513 778 1548 ad
817 1513 975 1563 dignam
1023 1520 1159 1549 etatem
1192 1526 1214 1548 a
1234 1513 1335 1562 filiis
1361 1514 1526 1562 preben-

210 1571 281 1607 dus
313 1583 393 1606 esse
425 1570 649 1606 ostenditur.
690 1570 870 1620 Quatuor
891 1571 1026 1606 etenim
1053 1571 1177 1607 modis
1204 1583 1279 1620 per
1310 1572 1529 1621 scripturas

211 1629 360 1664 divinas
376 1636 512 1677 patres
534 1635 734 1675 vocantur,
752 1629 822 1664 hoc
845 1636 911 1672 est,
932 1636 1087 1675 natura,
1101 1636 1228 1679 gente,
1247 1629 1527 1674 admonicione‚

210 1693 318 1723 etate.
354 1687 414 1722 De
430 1694 547 1735 patre
577 1698 739 1735 namque
761 1687 935 1722 naturali
962 1687 1080 1723 Jacob
1099 1688 1151 1722 ad
1171 1687 1305 1723 Laban
1339 1687 1529 1736 loquitur:

154 1748 193 1780 25
211 1745 298 1780 Nisi
326 1744 444 1780 timor
469 1744 599 1793 patris
630 1744 705 1780 mei
731 1745 841 1780 Isaac
882 1744 1086 1792 adfuisset,
1118 1745 1268 1781 tulisses
1301 1745 1426 1781 onmia
1459 1757 1529 1794 que

211 1815 294 1837 mea
337 1810 435 1838 sunt.
487 1803 607 1838 Gente
651 1814 743 1838 vero
785 1810 902 1851 pater
945 1802 1099 1847 dicitur,
1133 1804 1285 1851 quando
1329 1803 1436 1838 Deus
1477 1804 1530 1838 ad

210 1860 377 1911 Moysen
411 1861 458 1896 de
502 1860 596 1896 rubo
642 1859 888 1908 loquebatur:
931 1860 1021 1910 Ego
1052 1873 1150 1904 sum,
1195 1861 1377 1909 inquiens,
1421 1861 1529 1897 Deus

206 1925 365 1967 patrum
399 1925 567 1961 tuorum,
599 1918 706 1953 Deus
720 1918 933 1965 Abraham,
966 1919 1072 1954 Deus
1103 1919 1227 1966 Isaac,
1259 1920 1367 1955 Deus
1397 1919 1526 1955 Jacob.

211 1976 326 2012 Etate
357 1983 483 2012 autem
516 1983 551 2012 et
582 1976 847 2012 admonicione
864 1984 982 2025 pater
1003 1977 1158 2023 dicitur,
1187 1989 1271 2012 cum
1296 1977 1460 2027 Moyses
1492 1977 1527 2012 in

156 2039 197 2071 30
211 2035 357 2070 cantico
372 2033 667 2070 Deuteronomii
688 2034 850 2080 XXXII,
879 2044 914 2082 7,
942 2034 1359 2084 loquitur-:Interroga
1371 2042 1526 2083 patrem

212 2099 317 2127 tuum
350 2099 418 2128 etc.
470 2092 585 2142 Quod
615 2091 650 2127 si
691 2104 788 2143 ergo
832 2092 1023 2127 naturalis
1056 2099 1174 2141 pater
1215 2099 1410 2141 superstes
1455 2104 1527 2128 non

203 2150 332 2197 fuerit
363 2157 429 2186 aut
461 2150 646 2200 indignus
669 2150 811 2198 fuerit,
850 2150 1073 2185 admonenti
1102 2157 1228 2186 tamen
1260 2150 1405 2186 seniori
1435 2151 1529 2185 ado—

214 2208 387 2244 lescentis
403 2208 619 2243 obediencia
639 2208 837 2257 prebenda
856 2208 940 2244 erit.
966 2207 1170 2258 Quomodo
1202 2208 1299 2244 enim
1333 2208 1369 2243 in
1401 2220 1528 2244 senec-

94 2270 174 2310 3540
213 2273 291 2301 tute
319 2266 530 2301 honoratus
562 2266 776 2315 apparebit,
809 2266 873 2314 qui
904 2266 1104 2315 discipline
1135 2266 1306 2302 laborem
1341 2266 1375 2301 in
1405 2263 1409 2317 1
1438 2267 1531 2301 ado-

157 2328 196 2360 35
214 2324 397 2359 lescencia
421 2336 494 2358 non
517 2324 739 2359 sustinuerit
757 2324 776 2358 f>
802 2323 1064 2371 Quodcunque
1096 2324 1193 2359 enim
1227 2325 1340 2360 homo
1374 2324 1528 2359 labora-

215 2382 325 2426 verit,
370 2382 439 2417 hoc
477 2388 511 2417 et
544 2388 656 2417 metet
689 2382 790 2429 quod
820 2382 995 2424 seminat,
1035 2382 1099 2430 qui
1128 2382 1163 2416 in
1208 2382 1400 2417 iuventute
1431 2382 1528 2417 bona

214 2451 330 2488 opere
361 2439 547 2482 exercuit,
580 2439 616 2474 in
649 2446 839 2475 senectute
871 2439 1137 2488 multipliciter
1158 2439 1355 2489 gaudebit.
1397 2439 1530 2475 Omnis

283 2630 307 2657 5.
340 2631 369 2658 A
400 2631 428 2657 in
462 2639 576 2665 marg.:
615 2631 723 2658 Tereia
756 2632 872 2658 abusio.
990 2631 1018 2657 (3.
1051 2632 1080 2658 A
1113 2632 1142 2658 in
1179 2639 1294 2665 marg:
1327 2630 1528 2666 Aug-munus.

215 2672 241 2699 7.
264 2665 381 2693 Codd.:
414 2665 554 2700 Qualiler
582 2669 694 2692 autem.
804 2667 1023 2700 14.pt·estavt't.
1057 2666 1138 2692 Rect.
1169 2671 1201 2693 ut
1227 2666 1256 2693 in
1284 2666 1315 2694 S.
1336 2665 1527 2699 Augustino:

215 2700 368 2732 exl11‘huit,·
383 2701 421 2726 ib.
434 2701 463 2727 A
478 2701 507 2727 in
523 2708 636 2735 marg:
653 2700 743 2727 Nota.
817 2699 859 2727 23.
881 2701 909 2727 A
925 2700 953 2727 in
972 2708 1068 2734 marg.
1082 2711 1087 2727 τ
1109 2701 1202 2727 Pater
1220 2701 1374 2735 accipitur
1393 2700 1530 2735 quadru-

212 2735 346 2769 pliciter.
419 2733 465 2761 30.
486 2736 530 2761 A:
554 2734 642 2762 Cant.
671 2735 705 2766 V;
728 2735 767 2762 13:
790 2736 884 2762 deest.

284 2817 315 2849 Ο.
342 2818 536 2859 Augustini,
563 2819 613 2849 De
641 2819 825 2849 duodecim
854 2819 1065 2849 abusionum
1094 2819 1269 2860 gradibus,
1296 2819 1317 2849 l.
1337 2829 1365 2849 c.
1391 2829 1425 2860 p.
1453 2828 1530 2849 211.

218 2863 270 2895 25.
298 2864 383 2895 Gen.
409 2865 526 2903 XXXI,
552 2875 608 2904 42.
717 2873 770 2906 27.
798 2866 907 2896 Exod.
935 2866 988 2903 III,
1017 2866 1047 2896 6.
1163 2865 1216 2906 37.
1243 2865 1348 2896 Hebr.
1375 2865 1445 2903 XII,
1480 2875 1529 2895 11.
