<?xml version="1.0" encoding="UTF-8"?>
<!DOCTYPE html PUBLIC "-//W3C//DTD XHTML 1.0 Transitional//EN"
    "http://www.w3.org/TR/xhtml1/DTD/xhtml1-transitional.dtd">
<html xmlns="http://www.w3.org/1999/xhtml" xml:lang="en" lang="en">
 <head>
  <title>
</title>
<meta http-equiv="Content-Type" content="text/html;charset=utf-8" />
  <meta name='ocr-system' content='tesseract 3.04.00' />
  <meta name='ocr-capabilities' content='ocr_page ocr_carea ocr_par ocr_line ocrx_word'/>
</head>
<body>
  <div class='ocr_page' id='page_1' title='image "./opusevangelicum12wycl/opusevangelicum12wycl_0114.png"; bbox 0 0 2003 3322; ppageno 0'>
   <div class='ocr_carea' id='block_1_1' title="bbox 182 238 256 271">
    <p class='ocr_par' dir='ltr' id='par_1_1' title="bbox 182 238 256 271">
     <span class='ocr_line' id='line_1_1' title="bbox 182 238 256 271; baseline 0.014 -10"><span class='ocrx_word' id='word_1_1' title='bbox 182 238 256 271; x_wconf 91' lang='lat'><strong>104</strong></span> 
     </span>
    </p>
   </div>
   <div class='ocr_carea' id='block_1_2' title="bbox 202 637 417 673">
    <p class='ocr_par' dir='ltr' id='par_1_2' title="bbox 202 637 417 673">
     <span class='ocr_line' id='line_1_2' title="bbox 202 637 417 673; baseline 0.005 -10"><span class='ocrx_word' id='word_1_2' title='bbox 202 637 417 673; x_wconf 72' lang='lat' dir='ltr'><strong>Chrysostom.</strong></span> 
     </span>
    </p>
   </div>
   <div class='ocr_carea' id='block_1_3' title="bbox 881 220 1778 274">
    <p class='ocr_par' dir='ltr' id='par_1_3' title="bbox 881 220 1778 274">
     <span class='ocr_line' id='line_1_3' title="bbox 881 220 1778 274; baseline -0.009 -10"><span class='ocrx_word' id='word_1_3' title='bbox 881 232 1001 264; x_wconf 86' lang='lat' dir='ltr'>OPUS</span> <span class='ocrx_word' id='word_1_4' title='bbox 1026 231 1364 264; x_wconf 88' lang='lat' dir='ltr'>EVANGELICUM</span> <span class='ocrx_word' id='word_1_5' title='bbox 1555 220 1663 274; x_wconf 84' lang='lat' dir='ltr'><strong>[CAP.</strong></span> <span class='ocrx_word' id='word_1_6' title='bbox 1683 228 1778 257; x_wconf 89' lang='lat' dir='ltr'>XXX.</span> 
     </span>
    </p>
   </div>
   <div class='ocr_carea' id='block_1_4' title="bbox 448 337 1900 2472">
    <p class='ocr_par' dir='ltr' id='par_1_4' title="bbox 463 337 1811 606">
     <span class='ocr_line' id='line_1_4' title="bbox 463 337 1776 387; baseline -0.001 -12"><span class='ocrx_word' id='word_1_7' title='bbox 463 351 624 375; x_wconf 89' lang='lat' dir='ltr'><strong>sensum</strong></span> <span class='ocrx_word' id='word_1_8' title='bbox 666 338 841 387; x_wconf 83' lang='lat' dir='ltr'>quelibet</span> <span class='ocrx_word' id='word_1_9' title='bbox 881 350 1053 386; x_wconf 86' lang='lat' dir='ltr'><strong>persona</strong></span> <span class='ocrx_word' id='word_1_10' title='bbox 1101 337 1266 374; x_wconf 82' lang='lat' dir='ltr'><strong>ecclesie</strong></span> <span class='ocrx_word' id='word_1_11' title='bbox 1305 346 1438 386; x_wconf 91' lang='lat' dir='ltr'><strong>potest</strong></span> <span class='ocrx_word' id='word_1_12' title='bbox 1483 337 1579 374; x_wconf 88' lang='lat' dir='ltr'><strong>dicit</strong></span> <span class='ocrx_word' id='word_1_13' title='bbox 1625 337 1776 383; x_wconf 88' lang='lat' dir='ltr'><strong>civitas,</strong></span> 
     </span>
     <span class='ocr_line' id='line_1_5' title="bbox 464 395 1778 445; baseline 0 -12"><span class='ocrx_word' id='word_1_14' title='bbox 464 396 559 445; x_wconf 86' lang='lat' dir='ltr'><strong>quia</strong></span> <span class='ocrx_word' id='word_1_15' title='bbox 597 396 700 432; x_wconf 88' lang='lat' dir='ltr'><strong>sicut</strong></span> <span class='ocrx_word' id='word_1_16' title='bbox 742 395 919 432; x_wconf 89' lang='lat' dir='ltr'><strong>militans</strong></span> <span class='ocrx_word' id='word_1_17' title='bbox 958 395 1127 432; x_wconf 86' lang='lat' dir='ltr'><strong>ecclesia</strong></span> <span class='ocrx_word' id='word_1_18' title='bbox 1166 395 1344 432; x_wconf 86' lang='lat' dir='ltr'><strong>continet</strong></span> <span class='ocrx_word' id='word_1_19' title='bbox 1389 397 1533 432; x_wconf 85' lang='lat' dir='ltr'><strong>multas</strong></span> <span class='ocrx_word' id='word_1_20' title='bbox 1585 408 1778 443; x_wconf 86' lang='lat' dir='ltr'><strong>personas</strong></span> 
     </span>
     <span class='ocr_line' id='line_1_6' title="bbox 463 453 1778 502; baseline 0.001 -13"><span class='ocrx_word' id='word_1_21' title='bbox 463 466 540 502; x_wconf 90' lang='lat' dir='ltr'><strong>que</strong></span> <span class='ocrx_word' id='word_1_22' title='bbox 572 462 664 490; x_wconf 86' lang='lat' dir='ltr'><strong>sunt</strong></span> <span class='ocrx_word' id='word_1_23' title='bbox 693 453 732 490; x_wconf 88' lang='lat' dir='ltr'><strong>in</strong></span> <span class='ocrx_word' id='word_1_24' title='bbox 755 453 919 490; x_wconf 88' lang='lat' dir='ltr'><strong>diversis</strong></span> <span class='ocrx_word' id='word_1_25' title='bbox 952 453 1135 500; x_wconf 86' lang='lat' dir='ltr'><strong>statibus,</strong></span> <span class='ocrx_word' id='word_1_26' title='bbox 1170 453 1226 490; x_wconf 85' lang='lat' dir='ltr'><strong>sic</strong></span> <span class='ocrx_word' id='word_1_27' title='bbox 1259 453 1435 502; x_wconf 88' lang='lat' dir='ltr'><strong>quelibet</strong></span> <span class='ocrx_word' id='word_1_28' title='bbox 1467 465 1640 502; x_wconf 83' lang='lat' dir='ltr'><strong>persona</strong></span> <span class='ocrx_word' id='word_1_29' title='bbox 1673 453 1778 490; x_wconf 88' lang='lat' dir='ltr'><strong>illius</strong></span> 
     </span>
     <span class='ocr_line' id='line_1_7' title="bbox 464 511 1778 560; baseline 0 -12"><span class='ocrx_word' id='word_1_30' title='bbox 464 511 629 548; x_wconf 86' lang='lat' dir='ltr'><strong>ecclesie</strong></span> <span class='ocrx_word' id='word_1_31' title='bbox 652 511 832 548; x_wconf 86' lang='lat' dir='ltr'><strong>continet</strong></span> <span class='ocrx_word' id='word_1_32' title='bbox 857 511 1003 548; x_wconf 85' lang='lat' dir='ltr'><strong>multas</strong></span> <span class='ocrx_word' id='word_1_33' title='bbox 1026 511 1192 548; x_wconf 89' lang='lat' dir='ltr'><strong>virtutes</strong></span> <span class='ocrx_word' id='word_1_34' title='bbox 1217 524 1292 560; x_wconf 89' lang='lat' dir='ltr'><strong>que</strong></span> <span class='ocrx_word' id='word_1_35' title='bbox 1321 513 1371 548; x_wconf 88' lang='lat' dir='ltr'><strong>ad</strong></span> <span class='ocrx_word' id='word_1_36' title='bbox 1394 511 1589 548; x_wconf 83' lang='lat' dir='ltr'><strong>unitatem</strong></span> <span class='ocrx_word' id='word_1_37' title='bbox 1615 511 1778 548; x_wconf 85' lang='lat' dir='ltr'>Domini</span> 
     </span>
     <span class='ocr_line' id='line_1_8' title="bbox 463 570 1811 606; baseline -0.001 0"><span class='ocrx_word' id='word_1_38' title='bbox 463 571 722 606; x_wconf 86' lang='lat' dir='ltr'><strong>reducuntur.</strong></span> <span class='ocrx_word' id='word_1_39' title='bbox 1796 570 1811 604; x_wconf 81' lang='lat'><strong>5</strong></span> 
     </span>
    </p>

    <p class='ocr_par' dir='ltr' id='par_1_5' title="bbox 448 626 1900 2472">
     <span class='ocr_line' id='line_1_9' title="bbox 520 626 1777 676; baseline -0.003 -11"><span class='ocrx_word' id='word_1_40' title='bbox 520 629 635 665; x_wconf 91' lang='lat' dir='ltr'><strong>Unde</strong></span> <span class='ocrx_word' id='word_1_41' title='bbox 674 627 945 665; x_wconf 78' lang='lat' dir='ltr'><strong>CriSostomus</strong></span> <span class='ocrx_word' id='word_1_42' title='bbox 969 639 1104 675; x_wconf 86' lang='lat' dir='ltr'><strong>·super</strong></span> <span class='ocrx_word' id='word_1_43' title='bbox 1143 628 1282 663; x_wconf 89' lang='lat' dir='ltr'><strong>eodem</strong></span> <span class='ocrx_word' id='word_1_44' title='bbox 1329 635 1435 663; x_wconf 84' lang='lat' dir='ltr'><strong>textu</strong></span> <span class='ocrx_word' id='word_1_45' title='bbox 1481 626 1537 664; x_wconf 92' lang='lat' dir='ltr'><strong>sic</strong></span> <span class='ocrx_word' id='word_1_46' title='bbox 1581 626 1777 676; x_wconf 85' lang='lat' dir='ltr'><strong>loquitur:</strong></span> 
     </span>
     <span class='ocr_line' id='line_1_10' title="bbox 467 683 1900 735; baseline -0.001 -14"><span class='ocrx_word' id='word_1_47' title='bbox 467 685 657 732; x_wconf 84' lang='lat' dir='ltr'><strong>Quamvis</strong></span> <span class='ocrx_word' id='word_1_48' title='bbox 694 686 791 722; x_wconf 86' lang='lat' dir='ltr'><strong>enim</strong></span> <span class='ocrx_word' id='word_1_49' title='bbox 832 685 913 734; x_wconf 84' lang='lat' dir='ltr'><strong>ipsa</strong></span> <span class='ocrx_word' id='word_1_50' title='bbox 952 685 1088 721; x_wconf 80' lang='lat' dir='ltr'><strong>civitas</strong></span> <span class='ocrx_word' id='word_1_51' title='bbox 1133 685 1300 721; x_wconf 83' lang='lat' dir='ltr'><strong>voluerit</strong></span> <span class='ocrx_word' id='word_1_52' title='bbox 1344 696 1425 734; x_wconf 71' lang='lat' dir='ltr'><strong>esse</strong></span> <span class='ocrx_word' id='word_1_53' title='bbox 1452 683 1456 735; x_wconf 79' lang='grc' dir='ltr'>Ι</span> <span class='ocrx_word' id='word_1_54' title='bbox 1486 685 1625 732; x_wconf 79' lang='lat' dir='ltr'><strong>velata,</strong></span> <span class='ocrx_word' id='word_1_55' title='bbox 1671 698 1778 722; x_wconf 89' lang='lat' dir='ltr'><strong>mons</strong></span> <span class='ocrx_word' id='word_1_56' title='bbox 1818 685 1900 721; x_wconf 67' lang='lat'>365¹&gt;</span> 
     </span>
     <span class='ocr_line' id='line_1_11' title="bbox 462 743 1779 793; baseline -0.001 -13"><span class='ocrx_word' id='word_1_57' title='bbox 462 743 542 793; x_wconf 85' lang='lat' dir='ltr'><strong>ipse</strong></span> <span class='ocrx_word' id='word_1_58' title='bbox 574 743 638 792; x_wconf 84' lang='lat' dir='ltr'><strong>qui</strong></span> <span class='ocrx_word' id='word_1_59' title='bbox 662 751 799 793; x_wconf 85' lang='lat' dir='ltr'><strong>portat</strong></span> <span class='ocrx_word' id='word_1_60' title='bbox 831 755 913 779; x_wconf 86' lang='lat' dir='ltr'><strong>eam</strong></span> <span class='ocrx_word' id='word_1_61' title='bbox 938 743 1044 791; x_wconf 87' lang='lat' dir='ltr'><strong>facit</strong></span> <span class='ocrx_word' id='word_1_62' title='bbox 1078 755 1161 779; x_wconf 90' lang='lat' dir='ltr'><strong>eam</strong></span> <span class='ocrx_word' id='word_1_63' title='bbox 1195 743 1369 779; x_wconf 89' lang='lat' dir='ltr'><strong>omnibus</strong></span> <span class='ocrx_word' id='word_1_64' title='bbox 1401 743 1660 792; x_wconf 76' lang='lat' dir='ltr'><strong>manifestam.</strong></span> <span class='ocrx_word' id='word_1_65' title='bbox 1716 744 1779 780; x_wconf 84' lang='lat' dir='ltr'><strong>Sic</strong></span> 
     </span>
     <span class='ocr_line' id='line_1_12' title="bbox 463 800 1780 850; baseline 0 -13"><span class='ocrx_word' id='word_1_66' title='bbox 463 808 498 837; x_wconf 89' lang='lat' dir='ltr'><strong>et</strong></span> <span class='ocrx_word' id='word_1_67' title='bbox 529 802 698 850; x_wconf 79' lang='lat' dir='ltr'><strong>apostoli</strong></span> <span class='ocrx_word' id='word_1_68' title='bbox 727 809 762 837; x_wconf 91' lang='lat' dir='ltr'><strong>et</strong></span> <span class='ocrx_word' id='word_1_69' title='bbox 787 802 1011 837; x_wconf 87' lang='lat' dir='ltr'><strong>sacerdotes</strong></span> <span class='ocrx_word' id='word_1_70' title='bbox 1033 801 1275 850; x_wconf 81' lang='lat' dir='ltr'><strong>quisundati</strong></span> <span class='ocrx_word' id='word_1_71' title='bbox 1300 808 1388 845; x_wconf 75' lang='lat' dir='ltr'><strong>sunt</strong></span> <span class='ocrx_word' id='word_1_72' title='bbox 1409 801 1445 836; x_wconf 91' lang='lat' dir='ltr'><strong>in</strong></span> <span class='ocrx_word' id='word_1_73' title='bbox 1474 800 1630 837; x_wconf 88' lang='lat' dir='ltr'><strong>Christo</strong></span> <span class='ocrx_word' id='word_1_74' title='bbox 1653 809 1780 838; x_wconf 90' lang='lat' dir='ltr'><strong>monte</strong></span> 
     </span>
     <span class='ocr_line' id='line_1_13' title="bbox 462 858 1838 908; baseline -0.001 -13"><span class='ocrx_word' id='word_1_75' title='bbox 462 859 615 895; x_wconf 86' lang='lat' dir='ltr'><strong>excelso</strong></span> <span class='ocrx_word' id='word_1_76' title='bbox 666 871 739 895; x_wconf 89' lang='lat' dir='ltr'><strong>non</strong></span> <span class='ocrx_word' id='word_1_77' title='bbox 786 866 950 908; x_wconf 81' lang='lat' dir='ltr'><em>possunt</em></span> <span class='ocrx_word' id='word_1_78' title='bbox 996 870 1076 895; x_wconf 88' lang='lat' dir='ltr'><strong>esse</strong></span> <span class='ocrx_word' id='word_1_79' title='bbox 1120 859 1344 906; x_wconf 80' lang='lat' dir='ltr'><strong><em>absconditi,</em></strong></span> <span class='ocrx_word' id='word_1_80' title='bbox 1400 858 1471 894; x_wconf 90' lang='lat' dir='ltr'><strong>etsi</strong></span> <span class='ocrx_word' id='word_1_81' title='bbox 1507 859 1698 895; x_wconf 82' lang='lat' dir='ltr'><strong>voluerint</strong></span> <span class='ocrx_word' id='word_1_82' title='bbox 1739 872 1838 896; x_wconf 87' lang='lat' dir='ltr'><strong>se1o</strong></span> 
     </span>
     <span class='ocr_line' id='line_1_14' title="bbox 461 915 1779 954; baseline 0 -1"><span class='ocrx_word' id='word_1_83' title='bbox 461 917 719 953; x_wconf 80' lang='lat' dir='ltr'><strong>abscondere:</strong></span> <span class='ocrx_word' id='word_1_84' title='bbox 769 917 919 953; x_wconf 83' lang='lat' dir='ltr'><em>Christi</em></span> <span class='ocrx_word' id='word_1_85' title='bbox 960 916 1098 953; x_wconf 82' lang='lat' dir='ltr'><strong>civitas</strong></span> <span class='ocrx_word' id='word_1_86' title='bbox 1144 915 1304 953; x_wconf 87' lang='lat' dir='ltr'><strong>ecclesia</strong></span> <span class='ocrx_word' id='word_1_87' title='bbox 1347 924 1571 953; x_wconf 86' lang='lat' dir='ltr'><strong>sanctorum</strong></span> <span class='ocrx_word' id='word_1_88' title='bbox 1625 924 1680 953; x_wconf 90' lang='lat' dir='ltr'><strong>est</strong></span> <span class='ocrx_word' id='word_1_89' title='bbox 1733 918 1779 954; x_wconf 93' lang='lat' dir='ltr'><strong>de</strong></span> 
     </span>
     <span class='ocr_line' id='line_1_15' title="bbox 462 974 1775 1025; baseline 0 -15"><span class='ocrx_word' id='word_1_90' title='bbox 462 987 535 1024; x_wconf 83' lang='lat' dir='ltr'><strong>qua</strong></span> <span class='ocrx_word' id='word_1_91' title='bbox 565 975 657 1011; x_wconf 88' lang='lat' dir='ltr'><strong>dicit</strong></span> <span class='ocrx_word' id='word_1_92' title='bbox 673 976 890 1025; x_wconf 81' lang='lat' dir='ltr'><strong>propheta:</strong></span> <span class='ocrx_word' id='word_1_93' title='bbox 926 975 1110 1011; x_wconf 89' lang='lat' dir='ltr'><strong>Gloriosa</strong></span> <span class='ocrx_word' id='word_1_94' title='bbox 1139 975 1186 1011; x_wconf 90' lang='lat' dir='ltr'><strong>de</strong></span> <span class='ocrx_word' id='word_1_95' title='bbox 1207 982 1242 1010; x_wconf 93' lang='lat' dir='ltr'><strong>te</strong></span> <span class='ocrx_word' id='word_1_96' title='bbox 1265 974 1366 1010; x_wconf 88' lang='lat' dir='ltr'><strong>dicta</strong></span> <span class='ocrx_word' id='word_1_97' title='bbox 1395 981 1494 1018; x_wconf 85' lang='lat' dir='ltr'><strong>sunt,</strong></span> <span class='ocrx_word' id='word_1_98' title='bbox 1527 975 1662 1011; x_wconf 82' lang='lat' dir='ltr'><strong>civitas</strong></span> <span class='ocrx_word' id='word_1_99' title='bbox 1690 975 1775 1011; x_wconf 90' lang='lat' dir='ltr'><strong>Dei.</strong></span> 
     </span>
     <span class='ocr_line' id='line_1_16' title="bbox 466 1032 1779 1082; baseline -0.001 -13"><span class='ocrx_word' id='word_1_100' title='bbox 466 1032 578 1069; x_wconf 82' lang='lat' dir='ltr'><strong>Cives</strong></span> <span class='ocrx_word' id='word_1_101' title='bbox 608 1040 733 1069; x_wconf 90' lang='lat' dir='ltr'><strong>autem</strong></span> <span class='ocrx_word' id='word_1_102' title='bbox 766 1033 846 1069; x_wconf 84' lang='lat' dir='ltr'><strong>eius</strong></span> <span class='ocrx_word' id='word_1_103' title='bbox 876 1040 964 1069; x_wconf 90' lang='lat' dir='ltr'><strong>sunt</strong></span> <span class='ocrx_word' id='word_1_104' title='bbox 995 1045 1125 1069; x_wconf 87' lang='lat' dir='ltr'><strong>omnes</strong></span> <span class='ocrx_word' id='word_1_105' title='bbox 1143 1033 1300 1082; x_wconf 86' lang='lat' dir='ltr'><strong>fideles,</strong></span> <span class='ocrx_word' id='word_1_106' title='bbox 1340 1032 1386 1068; x_wconf 85' lang='lat' dir='ltr'><strong>de</strong></span> <span class='ocrx_word' id='word_1_107' title='bbox 1422 1033 1555 1081; x_wconf 81' lang='lat' dir='ltr'><strong>quibus</strong></span> <span class='ocrx_word' id='word_1_108' title='bbox 1592 1033 1647 1068; x_wconf 75' lang='lat' dir='ltr'><strong>ait</strong></span> <span class='ocrx_word' id='word_1_109' title='bbox 1676 1032 1779 1082; x_wconf 82' lang='lat' dir='ltr'><strong>Apo-</strong></span> 
     </span>
     <span class='ocr_line' id='line_1_17' title="bbox 461 1090 1780 1128; baseline 0.001 -1"><span class='ocrx_word' id='word_1_110' title='bbox 461 1091 603 1127; x_wconf 86' lang='lat' dir='ltr'><strong>stolus:</strong></span> <span class='ocrx_word' id='word_1_111' title='bbox 642 1091 715 1128; x_wconf 89' lang='lat' dir='ltr'><strong>Vos</strong></span> <span class='ocrx_word' id='word_1_112' title='bbox 747 1091 836 1127; x_wconf 86' lang='lat' dir='ltr'><strong>estis</strong></span> <span class='ocrx_word' id='word_1_113' title='bbox 858 1091 959 1128; x_wconf 82' lang='lat' dir='ltr'><strong>cives</strong></span> <span class='ocrx_word' id='word_1_114' title='bbox 980 1098 1204 1127; x_wconf 82' lang='lat' dir='ltr'><strong>sanctorum</strong></span> <span class='ocrx_word' id='word_1_115' title='bbox 1228 1098 1263 1127; x_wconf 93' lang='lat' dir='ltr'><strong>et</strong></span> <span class='ocrx_word' id='word_1_116' title='bbox 1287 1090 1486 1127; x_wconf 84' lang='lat' dir='ltr'><strong>domestici</strong></span> <span class='ocrx_word' id='word_1_117' title='bbox 1506 1091 1591 1127; x_wconf 90' lang='lat' dir='ltr'><strong>Dei.</strong></span> <span class='ocrx_word' id='word_1_118' title='bbox 1634 1091 1780 1128; x_wconf 89' lang='lat' dir='ltr'><strong>Turres</strong></span> 
     </span>
     <span class='ocr_line' id='line_1_18' title="bbox 462 1148 1835 1199; baseline 0.001 -15"><span class='ocrx_word' id='word_1_119' title='bbox 462 1148 565 1185; x_wconf 91' lang='lat' dir='ltr'><strong>illius</strong></span> <span class='ocrx_word' id='word_1_120' title='bbox 596 1156 685 1186; x_wconf 88' lang='lat' dir='ltr'><strong>sunt</strong></span> <span class='ocrx_word' id='word_1_121' title='bbox 711 1150 916 1199; x_wconf 81' lang='lat' dir='ltr'><strong>prophete,</strong></span> <span class='ocrx_word' id='word_1_122' title='bbox 950 1150 996 1184; x_wconf 91' lang='lat' dir='ltr'><strong>de</strong></span> <span class='ocrx_word' id='word_1_123' title='bbox 1028 1149 1161 1198; x_wconf 81' lang='lat' dir='ltr'><strong>quibus</strong></span> <span class='ocrx_word' id='word_1_124' title='bbox 1194 1149 1337 1185; x_wconf 88' lang='lat' dir='ltr'><strong>dictum</strong></span> <span class='ocrx_word' id='word_1_125' title='bbox 1371 1156 1448 1185; x_wconf 89' lang='lat' dir='ltr'><strong>est:</strong></span> <span class='ocrx_word' id='word_1_126' title='bbox 1490 1149 1581 1184; x_wconf 86' lang='lat' dir='ltr'><strong>Fiat</strong></span> <span class='ocrx_word' id='word_1_127' title='bbox 1614 1161 1701 1198; x_wconf 84' lang='lat' dir='ltr'><strong>pax</strong></span> <span class='ocrx_word' id='word_1_128' title='bbox 1742 1149 1778 1185; x_wconf 90' lang='lat' dir='ltr'><strong>in</strong></span> <span class='ocrx_word' id='word_1_129' title='bbox 1800 1157 1835 1189; x_wconf 83' lang='lat'><strong>15</strong></span> 
     </span>
     <span class='ocr_line' id='line_1_19' title="bbox 463 1206 1780 1244; baseline 0 -2"><span class='ocrx_word' id='word_1_130' title='bbox 463 1207 606 1243; x_wconf 80' lang='lat' dir='ltr'><strong>virtute</strong></span> <span class='ocrx_word' id='word_1_131' title='bbox 637 1214 703 1242; x_wconf 91' lang='lat' dir='ltr'><strong>tua</strong></span> <span class='ocrx_word' id='word_1_132' title='bbox 732 1215 767 1243; x_wconf 90' lang='lat' dir='ltr'><strong>et</strong></span> <span class='ocrx_word' id='word_1_133' title='bbox 790 1207 1031 1243; x_wconf 88' lang='lat' dir='ltr'><strong>abundancia</strong></span> <span class='ocrx_word' id='word_1_134' title='bbox 1064 1207 1100 1242; x_wconf 86' lang='lat' dir='ltr'><strong>in</strong></span> <span class='ocrx_word' id='word_1_135' title='bbox 1134 1207 1309 1242; x_wconf 87' lang='lat' dir='ltr'><strong>turribus</strong></span> <span class='ocrx_word' id='word_1_136' title='bbox 1340 1207 1428 1244; x_wconf 82' lang='lat' dir='ltr'><strong>tuis.</strong></span> <span class='ocrx_word' id='word_1_137' title='bbox 1462 1206 1571 1242; x_wconf 84' lang='lat' dir='ltr'><em>Sicut</em></span> <span class='ocrx_word' id='word_1_138' title='bbox 1602 1206 1700 1243; x_wconf 87' lang='lat' dir='ltr'><strong>enim</strong></span> <span class='ocrx_word' id='word_1_139' title='bbox 1734 1207 1780 1243; x_wconf 87' lang='lat' dir='ltr'><strong>de</strong></span> 
     </span>
     <span class='ocr_line' id='line_1_20' title="bbox 462 1264 1777 1314; baseline 0.002 -15"><span class='ocrx_word' id='word_1_140' title='bbox 462 1264 636 1301; x_wconf 87' lang='lat' dir='ltr'><strong>turribus</strong></span> <span class='ocrx_word' id='word_1_141' title='bbox 675 1265 800 1301; x_wconf 88' lang='lat' dir='ltr'><strong>iacula</strong></span> <span class='ocrx_word' id='word_1_142' title='bbox 840 1272 975 1300; x_wconf 84' lang='lat' dir='ltr'><strong>contra</strong></span> <span class='ocrx_word' id='word_1_143' title='bbox 1014 1265 1141 1301; x_wconf 88' lang='lat' dir='ltr'><strong>hostes</strong></span> <span class='ocrx_word' id='word_1_144' title='bbox 1180 1264 1386 1311; x_wconf 80' lang='lat' dir='ltr'><strong>iactantur,</strong></span> <span class='ocrx_word' id='word_1_145' title='bbox 1431 1264 1485 1300; x_wconf 88' lang='lat' dir='ltr'><strong>sic</strong></span> <span class='ocrx_word' id='word_1_146' title='bbox 1529 1271 1564 1300; x_wconf 88' lang='lat' dir='ltr'><strong>et</strong></span> <span class='ocrx_word' id='word_1_147' title='bbox 1609 1265 1655 1300; x_wconf 89' lang='lat' dir='ltr'><strong>de</strong></span> <span class='ocrx_word' id='word_1_148' title='bbox 1681 1277 1777 1314; x_wconf 81' lang='lat' dir='ltr'><strong>pro-</strong></span> 
     </span>
     <span class='ocr_line' id='line_1_21' title="bbox 457 1322 1778 1373; baseline 0 -15"><span class='ocrx_word' id='word_1_149' title='bbox 457 1322 623 1371; x_wconf 81' lang='lat' dir='ltr'><strong>pheticis</strong></span> <span class='ocrx_word' id='word_1_150' title='bbox 655 1322 766 1359; x_wconf 86' lang='lat' dir='ltr'><strong>libris</strong></span> <span class='ocrx_word' id='word_1_151' title='bbox 797 1330 933 1359; x_wconf 86' lang='lat' dir='ltr'><strong>contra</strong></span> <span class='ocrx_word' id='word_1_152' title='bbox 968 1322 1099 1359; x_wconf 82' lang='lat' dir='ltr'><strong>varias</strong></span> <span class='ocrx_word' id='word_1_153' title='bbox 1128 1323 1332 1373; x_wconf 79' lang='lat' dir='ltr'><strong>gentilium</strong></span> <span class='ocrx_word' id='word_1_154' title='bbox 1361 1322 1527 1371; x_wconf 84' lang='lat' dir='ltr'><strong>fabulas</strong></span> <span class='ocrx_word' id='word_1_155' title='bbox 1565 1329 1599 1358; x_wconf 90' lang='lat' dir='ltr'><strong>et</strong></span> <span class='ocrx_word' id='word_1_156' title='bbox 1640 1330 1778 1359; x_wconf 87' lang='lat' dir='ltr'><strong>contra</strong></span> 
     </span>
     <span class='ocr_line' id='line_1_22' title="bbox 461 1379 1778 1430; baseline 0.002 -15"><span class='ocrx_word' id='word_1_157' title='bbox 461 1379 617 1416; x_wconf 86' lang='lat' dir='ltr'><strong>insanas</strong></span> <span class='ocrx_word' id='word_1_158' title='bbox 649 1381 906 1417; x_wconf 85' lang='lat' dir='ltr'><strong>hereticorum</strong></span> <span class='ocrx_word' id='word_1_159' title='bbox 940 1380 1222 1430; x_wconf 81' lang='lat' dir='ltr'><strong>disputaciones</strong></span> <span class='ocrx_word' id='word_1_160' title='bbox 1253 1380 1443 1416; x_wconf 88' lang='lat' dir='ltr'><strong>salutaria</strong></span> <span class='ocrx_word' id='word_1_161' title='bbox 1476 1380 1651 1417; x_wconf 82' lang='lat' dir='ltr'><strong>veritatis</strong></span> <span class='ocrx_word' id='word_1_162' title='bbox 1683 1393 1778 1430; x_wconf 83' lang='lat' dir='ltr'><strong>pro-</strong></span> 
     </span>
     <span class='ocr_line' id='line_1_23' title="bbox 455 1438 1837 1488; baseline 0.004 -14"><span class='ocrx_word' id='word_1_163' title='bbox 455 1446 657 1487; x_wconf 85' lang='lat' dir='ltr'><strong>ponuntur</strong></span> <span class='ocrx_word' id='word_1_164' title='bbox 689 1439 882 1488; x_wconf 82' lang='lat' dir='ltr'><strong>exempla.</strong></span> <span class='ocrx_word' id='word_1_165' title='bbox 928 1439 1048 1475; x_wconf 92' lang='lat' dir='ltr'><strong>Porte</strong></span> <span class='ocrx_word' id='word_1_166' title='bbox 1090 1446 1216 1474; x_wconf 89' lang='lat' dir='ltr'><strong>autem</strong></span> <span class='ocrx_word' id='word_1_167' title='bbox 1262 1438 1341 1475; x_wconf 87' lang='lat' dir='ltr'><strong>eius</strong></span> <span class='ocrx_word' id='word_1_168' title='bbox 1383 1445 1472 1475; x_wconf 90' lang='lat' dir='ltr'><strong>sunt</strong></span> <span class='ocrx_word' id='word_1_169' title='bbox 1510 1439 1688 1488; x_wconf 82' lang='lat' dir='ltr'><strong>apostoli,</strong></span> <span class='ocrx_word' id='word_1_170' title='bbox 1733 1440 1779 1474; x_wconf 87' lang='lat' dir='ltr'><strong>de</strong></span> <span class='ocrx_word' id='word_1_171' title='bbox 1794 1457 1837 1478; x_wconf 85' lang='lat'><strong>20</strong></span> 
     </span>
     <span class='ocr_line' id='line_1_24' title="bbox 461 1497 1778 1547; baseline 0.001 -15"><span class='ocrx_word' id='word_1_172' title='bbox 461 1497 596 1545; x_wconf 84' lang='lat' dir='ltr'><strong>quibus</strong></span> <span class='ocrx_word' id='word_1_173' title='bbox 626 1497 814 1547; x_wconf 82' lang='lat' dir='ltr'><strong>scriptum</strong></span> <span class='ocrx_word' id='word_1_174' title='bbox 847 1504 924 1534; x_wconf 88' lang='lat' dir='ltr'><strong>est:</strong></span> <span class='ocrx_word' id='word_1_175' title='bbox 962 1497 1107 1547; x_wconf 81' lang='lat' dir='ltr'><strong>Diligit</strong></span> <span class='ocrx_word' id='word_1_176' title='bbox 1150 1497 1341 1533; x_wconf 83' lang='lat' dir='ltr'><strong>Dominus</strong></span> <span class='ocrx_word' id='word_1_177' title='bbox 1369 1503 1510 1545; x_wconf 83' lang='lat' dir='ltr'><strong>portas</strong></span> <span class='ocrx_word' id='word_1_178' title='bbox 1542 1497 1646 1541; x_wconf 86' lang='lat' dir='ltr'><strong>Sion,</strong></span> <span class='ocrx_word' id='word_1_179' title='bbox 1692 1497 1778 1546; x_wconf 82' lang='lat' dir='ltr'><strong>quia</strong></span> 
     </span>
     <span class='ocr_line' id='line_1_25' title="bbox 455 1555 1780 1605; baseline -0.001 -14"><span class='ocrx_word' id='word_1_180' title='bbox 455 1566 531 1604; x_wconf 77' lang='lat' dir='ltr'><strong>per</strong></span> <span class='ocrx_word' id='word_1_181' title='bbox 562 1555 651 1591; x_wconf 88' lang='lat' dir='ltr'><strong>illas</strong></span> <span class='ocrx_word' id='word_1_182' title='bbox 682 1562 784 1592; x_wconf 90' lang='lat' dir='ltr'><strong>totus</strong></span> <span class='ocrx_word' id='word_1_183' title='bbox 810 1556 980 1605; x_wconf 81' lang='lat' dir='ltr'><strong>populus</strong></span> <span class='ocrx_word' id='word_1_184' title='bbox 1013 1555 1132 1590; x_wconf 86' lang='lat' dir='ltr'><strong>intrat</strong></span> <span class='ocrx_word' id='word_1_185' title='bbox 1161 1555 1360 1605; x_wconf 90' lang='lat' dir='ltr'><strong>adfidem.</strong></span> <span class='ocrx_word' id='word_1_186' title='bbox 1395 1555 1507 1590; x_wconf 90' lang='lat' dir='ltr'><strong>Muri</strong></span> <span class='ocrx_word' id='word_1_187' title='bbox 1527 1562 1653 1591; x_wconf 89' lang='lat' dir='ltr'><strong>autem</strong></span> <span class='ocrx_word' id='word_1_188' title='bbox 1676 1555 1780 1591; x_wconf 88' lang='lat' dir='ltr'><strong>illius</strong></span> 
     </span>
     <span class='ocr_line' id='line_1_26' title="bbox 460 1613 1779 1663; baseline 0.001 -15"><span class='ocrx_word' id='word_1_189' title='bbox 460 1613 683 1655; x_wconf 85' lang='lat' dir='ltr'><strong>sacerdotes</strong></span> <span class='ocrx_word' id='word_1_190' title='bbox 727 1613 920 1662; x_wconf 82' lang='lat' dir='ltr'><strong>ceterique</strong></span> <span class='ocrx_word' id='word_1_191' title='bbox 963 1613 1154 1659; x_wconf 85' lang='lat' dir='ltr'><strong>doctores,</strong></span> <span class='ocrx_word' id='word_1_192' title='bbox 1204 1613 1250 1649; x_wconf 92' lang='lat' dir='ltr'><strong>de</strong></span> <span class='ocrx_word' id='word_1_193' title='bbox 1287 1613 1420 1662; x_wconf 80' lang='lat' dir='ltr'><strong>quibus</strong></span> <span class='ocrx_word' id='word_1_194' title='bbox 1460 1613 1551 1649; x_wconf 89' lang='lat' dir='ltr'><strong>dicit</strong></span> <span class='ocrx_word' id='word_1_195' title='bbox 1584 1613 1779 1663; x_wconf 79' lang='lat' dir='ltr'><strong>propheta</strong></span> 
     </span>
     <span class='ocr_line' id='line_1_27' title="bbox 460 1670 1780 1721; baseline 0 -15"><span class='ocrx_word' id='word_1_196' title='bbox 460 1671 512 1706; x_wconf 91' lang='lat' dir='ltr'><strong>ad</strong></span> <span class='ocrx_word' id='word_1_197' title='bbox 544 1671 642 1707; x_wconf 87' lang='lat' dir='ltr'><strong>hanc</strong></span> <span class='ocrx_word' id='word_1_198' title='bbox 671 1670 888 1707; x_wconf 85' lang='lat' dir='ltr'><strong>Jerusalem</strong></span> <span class='ocrx_word' id='word_1_199' title='bbox 921 1671 1187 1720; x_wconf 82' lang='lat' dir='ltr'><strong>spiritualem:</strong></span> <span class='ocrx_word' id='word_1_200' title='bbox 1220 1670 1273 1706; x_wconf 93' lang='lat' dir='ltr'><strong>Et</strong></span> <span class='ocrx_word' id='word_1_201' title='bbox 1304 1670 1519 1721; x_wconf 80' lang='lat' dir='ltr'><strong>alienigene</strong></span> <span class='ocrx_word' id='word_1_202' title='bbox 1549 1670 1780 1720; x_wconf 88' lang='lat' dir='ltr'><strong>edificabunt</strong></span> 
     </span>
     <span class='ocr_line' id='line_1_28' title="bbox 461 1728 1834 1778; baseline 0.003 -15"><span class='ocrx_word' id='word_1_203' title='bbox 461 1741 594 1764; x_wconf 88' lang='lat' dir='ltr'><strong>muros</strong></span> <span class='ocrx_word' id='word_1_204' title='bbox 626 1735 725 1775; x_wconf 83' lang='lat' dir='ltr'><strong>tuos,</strong></span> <span class='ocrx_word' id='word_1_205' title='bbox 758 1729 936 1777; x_wconf 82' lang='lat' dir='ltr'><strong>quoniam</strong></span> <span class='ocrx_word' id='word_1_206' title='bbox 969 1740 1019 1765; x_wconf 88' lang='lat' dir='ltr'><strong>ex</strong></span> <span class='ocrx_word' id='word_1_207' title='bbox 1041 1728 1220 1778; x_wconf 86' lang='lat' dir='ltr'><strong>gentibus</strong></span> <span class='ocrx_word' id='word_1_208' title='bbox 1252 1728 1378 1765; x_wconf 79' lang='lat' dir='ltr'><strong>vocati</strong></span> <span class='ocrx_word' id='word_1_209' title='bbox 1400 1728 1509 1776; x_wconf 86' lang='lat' dir='ltr'><strong>facti</strong></span> <span class='ocrx_word' id='word_1_210' title='bbox 1533 1736 1621 1765; x_wconf 89' lang='lat' dir='ltr'><strong>sunt</strong></span> <span class='ocrx_word' id='word_1_211' title='bbox 1648 1740 1778 1765; x_wconf 90' lang='lat' dir='ltr'><strong>sacer-</strong></span> <span class='ocrx_word' id='word_1_212' title='bbox 1795 1736 1834 1768; x_wconf 83' lang='lat'><strong>25</strong></span> 
     </span>
     <span class='ocr_line' id='line_1_29' title="bbox 462 1786 1776 1837; baseline 0.001 -16"><span class='ocrx_word' id='word_1_213' title='bbox 462 1786 570 1822; x_wconf 89' lang='lat' dir='ltr'><strong>dotes</strong></span> <span class='ocrx_word' id='word_1_214' title='bbox 601 1793 637 1821; x_wconf 92' lang='lat' dir='ltr'><strong>et</strong></span> <span class='ocrx_word' id='word_1_215' title='bbox 666 1787 952 1837; x_wconf 78' lang='lat' dir='ltr'><strong>gubernatores</strong></span> <span class='ocrx_word' id='word_1_216' title='bbox 985 1786 1151 1822; x_wconf 86' lang='lat' dir='ltr'><strong>ecclesie.</strong></span> <span class='ocrx_word' id='word_1_217' title='bbox 1207 1786 1313 1822; x_wconf 88' lang='lat' dir='ltr'><strong>Sicut</strong></span> <span class='ocrx_word' id='word_1_218' title='bbox 1352 1786 1449 1823; x_wconf 82' lang='lat' dir='ltr'><strong>enim</strong></span> <span class='ocrx_word' id='word_1_219' title='bbox 1488 1787 1594 1822; x_wconf 90' lang='lat' dir='ltr'><strong>muri</strong></span> <span class='ocrx_word' id='word_1_220' title='bbox 1629 1799 1776 1822; x_wconf 87' lang='lat' dir='ltr'><strong>omnem</strong></span> 
     </span>
     <span class='ocr_line' id='line_1_30' title="bbox 460 1844 1781 1895; baseline 0.001 -16"><span class='ocrx_word' id='word_1_221' title='bbox 460 1844 642 1893; x_wconf 79' lang='lat' dir='ltr'><strong>impetum</strong></span> <span class='ocrx_word' id='word_1_222' title='bbox 695 1844 899 1895; x_wconf 85' lang='lat' dir='ltr'><strong>gentilium</strong></span> <span class='ocrx_word' id='word_1_223' title='bbox 947 1852 981 1881; x_wconf 90' lang='lat' dir='ltr'><strong>et</strong></span> <span class='ocrx_word' id='word_1_224' title='bbox 1026 1844 1285 1880; x_wconf 83' lang='lat' dir='ltr'><strong>hereticorum</strong></span> <span class='ocrx_word' id='word_1_225' title='bbox 1334 1844 1408 1894; x_wconf 84' lang='lat' dir='ltr'><strong>ipsi</strong></span> <span class='ocrx_word' id='word_1_226' title='bbox 1456 1844 1669 1894; x_wconf 84' lang='lat' dir='ltr'><strong>suscipiunt</strong></span> <span class='ocrx_word' id='word_1_227' title='bbox 1717 1845 1781 1893; x_wconf 83' lang='lat' dir='ltr'><strong>qui</strong></span> 
     </span>
     <span class='ocr_line' id='line_1_31' title="bbox 460 1902 1778 1952; baseline 0.001 -15"><span class='ocrx_word' id='word_1_228' title='bbox 460 1909 654 1950; x_wconf 84' lang='lat' dir='ltr'><strong>tamquam</strong></span> <span class='ocrx_word' id='word_1_229' title='bbox 688 1902 873 1939; x_wconf 90' lang='lat' dir='ltr'><strong>arietibus</strong></span> <span class='ocrx_word' id='word_1_230' title='bbox 905 1902 1132 1951; x_wconf 80' lang='lat' dir='ltr'><strong>quibusdam</strong></span> <span class='ocrx_word' id='word_1_231' title='bbox 1165 1902 1220 1939; x_wconf 83' lang='lat' dir='ltr'><strong>sic</strong></span> <span class='ocrx_word' id='word_1_232' title='bbox 1252 1902 1418 1939; x_wconf 83' lang='lat' dir='ltr'><strong>assiduis</strong></span> <span class='ocrx_word' id='word_1_233' title='bbox 1441 1902 1778 1952; x_wconf 82' lang='lat' dir='ltr'><strong>persecucionibus</strong></span> 
     </span>
     <span class='ocr_line' id='line_1_32' title="bbox 450 1959 1777 2008; baseline 0.001 -13"><span class='ocrx_word' id='word_1_234' title='bbox 450 1959 608 2008; x_wconf 87' lang='lat' dir='ltr'><strong>feriunt</strong></span> <span class='ocrx_word' id='word_1_235' title='bbox 646 1960 808 2008; x_wconf 85' lang='lat' dir='ltr'><strong>clerum,</strong></span> <span class='ocrx_word' id='word_1_236' title='bbox 846 1960 886 1996; x_wconf 88' lang='lat' dir='ltr'><strong>id</strong></span> <span class='ocrx_word' id='word_1_237' title='bbox 917 1968 985 2007; x_wconf 86' lang='lat' dir='ltr'><strong>est,</strong></span> <span class='ocrx_word' id='word_1_238' title='bbox 1029 1972 1183 1996; x_wconf 89' lang='lat' dir='ltr'><strong>murum</strong></span> <span class='ocrx_word' id='word_1_239' title='bbox 1217 1960 1384 1997; x_wconf 88' lang='lat' dir='ltr'><strong>ecclesie.</strong></span> <span class='ocrx_word' id='word_1_240' title='bbox 1432 1960 1485 1996; x_wconf 88' lang='lat' dir='ltr'><strong>Et</strong></span> <span class='ocrx_word' id='word_1_241' title='bbox 1515 1961 1612 1997; x_wconf 89' lang='lat' dir='ltr'><strong>sicut</strong></span> <span class='ocrx_word' id='word_1_242' title='bbox 1643 1960 1777 1997; x_wconf 89' lang='lat' dir='ltr'><strong>morti-</strong></span> 
     </span>
     <span class='ocr_line' id='line_1_33' title="bbox 448 2018 1835 2068; baseline 0.002 -15"><span class='ocrx_word' id='word_1_243' title='bbox 448 2018 569 2066; x_wconf 87' lang='lat' dir='ltr'><strong>feras</strong></span> <span class='ocrx_word' id='word_1_244' title='bbox 605 2018 785 2068; x_wconf 72' lang='lat' dir='ltr'><strong>sagittas,</strong></span> <span class='ocrx_word' id='word_1_245' title='bbox 833 2018 888 2054; x_wconf 88' lang='lat' dir='ltr'><strong>sic</strong></span> <span class='ocrx_word' id='word_1_246' title='bbox 934 2018 1080 2054; x_wconf 86' lang='lat' dir='ltr'><strong>insania</strong></span> <span class='ocrx_word' id='word_1_247' title='bbox 1126 2019 1241 2055; x_wconf 82' lang='lat' dir='ltr'><strong>verba</strong></span> <span class='ocrx_word' id='word_1_248' title='bbox 1281 2030 1471 2068; x_wconf 76' lang='lat' dir='ltr'><strong>perverse</strong></span> <span class='ocrx_word' id='word_1_249' title='bbox 1525 2018 1778 2067; x_wconf 88' lang='lat' dir='ltr'><strong>confessionis</strong></span> <span class='ocrx_word' id='word_1_250' title='bbox 1793 2026 1835 2058; x_wconf 81' lang='lat'><strong>30</strong></span> 
     </span>
     <span class='ocr_line' id='line_1_34' title="bbox 459 2076 1778 2126; baseline 0.002 -15"><span class='ocrx_word' id='word_1_251' title='bbox 459 2087 593 2111; x_wconf 89' lang='lat' dir='ltr'><strong>eorum</strong></span> <span class='ocrx_word' id='word_1_252' title='bbox 639 2076 686 2112; x_wconf 87' lang='lat' dir='ltr'><strong>de</strong></span> <span class='ocrx_word' id='word_1_253' title='bbox 730 2076 846 2126; x_wconf 82' lang='lat' dir='ltr'><strong>impia</strong></span> <span class='ocrx_word' id='word_1_254' title='bbox 890 2076 1021 2112; x_wconf 90' lang='lat' dir='ltr'><strong>cordis</strong></span> <span class='ocrx_word' id='word_1_255' title='bbox 1060 2076 1253 2125; x_wconf 83' lang='lat' dir='ltr'><strong>pharetra</strong></span> <span class='ocrx_word' id='word_1_256' title='bbox 1295 2077 1554 2125; x_wconf 81' lang='lat' dir='ltr'><strong>procedencia</strong></span> <span class='ocrx_word' id='word_1_257' title='bbox 1599 2077 1778 2113; x_wconf 87' lang='lat' dir='ltr'><strong>doctores</strong></span> 
     </span>
     <span class='ocr_line' id='line_1_35' title="bbox 460 2134 1774 2184; baseline 0 -15"><span class='ocrx_word' id='word_1_258' title='bbox 460 2134 571 2181; x_wconf 87' lang='lat' dir='ltr'><strong>quasi</strong></span> <span class='ocrx_word' id='word_1_259' title='bbox 602 2134 752 2183; x_wconf 82' lang='lat' dir='ltr'><strong>lapides</strong></span> <span class='ocrx_word' id='word_1_260' title='bbox 785 2134 863 2169; x_wconf 78' lang='lat' dir='ltr'><strong>vivi</strong></span> <span class='ocrx_word' id='word_1_261' title='bbox 891 2134 1103 2183; x_wconf 81' lang='lat' dir='ltr'><strong>suscipiunt</strong></span> <span class='ocrx_word' id='word_1_262' title='bbox 1141 2142 1176 2170; x_wconf 88' lang='lat' dir='ltr'><strong>et</strong></span> <span class='ocrx_word' id='word_1_263' title='bbox 1201 2134 1305 2184; x_wconf 88' lang='lat' dir='ltr'><strong>fidei</strong></span> <span class='ocrx_word' id='word_1_264' title='bbox 1335 2134 1477 2171; x_wconf 78' lang='lat' dir='ltr'><strong>virtute</strong></span> <span class='ocrx_word' id='word_1_265' title='bbox 1508 2134 1774 2184; x_wconf 86' lang='lat' dir='ltr'><strong>confringunt.</strong></span> 
     </span>
     <span class='ocr_line' id='line_1_36' title="bbox 459 2191 1775 2241; baseline 0.002 -15"><span class='ocrx_word' id='word_1_266' title='bbox 459 2191 544 2226; x_wconf 91' lang='lat' dir='ltr'><strong>Hec</strong></span> <span class='ocrx_word' id='word_1_267' title='bbox 582 2203 680 2241; x_wconf 89' lang='lat' dir='ltr'><strong>ergo</strong></span> <span class='ocrx_word' id='word_1_268' title='bbox 719 2191 854 2228; x_wconf 75' lang='lat' dir='ltr'><strong>civitas</strong></span> <span class='ocrx_word' id='word_1_269' title='bbox 889 2192 1017 2241; x_wconf 82' lang='lat' dir='ltr'><strong>posita</strong></span> <span class='ocrx_word' id='word_1_270' title='bbox 1051 2198 1106 2228; x_wconf 91' lang='lat' dir='ltr'><strong>est</strong></span> <span class='ocrx_word' id='word_1_271' title='bbox 1137 2204 1256 2241; x_wconf 82' lang='lat' dir='ltr'><strong>super</strong></span> <span class='ocrx_word' id='word_1_272' title='bbox 1288 2199 1470 2239; x_wconf 85' lang='lat' dir='ltr'><strong>montem,</strong></span> <span class='ocrx_word' id='word_1_273' title='bbox 1511 2192 1551 2228; x_wconf 89' lang='lat' dir='ltr'><strong>id</strong></span> <span class='ocrx_word' id='word_1_274' title='bbox 1581 2199 1650 2239; x_wconf 88' lang='lat' dir='ltr'><strong>est,</strong></span> <span class='ocrx_word' id='word_1_275' title='bbox 1683 2204 1775 2241; x_wconf 84' lang='lat' dir='ltr'><strong>apo-</strong></span> 
     </span>
     <span class='ocr_line' id='line_1_37' title="bbox 458 2248 1774 2300; baseline 0.002 -16"><span class='ocrx_word' id='word_1_276' title='bbox 458 2248 561 2298; x_wconf 72' lang='lat' dir='ltr'><strong>stoli,</strong></span> <span class='ocrx_word' id='word_1_277' title='bbox 606 2250 798 2298; x_wconf 80' lang='lat' dir='ltr'><strong>prophete</strong></span> <span class='ocrx_word' id='word_1_278' title='bbox 840 2249 1033 2298; x_wconf 84' lang='lat' dir='ltr'><strong>ceterique</strong></span> <span class='ocrx_word' id='word_1_279' title='bbox 1078 2249 1255 2286; x_wconf 89' lang='lat' dir='ltr'><strong>doctores</strong></span> <span class='ocrx_word' id='word_1_280' title='bbox 1303 2250 1473 2300; x_wconf 83' lang='lat' dir='ltr'><strong>edificati</strong></span> <span class='ocrx_word' id='word_1_281' title='bbox 1522 2250 1558 2286; x_wconf 86' lang='lat' dir='ltr'><strong>in</strong></span> <span class='ocrx_word' id='word_1_282' title='bbox 1605 2249 1774 2288; x_wconf 85' lang='lat' dir='ltr'><strong>Christo.</strong></span> 
     </span>
     <span class='ocr_line' id='line_1_38' title="bbox 459 2306 1830 2358; baseline 0.001 -16"><span class='ocrx_word' id='word_1_283' title='bbox 459 2306 576 2343; x_wconf 90' lang='lat' dir='ltr'><strong>Mons</strong></span> <span class='ocrx_word' id='word_1_284' title='bbox 608 2307 705 2343; x_wconf 90' lang='lat' dir='ltr'><strong>enim</strong></span> <span class='ocrx_word' id='word_1_285' title='bbox 746 2307 926 2344; x_wconf 89' lang='lat' dir='ltr'><strong>Christus</strong></span> <span class='ocrx_word' id='word_1_286' title='bbox 957 2315 1013 2344; x_wconf 89' lang='lat' dir='ltr'><strong>est</strong></span> <span class='ocrx_word' id='word_1_287' title='bbox 1045 2308 1091 2344; x_wconf 90' lang='lat' dir='ltr'><strong>de</strong></span> <span class='ocrx_word' id='word_1_288' title='bbox 1123 2319 1194 2356; x_wconf 84' lang='lat' dir='ltr'><strong>quo</strong></span> <span class='ocrx_word' id='word_1_289' title='bbox 1217 2308 1360 2344; x_wconf 88' lang='lat' dir='ltr'><strong>Daniel</strong></span> <span class='ocrx_word' id='word_1_290' title='bbox 1391 2308 1466 2344; x_wconf 89' lang='lat' dir='ltr'><strong>ait:</strong></span> <span class='ocrx_word' id='word_1_291' title='bbox 1496 2308 1549 2344; x_wconf 89' lang='lat' dir='ltr'><strong>Et</strong></span> <span class='ocrx_word' id='word_1_292' title='bbox 1571 2320 1656 2344; x_wconf 89' lang='lat' dir='ltr'><strong>ecce</strong></span> <span class='ocrx_word' id='word_1_293' title='bbox 1678 2308 1777 2357; x_wconf 84' lang='lat' dir='ltr'><strong>lapis</strong></span> <span class='ocrx_word' id='word_1_294' title='bbox 1793 2326 1830 2358; x_wconf 79' lang='lat'><strong>35</strong></span> 
     </span>
     <span class='ocr_line' id='line_1_39' title="bbox 460 2364 1776 2416; baseline 0.001 -16"><span class='ocrx_word' id='word_1_295' title='bbox 460 2364 614 2400; x_wconf 86' lang='lat' dir='ltr'><strong>excisus</strong></span> <span class='ocrx_word' id='word_1_296' title='bbox 646 2372 702 2401; x_wconf 89' lang='lat' dir='ltr'><strong>est</strong></span> <span class='ocrx_word' id='word_1_297' title='bbox 733 2365 813 2401; x_wconf 87' lang='lat' dir='ltr'><strong>sine</strong></span> <span class='ocrx_word' id='word_1_298' title='bbox 845 2366 1019 2402; x_wconf 87' lang='lat' dir='ltr'><strong>manibus</strong></span> <span class='ocrx_word' id='word_1_299' title='bbox 1050 2373 1086 2402; x_wconf 91' lang='lat' dir='ltr'><strong>et</strong></span> <span class='ocrx_word' id='word_1_300' title='bbox 1116 2365 1255 2414; x_wconf 88' lang='lat' dir='ltr'><strong>factus</strong></span> <span class='ocrx_word' id='word_1_301' title='bbox 1293 2373 1348 2402; x_wconf 87' lang='lat' dir='ltr'><strong>est</strong></span> <span class='ocrx_word' id='word_1_302' title='bbox 1387 2378 1496 2402; x_wconf 88' lang='lat' dir='ltr'><strong>mons</strong></span> <span class='ocrx_word' id='word_1_303' title='bbox 1535 2378 1703 2416; x_wconf 86' lang='lat' dir='ltr'><strong>magnus</strong></span> <span class='ocrx_word' id='word_1_304' title='bbox 1741 2373 1776 2401; x_wconf 91' lang='lat' dir='ltr'><strong>et</strong></span> 
     </span>
     <span class='ocr_line' id='line_1_40' title="bbox 460 2423 1444 2472; baseline 0.003 -15"><span class='ocrx_word' id='word_1_305' title='bbox 460 2423 661 2472; x_wconf 77' lang='lat' dir='ltr'><strong>occupavit</strong></span> <span class='ocrx_word' id='word_1_306' title='bbox 693 2430 811 2459; x_wconf 88' lang='lat' dir='ltr'><strong>totam</strong></span> <span class='ocrx_word' id='word_1_307' title='bbox 846 2431 1007 2460; x_wconf 90' lang='lat' dir='ltr'><strong>terram.</strong></span> <span class='ocrx_word' id='word_1_308' title='bbox 1042 2425 1126 2460; x_wconf 85' lang='lat' dir='ltr'><strong>Hec</strong></span> <span class='ocrx_word' id='word_1_309' title='bbox 1159 2424 1444 2461; x_wconf 87' lang='lat' dir='ltr'><strong>Crisostomus.</strong></span> 
     </span>
    </p>
   </div>
   <div class='ocr_carea' id='block_1_5' title="bbox 458 2579 1776 2718">
    <p class='ocr_par' dir='ltr' id='par_1_6' title="bbox 458 2579 1776 2718">
     <span class='ocr_line' id='line_1_41' title="bbox 528 2579 1776 2617; baseline 0.002 -11"><span class='ocrx_word' id='word_1_310' title='bbox 528 2586 554 2613; x_wconf 88' lang='lat'><strong>7.</strong></span> <span class='ocrx_word' id='word_1_311' title='bbox 588 2579 732 2617; x_wconf 23' lang='lat' dir='ltr'><strong>Aztipsa</strong></span> <span class='ocrx_word' id='word_1_312' title='bbox 764 2579 880 2613; x_wconf 79' lang='lat' dir='ltr'><strong>voluit;</strong></span> <span class='ocrx_word' id='word_1_313' title='bbox 911 2580 1019 2607; x_wconf 82' lang='lat' dir='ltr'><strong>civitas</strong></span> <span class='ocrx_word' id='word_1_314' title='bbox 1051 2580 1152 2614; x_wconf 81' lang='lat' dir='ltr'><strong>deest;</strong></span> <span class='ocrx_word' id='word_1_315' title='bbox 1198 2581 1238 2607; x_wconf 89' lang='lat' dir='ltr'><strong>ib.</strong></span> <span class='ocrx_word' id='word_1_316' title='bbox 1268 2582 1297 2608; x_wconf 94' lang='lat' dir='ltr'>A</span> <span class='ocrx_word' id='word_1_317' title='bbox 1328 2581 1358 2608; x_wconf 86' lang='lat' dir='ltr'><strong>in</strong></span> <span class='ocrx_word' id='word_1_318' title='bbox 1394 2589 1506 2616; x_wconf 66' lang='lat' dir='ltr'><strong>marg:</strong></span> <span class='ocrx_word' id='word_1_319' title='bbox 1556 2580 1776 2609; x_wconf 83' lang='lat' dir='ltr'><strong>Crisostomus.</strong></span> 
     </span>
     <span class='ocr_line' id='line_1_42' title="bbox 458 2612 1774 2651; baseline 0.002 -11"><span class='ocrx_word' id='word_1_320' title='bbox 458 2612 485 2646; x_wconf 75' lang='lat'><strong>8,</strong></span> <span class='ocrx_word' id='word_1_321' title='bbox 507 2620 524 2647; x_wconf 84' lang='lat'>9</span> <span class='ocrx_word' id='word_1_322' title='bbox 558 2613 596 2640; x_wconf 85' lang='lat' dir='ltr'><strong>B:</strong></span> <span class='ocrx_word' id='word_1_323' title='bbox 625 2621 670 2640; x_wconf 87' lang='lat' dir='ltr'><strong>szc</strong></span> <span class='ocrx_word' id='word_1_324' title='bbox 697 2614 781 2649; x_wconf 84' lang='lat' dir='ltr'><strong>quod</strong></span> <span class='ocrx_word' id='word_1_325' title='bbox 806 2615 950 2649; x_wconf 81' lang='lat' dir='ltr'><strong>apostoli.</strong></span> <span class='ocrx_word' id='word_1_326' title='bbox 1059 2623 1092 2642; x_wconf 94' lang='lat'><strong>11.</strong></span> <span class='ocrx_word' id='word_1_327' title='bbox 1120 2616 1164 2642; x_wconf 90' lang='lat' dir='ltr'><strong>A:</strong></span> <span class='ocrx_word' id='word_1_328' title='bbox 1196 2619 1242 2642; x_wconf 84' lang='lat' dir='ltr'><strong>cst</strong></span> <span class='ocrx_word' id='word_1_329' title='bbox 1269 2615 1363 2642; x_wconf 84' lang='lat' dir='ltr'><strong>deest.</strong></span> <span class='ocrx_word' id='word_1_330' title='bbox 1473 2624 1512 2651; x_wconf 88' lang='lat'><strong>17.</strong></span> <span class='ocrx_word' id='word_1_331' title='bbox 1542 2617 1586 2643; x_wconf 93' lang='lat' dir='ltr'><strong>A:</strong></span> <span class='ocrx_word' id='word_1_332' title='bbox 1618 2618 1647 2642; x_wconf 89' lang='lat' dir='ltr'><strong>et</strong></span> <span class='ocrx_word' id='word_1_333' title='bbox 1679 2616 1774 2643; x_wconf 87' lang='lat' dir='ltr'><strong>deest.</strong></span> 
     </span>
     <span class='ocr_line' id='line_1_43' title="bbox 458 2647 1774 2685; baseline 0.004 -12"><span class='ocrx_word' id='word_1_334' title='bbox 458 2655 496 2674; x_wconf 86' lang='lat'><strong>21.</strong></span> <span class='ocrx_word' id='word_1_335' title='bbox 518 2647 604 2676; x_wconf 85' lang='lat' dir='ltr'><strong>Sion.</strong></span> <span class='ocrx_word' id='word_1_336' title='bbox 627 2648 732 2675; x_wconf 89' lang='lat' dir='ltr'><strong>Adde:</strong></span> <span class='ocrx_word' id='word_1_337' title='bbox 763 2657 857 2684; x_wconf 87' lang='lat' dir='ltr'><strong>super</strong></span> <span class='ocrx_word' id='word_1_338' title='bbox 884 2649 987 2677; x_wconf 85' lang='lat' dir='ltr'><strong>omnia</strong></span> <span class='ocrx_word' id='word_1_339' title='bbox 1016 2650 1219 2677; x_wconf 84' lang='lat' dir='ltr'><strong>tabernacula</strong></span> <span class='ocrx_word' id='word_1_340' title='bbox 1249 2650 1355 2678; x_wconf 86' lang='lat' dir='ltr'><strong>Jacob.</strong></span> <span class='ocrx_word' id='word_1_341' title='bbox 1463 2657 1504 2677; x_wconf 86' lang='lat'><strong>22.</strong></span> <span class='ocrx_word' id='word_1_342' title='bbox 1539 2650 1576 2678; x_wconf 90' lang='lat' dir='ltr'><strong>B:</strong></span> <span class='ocrx_word' id='word_1_343' title='bbox 1605 2658 1665 2685; x_wconf 84' lang='lat' dir='ltr'><strong>per</strong></span> <span class='ocrx_word' id='word_1_344' title='bbox 1695 2650 1774 2678; x_wconf 83' lang='lat' dir='ltr'><strong>illos.</strong></span> 
     </span>
     <span class='ocr_line' id='line_1_44' title="bbox 458 2681 1148 2718; baseline 0.004 -10"><span class='ocrx_word' id='word_1_345' title='bbox 458 2681 496 2709; x_wconf 84' lang='lat'><strong>31.</strong></span> <span class='ocrx_word' id='word_1_346' title='bbox 519 2682 556 2709; x_wconf 86' lang='lat' dir='ltr'><strong>B:</strong></span> <span class='ocrx_word' id='word_1_347' title='bbox 575 2683 742 2718; x_wconf 87' lang='lat' dir='ltr'><strong>pharatra.</strong></span> <span class='ocrx_word' id='word_1_348' title='bbox 822 2682 863 2712; x_wconf 83' lang='lat'><strong>35.</strong></span> <span class='ocrx_word' id='word_1_349' title='bbox 885 2685 930 2711; x_wconf 91' lang='lat' dir='ltr'><strong>A:</strong></span> <span class='ocrx_word' id='word_1_350' title='bbox 953 2684 1032 2712; x_wconf 85' lang='lat' dir='ltr'><strong>enim</strong></span> <span class='ocrx_word' id='word_1_351' title='bbox 1053 2684 1148 2711; x_wconf 84' lang='lat' dir='ltr'><strong>deest.</strong></span> 
     </span>
    </p>
   </div>
   <div class='ocr_carea' id='block_1_6' title="bbox 462 2753 1773 2888">
    <p class='ocr_par' dir='ltr' id='par_1_7' title="bbox 462 2753 1773 2888">
     <span class='ocr_line' id='line_1_45' title="bbox 528 2753 1773 2801; baseline 0.003 -16"><span class='ocrx_word' id='word_1_352' title='bbox 528 2753 560 2785; x_wconf 83' lang='lat'><strong>6.</strong></span> <span class='ocrx_word' id='word_1_353' title='bbox 576 2754 641 2796; x_wconf 84' lang='lat' dir='ltr'><strong>Op.</strong></span> <span class='ocrx_word' id='word_1_354' title='bbox 659 2755 756 2796; x_wconf 84' lang='lat' dir='ltr'><strong>Imp.‚</strong></span> <span class='ocrx_word' id='word_1_355' title='bbox 772 2766 803 2797; x_wconf 89' lang='lat' dir='ltr'><strong>p.</strong></span> <span class='ocrx_word' id='word_1_356' title='bbox 820 2765 897 2798; x_wconf 73' lang='lat'><strong>792.</strong></span> <span class='ocrx_word' id='word_1_357' title='bbox 960 2766 1008 2788; x_wconf 86' lang='lat'><strong>12.</strong></span> <span class='ocrx_word' id='word_1_358' title='bbox 1024 2757 1150 2788; x_wconf 85' lang='lat' dir='ltr'><strong>Psalm.</strong></span> <span class='ocrx_word' id='word_1_359' title='bbox 1168 2757 1350 2797; x_wconf 79' lang='lat' dir='ltr'>LXXXVI,</span> <span class='ocrx_word' id='word_1_360' title='bbox 1367 2758 1396 2790; x_wconf 83' lang='lat'><strong>3.</strong></span> <span class='ocrx_word' id='word_1_361' title='bbox 1458 2767 1506 2798; x_wconf 90' lang='lat'><strong>14.</strong></span> <span class='ocrx_word' id='word_1_362' title='bbox 1523 2756 1652 2799; x_wconf 86' lang='lat' dir='ltr'><strong>Ephes.</strong></span> <span class='ocrx_word' id='word_1_363' title='bbox 1666 2758 1704 2798; x_wconf 88' lang='lat' dir='ltr'><strong>II⁷</strong></span> <span class='ocrx_word' id='word_1_364' title='bbox 1726 2768 1773 2801; x_wconf 81' lang='lat'><strong>¹9·</strong></span> 
     </span>
     <span class='ocr_line' id='line_1_46' title="bbox 464 2799 1772 2844; baseline 0.004 -14"><span class='ocrx_word' id='word_1_365' title='bbox 464 2799 512 2830; x_wconf 83' lang='lat'><strong>15.</strong></span> <span class='ocrx_word' id='word_1_366' title='bbox 532 2800 659 2832; x_wconf 85' lang='lat' dir='ltr'><strong>Psalm.</strong></span> <span class='ocrx_word' id='word_1_367' title='bbox 680 2801 795 2842; x_wconf 90' lang='lat' dir='ltr'>CXXI,</span> <span class='ocrx_word' id='word_1_368' title='bbox 821 2813 871 2843; x_wconf 88' lang='lat'><strong>17.</strong></span> <span class='ocrx_word' id='word_1_369' title='bbox 962 2812 1014 2834; x_wconf 84' lang='lat'><strong>21.</strong></span> <span class='ocrx_word' id='word_1_370' title='bbox 1034 2803 1160 2834; x_wconf 86' lang='lat' dir='ltr'><strong>Psalm.</strong></span> <span class='ocrx_word' id='word_1_371' title='bbox 1178 2803 1360 2844; x_wconf 80' lang='lat' dir='ltr'>LXXXVI,</span> <span class='ocrx_word' id='word_1_372' title='bbox 1382 2813 1410 2835; x_wconf 84' lang='lat'><strong>¹2.</strong></span> <span class='ocrx_word' id='word_1_373' title='bbox 1498 2813 1551 2844; x_wconf 87' lang='lat'><strong>24.</strong></span> <span class='ocrx_word' id='word_1_374' title='bbox 1573 2805 1614 2835; x_wconf 89' lang='lat' dir='ltr'><strong>ls.</strong></span> <span class='ocrx_word' id='word_1_375' title='bbox 1634 2804 1703 2844; x_wconf 92' lang='lat' dir='ltr'><strong>LX,</strong></span> <span class='ocrx_word' id='word_1_376' title='bbox 1725 2814 1772 2835; x_wconf 93' lang='lat'><strong>10.</strong></span> 
     </span>
     <span class='ocr_line' id='line_1_47' title="bbox 462 2845 857 2888; baseline 0.008 -11"><span class='ocrx_word' id='word_1_377' title='bbox 462 2845 514 2877; x_wconf 80' lang='lat'><strong>35.</strong></span> <span class='ocrx_word' id='word_1_378' title='bbox 541 2846 627 2878; x_wconf 81' lang='lat' dir='ltr'><strong>Dan.</strong></span> <span class='ocrx_word' id='word_1_379' title='bbox 656 2847 695 2886; x_wconf 87' lang='lat'><strong>11,</strong></span> <span class='ocrx_word' id='word_1_380' title='bbox 724 2849 776 2888; x_wconf 79' lang='lat'><strong>34,</strong></span> <span class='ocrx_word' id='word_1_381' title='bbox 807 2848 857 2880; x_wconf 76' lang='lat'><strong>35.</strong></span> 
     </span>
    </p>
   </div>
  </div>
 </body>
</html>
