2003 3322
188 199 278 228 CAP.
298 190 396 245 xxi]
720 203 861 235 PRIMA
888 204 1014 236 PARS.
1746 197 1797 244 69

189 308 349 346 Christi.
399 310 447 344 Et
491 318 687 357 quantum
728 311 778 346 ad
817 311 1285 348 excommunicacionem
1332 323 1409 359 que
1450 319 1508 348 est
1551 316 1774 356 Excommuni-

189 365 440 412 malediccio,
487 376 639 403 certum
675 376 732 403 est
765 380 808 404 ex
842 368 932 414 fide,
979 382 1067 405 cum
1104 370 1233 406 solum
1269 368 1507 406 malediccio
1522 356 1743 415 cansssseggtecff
1764 352 1800 380 be

187 424 259 461 Dei
297 434 428 471 nocet,
470 425 537 473 qui
575 426 705 461 solum
747 426 952 463 maledicit
984 440 1057 474 pro
1104 427 1264 464 malicia
1309 426 1506 473 falsitatis,

188 482 424 519 malediccio
457 483 525 519 illa
557 492 724 520 ventosa
757 497 838 520 non
870 493 991 521 nocet
1022 485 1263 522 christicolis
1303 486 1373 522 sed
1404 485 1508 522 redit

153 542 237 578 bad
272 540 467 577 mineram
501 541 673 578 toxicam
707 555 729 578 a
763 555 842 590 qua
865 543 985 589 venit,
1021 555 1109 579 cum
1147 543 1212 580 hic
1245 542 1362 581 dicit:
1396 544 1510 579 Beati

186 599 305 644 eritis,
340 611 423 634 cum
452 612 518 635 vos
546 600 824 636 maledixerint
847 601 1031 647 homines,
1057 610 1093 637 et
1117 602 1262 638 Psalm.
1284 602 1414 647 CVIII,
1442 611 1506 637 21:

187 657 421 692 Maledicent
454 658 513 692 illi
542 665 577 693 et
609 665 648 693 tu
692 658 901 695 benedices.
957 661 1004 694 Et
1043 660 1119 695 hoc
1160 659 1427 696 confirmatur
1467 659 1509 695 in

187 714 367 763 practica
419 728 499 763 qua
557 728 659 751 unus
711 729 817 764 papa
869 717 1193 753 excommunicat
1246 718 1418 754 alterum
1472 726 1509 754 et

189 781 371 817 econtra;
416 782 453 809 et
492 773 706 820 figuratum
748 783 804 810 est
845 774 886 811 in
925 775 1053 811 heresi
1087 788 1166 823 qua
1199 776 1377 823 prelatus
1412 774 1510 812 dicit

134 843 171 863 10
188 843 228 867 se
274 831 509 867 benedicere
548 831 642 879 pani
682 833 964 869 sacramentali
1010 842 1047 869 et
1090 833 1235 869 virtute
1276 846 1345 870 sue
1392 834 1510 870 bene—

188 888 382 925 diccionis
415 889 543 925 tendit
569 902 667 937 pure
700 890 741 926 in
763 890 979 935 nichilum3
1014 891 1105 927 ideo
1130 891 1267 927 fideles
1291 900 1509 939 preoptant

188 949 297 995 quod
330 947 419 983 talis
452 949 639 984 sacerdos
681 948 894 985 maledicat
926 948 1017 994 illis,
1059 950 1153 985 dum
1198 962 1320 986 causa
1353 949 1403 986 sit
1435 949 1508 986 Dei

187 1006 248 1041 vel
291 1017 360 1041 sue
404 1005 584 1052 ecclesie,
631 1019 753 1054 quam
798 1009 907 1055 quod
947 1016 1307 1056 quantumcunque
1353 1007 1509 1045 solicite

189 1063 410 1109 benedicat,
457 1063 552 1112 quia
591 1064 647 1100 illi
687 1073 778 1101 sunt
818 1066 865 1101 de
899 1065 1044 1113 quibus
1079 1065 1174 1101 dicit
1207 1065 1406 1102 Dominus
1438 1078 1509 1114 per

135 1122 446 1170 15pr0phetam:
481 1122 715 1158 Maledicam
750 1123 1075 1160 benediccionihus
1108 1124 1256 1160 vestris.
1289 1121 1293 1177 l

69 1272 148 1307 361'2
694 1270 831 1311 CAP.
865 1270 1006 1311 XXI.

249 1377 354 1424 Quia
386 1389 479 1414 vero
512 1386 670 1425 oportet
704 1389 787 1413 esse
827 1378 955 1425 legem
997 1378 1255 1415 defendentes
1296 1391 1342 1415 ac
1382 1378 1508 1415 eciam
1553 1384 1652 1422 What,
1670 1383 1775 1411 Christ

190 1444 429 1484 exequentes
474 1448 608 1483 opere,
665 1435 851 1481 sciencia,
899 1435 1182 1472 exhortacione
1228 1445 1265 1472 et
1310 1436 1507 1483 doctrina,
1569 1419 1761 1489 Γῗξῑιὲῖἑῗὲὃοῖ

190 1495 279 1531 ideo
312 1494 502 1530 informat
536 1493 718 1530 Christus
756 1494 931 1542 prelatos
970 1493 1011 1530 in
1050 1494 1293 1542 operacione
1331 1494 1511 1542 practica

135 1564 176 1585 20
191 1565 261 1601 per
294 1551 521 1588 doctrinam
556 1553 824 1599 exemplarem
859 1552 921 1589 cui
951 1552 1093 1588 intenti
1117 1553 1275 1589 fuerant
1298 1552 1509 1589 Palestini:

200 1612 285 1657 Vos,
319 1610 463 1658 inquit,
497 1611 586 1646 estis
617 1610 678 1646 sal
709 1618 826 1657 terre,
860 1611 962 1659 quod
993 1611 1028 1647 si
1057 1611 1118 1646 sal
1149 1611 1347 1646 evanuerit
1379 1611 1415 1646 in
1439 1623 1510 1660 quo

192 1669 385 1706 salietur?
407 1669 458 1704 ad
489 1668 671 1704 nichilum
706 1669 808 1704 valet
839 1669 943 1704 ultra
977 1669 1050 1705 nisi
1077 1676 1117 1704 ut
1141 1669 1318 1705 mittatur
1331 1669 1454 1717 foras
1477 1676 1512 1705 et

193 1727 439 1764 conculcetur
476 1727 522 1762 ab
562 1726 789 1763 hominibus.
837 1728 965 1775 Super
1005 1739 1084 1775 quo
1122 1727 1388 1775 Augustinus:
1434 1727 1512 1763 Hic

194 1785 357 1822 ostendit
381 1785 521 1833 fatuos
553 1797 634 1821 esse
665 1785 891 1821 iudicandos
923 1785 987 1834 qui
1017 1785 1203 1821 bonorum
1238 1786 1511 1835 temporalium

138 1843 176 1876 25
193 1844 342 1893 copiam
374 1850 562 1879 sectantes
595 1843 656 1878 vel
688 1843 856 1892 dampna
894 1851 1115 1889 metuentes,
1162 1844 1342 1879 amittunt
1380 1850 1513 1880 eterna

194 1914 263 1951 que
295 1913 361 1937 nec
401 1901 492 1936 clari
523 1908 686 1950 possunt
723 1901 769 1937 ab
810 1901 1025 1937 hominibus
1063 1914 1129 1937 nec
1168 1902 1336 1950 auferri.
1382 1903 1514 1950 Itaque

193 1961 227 1996 si
254 1960 315 1996 sal
337 1959 468 2008 fuerit
500 1959 747 2007 infatuatum,
781 1959 816 1995 in
850 1971 922 2008 quo
954 1959 1148 1995 salietur?
1191 1960 1232 1995 id
1263 1967 1330 2007 est,
1376 1960 1411 1996 si
1447 1971 1515 1996 vos

190 2031 265 2068 per
296 2029 388 2066 quos
419 2017 624 2054 condiendi
652 2024 741 2053 sunt
772 2018 1055 2066 quodammodo
1083 2018 1234 2067 populi,
1278 2018 1395 2054 michi
1419 2030 1513 2067 per-

194 2076 429 2113 secucionem
475 2075 748 2125 temporalium
791 2076 999 2112 amiseritis
1044 2088 1168 2126 regna
1213 2076 1409 2121 celorum‚·
1452 2076 1516 2125 qui

140 2136 181 2168 30
196 2141 309 2171 erunt
340 2134 511 2170 homines
538 2145 614 2183 per
645 2146 738 2183 quos
771 2134 877 2170 vobis
908 2146 1025 2170 error
1056 2134 1279 2182 auferatur,
1320 2146 1404 2170 cum
1448 2146 1514 2170 vos

198 2192 362 2243 elegerit
400 2192 519 2235 Deus,
558 2204 634 2241 per
671 2204 764 2240 quos
802 2204 978 2228 errorem
1019 2193 1228 2240 auferatur
1265 2191 1516 2228 ceterorum?

197 2251 312 2301 Ergo
345 2250 396 2285 ad
427 2250 608 2286 nichilum
642 2250 744 2286 valet
774 2250 835 2286 sal
866 2250 1115 2298 infatuatum⁷
1156 2250 1229 2286 nisi
1266 2257 1307 2286 ut
1336 2250 1516 2286 mittatur

189 2309 311 2357 foras
343 2316 378 2344 et
409 2308 654 2344 conculcetur
694 2309 739 2344 ab
779 2308 1004 2344 hominibus.
1050 2308 1136 2344 Non
1177 2309 1303 2357 itaque
1341 2309 1517 2344 calcatur

199 2367 244 2402 ab
289 2366 503 2402 hominihus
547 2367 611 2415 qui
647 2367 800 2415 patitur
838 2367 1165 2415 persecucionem,
1209 2367 1278 2403 sed
1321 2366 1385 2415 qui
1421 2379 1514 2415 per-

144 2422 434 2461 35secucionem
466 2424 634 2460 timendo
667 2425 898 2472 infatuatur.
950 2424 1109 2461 Calcari
1146 2425 1244 2460 enim
1287 2437 1360 2460 non
1388 2431 1516 2473 potest

200 2483 273 2519 nisi
309 2483 489 2531 inferior⁷
527 2484 595 2519 sed
632 2483 800 2531 inferior
837 2494 909 2518 non
948 2490 1002 2519 est
1034 2483 1099 2531 qui
1128 2482 1302 2531 quamvis
1349 2495 1516 2532 corpore

271 2654 298 2679 o.
317 2651 357 2679 B:
381 2650 535 2679 CXLVIII.
606 2650 650 2679 23.
669 2652 698 2679 A
718 2652 748 2679 in
769 2660 883 2688 marg:
905 2651 1105 2688 Augustinus.

274 2735 304 2767 5.
330 2735 449 2767 Matth.
475 2736 517 2774 V,
547 2746 598 2767 11.
705 2745 755 2767 12.
782 2735 834 2767 Cf.
860 2734 1001 2777 Wyclif,
1027 2735 1079 2766 De
1104 2734 1333 2775 Eucharistia,
1361 2744 1435 2776 cap.
1462 2735 1516 2774 IX,

203 2793 236 2824 p.
264 2781 341 2815 325.
442 2781 489 2814 15.
516 2782 596 2813 Mal.
621 2782 660 2823 ΙΙ,
688 2792 717 2813 2.
814 2791 867 2813 21.
893 2780 1012 2812 Matth.
1030 2781 1072 2821 V,
1096 2782 1145 2814 13.
1242 2782 1296 2814 23.
1321 2782 1370 2813 Sti
1396 2783 1516 2823 Augu-

203 2829 282 2860 stini
308 2828 360 2861 De
385 2838 546 2861 sermone
571 2829 712 2860 Domini
738 2829 773 2860 in
799 2834 929 2868 monte,
956 2828 977 2860 l.
1004 2838 1031 2860 c.
1058 2838 1091 2870 p.
1122 2837 1196 2870 171.
