2003 3322
179 268 227 302 70

878 257 996 290 OPUS
1021 256 1358 289 EVANGELICUM
1572 244 1681 298 [CAP.
1702 252 1782 280 XXI.

464 369 584 404 multa
613 378 689 416 pro
723 365 869 401 iusticia
903 364 1087 400 sustineat
1120 364 1155 398 in
1197 370 1319 409 terra,
1361 363 1479 398 corde
1517 369 1643 398 tamen
1670 362 1784 412 fixus

466 433 520 462 est
553 426 588 460 in
621 424 712 460 celo.

523 482 796 520 Crisostomus
830 489 965 517 autem
991 480 1046 516 sic
1070 478 1269 527 loquitur:
1310 478 1431 522 Quasi
1453 478 1786 528 interrogantibus

465 541 650 591 apostolis
672 541 723 575 ad
746 551 838 588 quos
864 539 913 575 sit
940 538 1065 573 omnia
1093 538 1164 573 ista
1199 538 1359 581 locutus,
1393 543 1523 572 utrum
1545 537 1787 586 generaliter

465 600 517 635 ad
549 599 739 648 populum
772 610 819 632 an
860 597 911 632 ad
951 596 1065 645 ipsos,
1112 596 1242 631 volens
1281 595 1482 630 ostendere
1519 595 1697 642 quoniam
1736 595 1787 630 ad

466 658 568 707 ipsos
595 656 782 706 precipue
814 655 882 690 lzec
915 654 1142 702 loquebatur
1173 653 1343 689 addidit:
1383 652 1456 688 Vos
1478 653 1567 688 estis
1587 653 1648 688 sal
1669 659 1785 688 terre.

472 715 557 751 Hoc
589 715 690 762 quod
724 713 834 749 dicit:
875 713 948 748 Vos
980 712 1069 748 estis
1101 711 1161 747 sal
1189 719 1295 747 terre
1316 711 1368 746 ad
1389 710 1487 746 illud
1509 711 1665 759 respicit
1688 711 1789 759 quod

466 773 644 822 superius
677 772 790 818 dixit,
830 771 915 819 quia
950 771 1087 806 doctor
1126 769 1299 805 omnibus
1332 769 1536 804 virtutibus
1569 769 1678 805 debet
1709 781 1788 804 esse

467 837 639 867 ornatus.
694 830 818 865 Debet
863 841 943 864 esse
982 840 1149 877 pauper,
1195 835 1234 862 ut
1278 826 1489 862 avariciam
1533 826 1653 863 libera
1698 839 1789 862 voce

467 889 643 939 castiget,
691 888 798 923 debet
836 899 916 923 esse
953 898 1108 934 semper
1145 886 1348 934 suspirans
1388 891 1422 920 et
1462 885 1611 934 lugens,
1649 885 1684 920 si
1714 897 1786 920 non

466 960 535 983 sua
569 946 629 982 vel
659 946 784 981 aliena
819 945 971 991 delicta,
1011 951 1050 979 ut
1088 944 1303 992 confundat
1335 955 1398 979 eos
1430 943 1494 991 qui
1524 955 1590 979 nec
1624 954 1789 992 peccare

468 1005 641 1040 dubitant
680 1003 794 1053 prius
839 1015 952 1052 quam
987 1009 1159 1051 peccent,
1204 1014 1271 1037 nec
1304 1007 1509 1050 postquam
1539 1001 1789 1050 peccaverint

466 1063 676 1098 tristantur
707 1061 793 1110 quia
822 1067 1104 1109 peccaverunt,·
1148 1060 1232 1096 ideo
1265 1059 1434 1108 suspiret
1467 1065 1501 1094 et
1529 1059 1712 1109 plangat,
1748 1067 1788 1095 ut

463 1133 538 1170 per
570 1121 641 1156 hoc
674 1119 849 1155 ostendat
882 1118 968 1166 quia
1000 1118 1140 1168 gravis
1180 1125 1214 1153 et
1246 1116 1492 1166 periculosus
1530 1124 1585 1153 est
1623 1118 1790 1153 mundus

468 1179 537 1214 iste
566 1177 766 1227 fidelibus.
814 1177 937 1212 Debet
981 1177 1153 1212 esuriens
1197 1183 1232 1212 et
1280 1175 1415 1211 siciens
1462 1187 1542 1211 esse
1586 1176 1788 1223 iusticiam,

469 1243 508 1272 ut
553 1236 695 1286 pigros
744 1235 847 1270 circa
901 1246 1019 1283 opera
1064 1235 1160 1270 bona
1208 1234 1268 1269 vel
1314 1233 1516 1269 leccionem
1545 1233 1790 1283 fiducialiter

468 1295 559 1335 fidei
601 1294 662 1329 vel
712 1292 990 1342 increpacionis
1030 1292 1200 1342 flagello
1251 1292 1379 1327 valeat
1430 1291 1604 1327 excitare
1662 1292 1791 1342 magis

468 1352 647 1401 exemplo
679 1363 747 1387 suo
780 1363 893 1399 quam
929 1362 1030 1386 voce.
1071 1349 1195 1387 Debet
1228 1362 1308 1386 esse
1339 1355 1559 1385 mansuetus
1592 1357 1632 1385 ut
1663 1350 1792 1400 magis

468 1410 706 1460 indulgendo
739 1421 851 1458 quam
899 1408 1128 1444 vindicando
1174 1415 1289 1458 regat
1327 1408 1538 1454 ecclesiam,
1584 1415 1623 1443 ut
1666 1408 1793 1458 magis

469 1475 622 1504 ametur
654 1479 767 1516 quam
800 1467 994 1503 timeatur.
1041 1467 1164 1502 Debet
1202 1478 1283 1502 esse
1324 1466 1547 1502 misericors
1585 1466 1683 1513 aliis,
1722 1467 1795 1502 sibi

469 1533 661 1571 austerus,
708 1532 747 1560 ut
790 1525 863 1561 sibi
908 1525 1059 1573 quidem
1103 1537 1230 1574 grave
1269 1525 1424 1573 pondus
1469 1524 1613 1560 iusticie
1657 1531 1791 1573 ponat,

470 1585 556 1621 aliis
587 1591 714 1620 autem
748 1583 842 1621 leve.
883 1583 1006 1619 Debet
1038 1595 1119 1619 esse
1149 1583 1293 1618 mundo
1327 1583 1457 1628 corde,
1492 1589 1531 1617 ut
1563 1594 1635 1618 non
1666 1583 1791 1618 solum

470 1655 510 1679 se
546 1655 618 1678 non
657 1642 816 1677 misceat
854 1641 957 1677 circa
998 1641 1158 1691 negocia
1197 1640 1389 1677 secularia
1427 1640 1496 1676 sed
1540 1652 1607 1676 nec
1651 1641 1793 1691 cogitet

472 1702 518 1736 de
549 1701 704 1735 mundo.
740 1700 847 1735 Sicut
879 1699 976 1735 enim
1010 1700 1142 1735 oculus
1175 1705 1314 1747 quanto
1340 1698 1664 1747 mundz'orfuerit
1686 1706 1792 1735 tanto

472 1759 627 1808 longius
660 1758 774 1804 videt,
816 1758 871 1793 sic
903 1765 938 1793 et
970 1757 1098 1792 anima
1131 1764 1273 1805 quanto
1307 1756 1464 1806 longior
1485 1757 1616 1804 fuerit
1647 1770 1669 1792 a
1702 1757 1791 1793 soli-

471 1816 637 1853 citudine
663 1816 854 1851 mundiali
883 1822 987 1851 tanto
1017 1815 1184 1864 amplius
1209 1816 1291 1851 Deo
1315 1815 1542 1864 proximior
1570 1822 1636 1850 est.
1677 1815 1793 1851 Cuius

471 1882 597 1910 autem
622 1874 752 1910 cordis
775 1873 908 1910 oculus
931 1874 1116 1909 mundum
1145 1873 1282 1922 aspicit
1311 1873 1413 1908 illius
1440 1885 1545 1908 mens
1575 1886 1647 1909 non
1670 1880 1794 1922 potest

471 1934 598 1969 Deum
643 1932 786 1968 videre.
833 1932 890 1967 Sit
933 1939 1059 1967 autem
1087 1931 1286 1980 pacificus,
1321 1938 1360 1965 ut
1398 1938 1476 1966 tota
1517 1931 1675 1967 ecclesia
1715 1932 1793 1967 eius

472 1991 582 2039 quasi
613 2003 686 2025 una
718 1990 767 2026 sit
798 1990 938 2025 anima.
991 1989 1063 2025 Ubi
1093 1997 1219 2025 autem
1260 1989 1467 2025 concordia
1507 2001 1579 2025 non
1619 1997 1686 2036 est,
1727 2001 1794 2025 nec

473 2048 604 2084 oracio
644 2048 723 2083 illic
763 2048 987 2094 exauditur,
1034 2060 1100 2083 nec
1140 2047 1286 2083 oblacio
1329 2047 1551 2096 suscipitur,
1597 2048 1683 2095 quia
1727 2060 1794 2083 nec

473 2107 524 2142 ibi
559 2113 614 2142 est
646 2107 753 2142 Deus
798 2106 861 2141 ubi
899 2106 1094 2141 discordia
1135 2106 1368 2141 dominatur.
1421 2105 1545 2141 Debet
1588 2112 1714 2141 autem
1759 2113 1794 2141 et

467 2171 635 2214 paratus
673 2176 754 2200 esse
794 2164 845 2199 ad
870 2163 1104 2213 passionem,
1149 2176 1221 2199 11011
1262 2176 1359 2199 vana
1391 2163 1522 2213 gloria
1557 2163 1791 2199 desiderium

472 2222 666 2273 martyrii
696 2222 837 2257 liabens
862 2222 931 2257 sed
954 2222 1326 2271 constanciamfidei
1348 2221 1594 2272 martyribus
1618 2222 1790 2272 dignam.

473 2281 576 2316 Nam
601 2287 783 2328 quantum
816 2280 868 2315 ad
899 2280 1089 2329 sapientes
1122 2292 1194 2315 non
1227 2280 1292 2315 ille
1323 2280 1433 2316 miles
1466 2279 1609 2315 dicitur
1625 2287 1793 2328 paratus

473 2339 525 2373 ad
556 2338 710 2384 bellum,
744 2338 808 2386 qui
838 2338 1072 2387 concupiscit
1103 2338 1215 2373 exire
1245 2338 1314 2374 sed
1335 2338 1399 2386 qui
1414 2345 1551 2386 potens
1583 2345 1638 2373 est
1670 2338 1790 2373 exire.

475 2396 519 2431 Si
548 2408 645 2446 ergo
679 2396 852 2432 omnibus
886 2396 944 2431 lzis
977 2396 1181 2432 virtutibus
1215 2396 1346 2444 suerit
1390 2403 1561 2443 ornatus,
1606 2403 1694 2431 tunc
1738 2403 1793 2431 est

474 2454 584 2502 quasi
615 2454 800 2503 optimum
833 2454 894 2489 sal
926 2461 960 2490 et
993 2461 1094 2489 totus
1111 2454 1281 2503 populus
1305 2454 1350 2490 de
1373 2466 1415 2490 eo
1439 2454 1631 2501 conditur,
1664 2454 1793 2504 magis

546 2678 565 2696 1.
586 2670 630 2696 A:
648 2677 709 2704 pro
730 2670 852 2696 iusticia
874 2671 970 2697 deest*
1043 2670 1067 2697 3.
1089 2672 1116 2698 A
1138 2671 1166 2697 in
1190 2678 1302 2705 111arg.:
1327 2669 1542 2697 Crisostomus.
1621 2679 1650 2704 4.
1672 2670 1710 2697 B:
1732 2669 1791 2696 ista

476 2704 569 2731 deest.
680 2712 718 2738 17.
740 2706 784 2731 A:
805 2705 891 2739 Jz'dci
908 2705 1009 2737 ἀρθεὶς
1041 2705 1080 2732 ib.
1104 2706 1140 2733 15:
1162 2708 1225 2732 aut.
1335 2712 1380 2737 21.
1402 2705 1445 2731 A:
1467 2704 1553 2731 Sicut
1572 2712 1646 2736 nec;
1677 2705 1716 2732 ss:
1738 2713 1793 2732 nec

475 2739 607 2802 ffosiafflit
627 2739 672 2765 in:
695 2739 783 2766 enim.
865 2739 902 2774 31,
926 2739 966 2767 32.
988 2741 1032 2767 A:
1055 2740 1150 2767 Debet
1171 2740 1267 2767 eciam
1284 2742 1428 2775 paratus.
1508 2738 1554 2772 34.
1576 2741 1603 2766 A
1624 2739 1653 2766 in
1676 2748 1789 2775 marg:

547 2871 577 2902 3.
604 2870 671 2911 Op.
699 2870 795 2911 Imp„
823 2870 843 2900 l.
870 2880 898 2901 e.
924 2881 956 2912 p.
984 2880 1062 2913 791,
1089 2880 1166 2913 792.

1808 898 1846 918 10

1809 1177 1844 1209 15

1809 1478 1850 1499 20

1810 1759 1848 1790 25
