2003 3322
196 227 270 264 156
895 237 1013 269 opus
1038 238 1375 272 EVANGELICUM
1555 228 1662 283 [CAP.
1686 239 1793 267 xmv.

478 346 526 380 Et
559 343 658 380 fiunt
690 353 929 391 argumenta
962 343 1055 381 hinc
1087 344 1179 381 inde
1211 346 1481 383 communiter
1509 346 1668 384 inutilia
1691 348 1792 385 bone

476 401 573 447 vite;
612 414 706 439 nam
739 410 970 451 utrumque,
1004 411 1087 439 tam
1128 412 1239 440 actus
1279 403 1412 441 anime
1445 417 1567 452 quam
1600 417 1700 453 opus
1733 418 1794 442 ex-

477 459 710 507 trinsecum,
762 461 879 496 debet
919 459 1047 496 eidem
1081 473 1250 509 persone
1295 461 1469 499 hominis
1516 462 1710 510 applicari
1756 472 1794 500 et

477 517 674 566 contingit
719 519 890 555 eundem
937 517 1142 554 hominem
1183 531 1254 567 per
1299 528 1434 556 actum
1483 521 1616 556 anime
1663 520 1791 557 inten-

475 575 640 626 ciorem,
672 575 966 612 diuturniorem
991 576 1051 613 vel
1075 589 1165 613 cum
1190 576 1277 613 aliis
1300 577 1465 624 paribus
1489 578 1615 626 magis
1640 579 1789 615 malum
1809 581 1825 613 5

475 645 643 681 peccare
665 633 825 682 gravius
849 646 969 682 quam
995 643 1133 682 peccat
1165 634 1239 671 iste
1271 634 1373 671 alius
1406 644 1498 672 actu
1523 636 1628 673 malo
1651 636 1792 673 intrin-

475 704 566 728 seco
600 700 638 728 et
670 704 792 740 opere
825 691 1044 729 extrinseco
1078 692 1309 732 comitante.

236 755 407 784 Difference
535 750 622 786 Hoc
661 758 797 786 tamen
836 750 1061 787 notandum
1096 752 1205 798 quod
1244 750 1285 786 in
1325 763 1446 798 opere
1479 751 1700 788 extrinseco
1734 761 1791 788 est

209 790 434 854 exttssfflssecessnd
476 806 577 843 alius
610 809 753 844 modus
781 807 977 856 peccandi
1000 821 1121 856 quam
1156 807 1196 844 in
1229 818 1321 845 actu
1353 809 1587 856 intrinseco,
1620 809 1722 846 sicut
1754 819 1791 847 et

212 861 355 890 intrinsic
375 861 432 889 sin.
475 864 553 901 alia
582 861 587 917 Ι
616 865 836 903 delectacio
882 875 919 902 et
964 865 1064 902 alius
1110 878 1326 903 consensus
1377 876 1459 903 tam
1513 868 1791 904 concomitans
1836 871 1919 912 371²

474 935 596 971 quam
643 936 906 973 consequens.
953 925 1045 960 Ideo
1083 924 1373 960 consulendum
1418 933 1475 961 est
1513 926 1622 973 quod
1662 925 1790 962 fidelis

473 990 607 1018 teneat
646 994 699 1027 se,
739 994 790 1018 ne
827 982 1021 1030 procedat
1065 982 1106 1018 in
1150 991 1284 1018 actum
1326 982 1592 1019 extrinsecum
1625 992 1791 1032 propter

472 1038 730 1075 formidinem
764 1039 1040 1077 comitantem.

205 1104 263 1132 We
284 1105 357 1133 need
380 1109 433 1143 not
531 1098 581 1134 Et
612 1098 689 1134 hoc
722 1107 780 1134 est
811 1099 1037 1135 notandum
1071 1097 1238 1134 ulterius
1262 1100 1370 1147 quod
1403 1108 1514 1135 actus
1548 1098 1788 1135 intrinsecus

181 1141 374 1209 δζξξζνζᾝῖἴ
393 1148 458 1202 [Ἓξ
472 1154 553 1191 sive
585 1154 829 1193 extrinsecus
861 1157 981 1193 habet
1003 1157 1224 1205 quamdam
1250 1156 1452 1193 maliciam
1477 1155 1551 1193 sibi
1575 1156 1789 1193 intrinsece
1809 1160 1845 1191 15

196 1210 450 1273 Stritffifffassfsffid
473 1212 756 1260 comitantem;
790 1222 828 1251 et
860 1223 973 1251 actus
1005 1214 1097 1251 talis
1130 1215 1250 1251 habet
1283 1227 1327 1251 ex
1360 1214 1437 1251 fine
1470 1214 1697 1262 penitencie
1728 1215 1789 1251 vel

472 1270 758 1319 impenitencie
780 1284 952 1320 persone
974 1272 1094 1309 aliam
1129 1271 1333 1309 maliciam
1367 1272 1650 1321 respectivam3
1683 1274 1788 1309 unde

471 1329 736 1377 probabiliter
752 1329 929 1367 creditur
945 1331 1054 1379 quod
1077 1330 1154 1367 hoc
1178 1331 1355 1367 secundo
1378 1331 1500 1367 modo
1515 1331 1787 1379 quodcunque

469 1399 572 1435 opus
586 1387 741 1436 peccati
764 1387 845 1425 sive
868 1388 1130 1425 intrinsecum
1154 1387 1235 1425 sive
1258 1388 1525 1425 extrinsecum
1548 1388 1588 1424 in
1612 1388 1787 1436 prescito

469 1453 527 1482 est
559 1454 771 1494 peccatum
805 1446 965 1495 gravius
998 1459 1119 1495 quarn
1153 1455 1211 1482 est
1244 1446 1433 1495 possibile
1466 1458 1550 1483 esse
1572 1454 1784 1494 peccatum
1803 1458 1845 1480 20

469 1502 635 1552 aliquod
667 1504 948 1552 predestinati3
994 1504 1085 1541 ideo
1118 1505 1218 1541 tales
1257 1504 1589 1552 comparaciones
1622 1513 1784 1541 actuum

468 1562 622 1609 peccati
656 1561 800 1599 diversi
832 1562 987 1610 generis
1021 1564 1166 1599 debent
1200 1561 1346 1599 dimitti
1380 1571 1417 1598 et
1449 1562 1675 1599 intellectus
1708 1575 1781 1610 pro

469 1619 656 1656 cavendis
700 1620 876 1668 peccatis
928 1622 1045 1657 debet
1096 1620 1314 1657 intendere.
1370 1620 1486 1657 Multi
1537 1620 1642 1657 enim
1693 1629 1785 1656 sunt

467 1686 663 1714 tractatus
695 1679 793 1715 tales
827 1678 1026 1715 scolastici
1060 1688 1142 1715 tam
1177 1691 1348 1726 persone
1390 1690 1510 1726 quam
1555 1677 1784 1714 communi-

467 1735 539 1772 tati
586 1735 760 1782 inutiles‚
819 1738 913 1772 dum
960 1746 1118 1784 tempus
1164 1746 1201 1772 et
1245 1736 1355 1773 racio
1401 1735 1508 1773 circa
1551 1735 1840 1772 huiusmodi25

467 1793 663 1830 inutiliter
714 1803 965 1842 occupantur
1024 1804 1060 1830 et
1119 1793 1301 1831 doctrina
1355 1793 1493 1830 utilior
1554 1793 1783 1842 evangelica

467 1851 685 1888 dimittitur
717 1865 793 1900 que
826 1852 1003 1900 undique
1038 1853 1127 1900 plus
1161 1853 1389 1900 prodesset3
1435 1851 1526 1888 ideo
1559 1851 1633 1888 viri
1666 1864 1782 1888 evan—

466 1909 581 1955 gelici
609 1911 685 1947 hoc
718 1910 918 1947 discerent
941 1923 985 1947 ex
1008 1910 1282 1947 taciturnitate
1306 1909 1468 1955 Christi,
1503 1911 1666 1958 quando
1690 1922 1782 1958 sepe

465 1966 539 2003 fuit
570 1967 645 2004 sibi
677 1967 911 2016 impositum
946 1981 1026 2005 non
1059 1968 1276 2016 respondit,
1311 1981 1357 2004 ac
1391 1967 1422 2004 si
1455 1967 1497 2004 in
1519 1969 1596 2004 hoc
1620 1968 1782 2004 doceret

466 2026 574 2074 quod
612 2027 712 2063 tales
751 2026 981 2075 questiones
1020 2026 1181 2062 inutiles
1220 2026 1381 2063 illorum
1423 2025 1490 2074 qui
1530 2026 1578 2061 de
1617 2025 1781 2062 nomine
1798 2026 1840 2058 30

465 2083 697 2121 subtilitatis
730 2084 904 2121 inaniter
942 2084 1178 2133 gloriantur,
1224 2085 1444 2132 prudenter
1481 2083 1650 2120 tacende
1689 2091 1782 2120 sunt

465 2150 503 2178 et
542 2151 601 2178 est
637 2143 688 2179 ad
727 2155 827 2190 opus
860 2142 1102 2179 fructuosius
1135 2142 1445 2188 intendendum3
1485 2150 1523 2178 et
1555 2153 1627 2189 per
1658 2141 1778 2178 talem

465 2199 784 2236 taciturnitatem
819 2202 1035 2248 prudentes
1075 2199 1284 2248 presbiteri
1330 2199 1370 2236 in
1409 2198 1657 2248 argumentis
1695 2211 1781 2235 sco-

464 2257 612 2294 lasticis
646 2271 727 2295 non
759 2258 943 2295 instructi
976 2258 1203 2306 despiciunt
1235 2259 1429 2306 superbos
1461 2255 1697 2294 scolasticos
1729 2258 1779 2294 ad

464 2328 587 2364 opera
620 2315 735 2353 utilia
768 2316 934 2353 ecclesie
967 2317 1245 2364 procedentes.
1796 2314 1836 2348 35

951 2462 1089 2504 CAP.
1122 2462 1298 2503 XLIV.

521 2560 713 2608 Sequitur
736 2560 776 2596 in
798 2569 907 2597 textu
930 2559 1144 2607 evangelii:
1182 2558 1298 2601 Quod
1317 2559 1352 2594 si
1373 2558 1507 2594 oculus
1529 2565 1616 2593 tuus
1639 2558 1780 2593 dexter

461 2618 703 2670 scandalizat
735 2626 782 2665 te,
815 2631 907 2654 erue
939 2630 1022 2654 eum
1056 2624 1091 2653 et
1118 2617 1253 2666 proice
1284 2617 1353 2652 abs
1384 2623 1430 2651 te.
1472 2615 1647 2664 Expedit
1679 2614 1775 2651 enim

533 2794 552 2821 1,
572 2793 597 2813 2.
618 2787 662 2813 A:
684 2786 714 2813 in
736 2794 797 2813 una
817 2786 896 2814 bone
914 2787 984 2813 vite.
1058 2792 1104 2820 29.
1126 2785 1164 2812 B:
1185 2785 1370 2819 oppositum.

532 2858 584 2898 37.
612 2857 730 2889 Matth.
758 2859 798 2898 V,
828 2868 881 2901 29.
