2003 3322
227 204 316 238 CAP.
336 198 417 251 Lx]
699 208 910 239 SECUNDA
938 208 1065 239 PARS.

226 315 450 362 formidine,
496 315 528 351 si
562 323 599 351 et
630 323 827 362 quatenus
847 323 984 351 nostra
1005 314 1207 350 sentencia
1241 322 1436 350 consonat
1458 313 1534 361 legi

226 372 310 409 Dei.
372 375 421 409 Et
472 381 568 409 nota
620 372 831 420 diligenter
893 372 999 408 dicta
1060 371 1295 408 Crisostomi
1357 371 1534 419 capitulo

224 430 406 478 proximo
450 430 629 476 recitata,
680 430 748 466 ubi
793 430 888 466 dicit
932 430 1041 478 quod
1092 429 1254 478 quidam
1295 431 1443 466 cadunt
1487 431 1535 465 de

224 488 408 536 ecclesia3
461 501 561 537 quos
592 487 837 535 Augustinus
881 500 974 535 sepe
1026 487 1121 524 dicit
1156 499 1362 535 nunquam
1414 486 1535 523 fuisse

192 548 406 586 5membra
445 545 622 592 ecclesie,
668 554 704 582 et
748 545 822 582 iste
865 554 1025 582 sanctus
1065 556 1246 593 expresse
1285 544 1381 581 dicit
1425 545 1533 593 quod

223 616 430 652 nunquam
463 604 623 640 fuerunt
656 602 876 641 christiani.

281 663 330 697 Et
386 662 478 699 hinc
526 661 682 698 videtur
738 661 978 709 quibusdam
1036 659 1218 696 mirabile
1263 660 1371 708 quod
1422 659 1535 695 Anti-

224 719 394 756 christus
431 728 545 767 urget
588 728 631 755 ut
670 719 788 755 fidem
834 720 994 755 credere
1038 719 1147 766 quod
1190 717 1274 765 ipse
1321 717 1371 753 sit
1415 726 1535 765 caput

224 777 388 814 ecclesie
439 776 673 814 universalis
726 785 764 813 et
813 776 958 824 prelati
1009 775 1137 812 nostri
1187 774 1401 812 vendicant
1453 788 1532 812 non

170 836 350 874 1osolum
403 836 509 884 quod
564 834 642 871 sint
689 834 908 880 christiani,
954 835 1023 870 sed
1068 834 1178 881 quod
1222 842 1315 869 sunt
1359 841 1534 869 rectores

223 893 387 929 ecclesie
439 893 644 941 apostolos
695 891 912 928 imitantes.
964 891 1118 928 Fideles
1169 899 1302 927 autem
1355 889 1534 927 dicerent

222 950 253 987 si
305 952 498 987 auderent
542 951 652 998 quod
694 958 927 998 supponunt
978 962 1020 986 ex
1064 945 1264 997 probabili
1315 948 1532 993 evidencia,

222 1021 303 1044 non
364 1017 500 1045 tamen
555 1008 721 1044 credunt
772 1016 816 1043 ut
877 1007 998 1043 fidem
1052 1007 1159 1054 quod
1213 1018 1317 1054 papa
1370 1014 1407 1042 et
1459 1005 1533 1042 iste

222 1074 327 1103 secte
360 1075 533 1114 quatuor
565 1073 657 1102 sunt
695 1066 743 1101 de
776 1064 942 1101 ecclesia
980 1065 1041 1101 vel
1074 1063 1281 1101 christiani
1319 1062 1394 1100 nisi
1431 1063 1533 1100 forte

169 1129 206 1161 15
224 1123 380 1161 dicatur
403 1123 594 1172 equivoce
610 1125 718 1171 quod
739 1131 833 1159 sunt
848 1122 1015 1159 ecclesia
1031 1120 1347 1170 malignancium
1364 1133 1533 1170 sequen-

223 1191 280 1218 tes
313 1181 479 1229 vestigia
513 1180 746 1218 Scariothis.

283 1241 360 1276 Sed
394 1239 560 1278 dimissa
598 1238 673 1276 ista
716 1239 878 1287 loquela
924 1237 1183 1275 contenciosa
1227 1237 1430 1273 notandus
1474 1245 1533 1273 est

226 1309 364 1334 sensus
403 1296 642 1334 Crisostomi
698 1309 817 1345 quem
864 1296 976 1332 addit
1031 1298 1079 1332 de
1124 1294 1271 1343 pluvia,
1323 1303 1442 1331 vento
1495 1303 1532 1330 et

225 1354 402 1393 flumine.
468 1355 699 1391 Consonum
743 1353 905 1403 quidem
954 1363 1010 1390 est
1063 1354 1173 1401 quod
1215 1354 1336 1389 verba
1369 1351 1533 1388 Domini

167 1428 209 1450 20
225 1413 399 1450 habeant
430 1413 564 1460 plures
596 1425 736 1449 sensus
770 1411 993 1449 catholicos
1033 1423 1156 1459 quam
1191 1410 1534 1458 comprehendere

223 1470 469 1507 sufficiamus
520 1470 583 1506 hic
616 1470 656 1506 in
701 1469 775 1507 via.
833 1469 1000 1506 Videtur
1055 1477 1189 1505 autem
1241 1467 1533 1504 Crisostomum

223 1528 370 1565 sentire
416 1529 525 1576 quod
563 1528 801 1565 edificantes
845 1527 979 1564 taliter
1017 1527 1189 1575 qualiter
1233 1525 1423 1562 edificant
1461 1526 1533 1561 hee

221 1595 327 1623 secte
362 1595 537 1634 quatuor
561 1599 681 1634 super
715 1597 879 1622 arenam
904 1585 1093 1621 edificant
1126 1593 1163 1621 et
1195 1597 1277 1621 non
1309 1591 1401 1620 sunt
1423 1595 1533 1620 vera-

222 1643 320 1680 citer
372 1643 589 1690 christiani,
650 1643 745 1692 quia
801 1652 1007 1691 oporteret
1059 1643 1168 1691 quod
1225 1642 1531 1678 fundamentum

165 1707 204 1740 25
223 1714 339 1738 suum
374 1702 476 1738 foret
519 1701 560 1738 in
602 1702 755 1738 unitate
789 1701 996 1738 christiani
1035 1700 1168 1748 operis
1201 1707 1531 1745 commassatum,

221 1761 343 1796 modo
376 1769 509 1796 autem
555 1759 844 1796 discontinuati
876 1772 899 1796 a
930 1758 1010 1795 vita
1056 1768 1093 1794 et
1126 1758 1263 1806 regula
1297 1756 1529 1795 Salvatoris.

220 1817 286 1853 Isti
319 1826 453 1854 autern
485 1817 672 1854 videntur
702 1817 833 1854 facere
865 1816 1025 1853 ruinam
1059 1829 1246 1863 magnam
1287 1824 1325 1851 et
1352 1814 1532 1851 funditus

220 1875 324 1912 infra
356 1877 472 1912 breve
517 1887 717 1921 corruere,
779 1874 874 1923 quia
906 1873 1002 1922 ipsis
1037 1873 1172 1910 deficit
1204 1874 1531 1912 fundamentum,

221 1932 438 1970 Christiani
471 1942 603 1969 autem
627 1933 719 1969 licet
752 1934 802 1969 ad
834 1941 992 1980 ternpus
1024 1931 1291 1979 peccaverint,
1325 1930 1419 1979 quia
1451 1942 1531 1965 ser-

164 1998 312 2029 3ovant
365 1991 484 2027 fidem
532 1990 711 2038 Domini,
765 1990 936 2027 faciliter
979 1998 1148 2038 possunt
1192 2002 1236 2026 ex
1281 1988 1416 2037 gracia
1460 1987 1532 2024 Dei

220 2060 440 2096 resurgere.

289 2205 394 2237 14—15.
423 2206 466 2232 A:
482 2205 530 2232 vel
540 2221 569 2224 —
584 2205 712 2232 ecclesia
727 2205 820 2231 deest.
894 2203 932 2232 31.
954 2205 998 2231 A:
1019 2203 1155 2238 Explicit
1167 2206 1317 2231 tractatus
1330 2202 1368 2230 de
1381 2203 1532 2230 Sermone

218 2239 346 2267 Domini
363 2241 394 2267 in
407 2239 510 2267 Monte
529 2240 645 2266 divisus
660 2239 689 2266 in
706 2240 783 2266 duos
802 2239 897 2266 libros
916 2239 958 2266 ad
972 2238 1206 2265 similitudinem
1222 2238 1333 2273 scripti
1345 2237 1429 2273 quod
1437 2245 1532 2272 super

219 2276 277 2301 isto
298 2274 395 2301 edidit
413 2274 611 2310 Augustinus.
633 2273 792 2301 Secundus
812 2277 975 2301 lractcztus.

1739 210 1813 244 471

1564 1240 1631 1267 The
1652 1245 1731 1268 sects
1752 1250 1804 1268 arc

1547 1275 1576 1302 ill
1599 1275 1733 1302 founded
1762 1277 1821 1303 and

1583 1310 1644 1337 will
1666 1311 1743 1337 have
1764 1319 1780 1337 a

1601 1350 1687 1379 great
1706 1345 1768 1372 fall.
