<?xml version="1.0" encoding="UTF-8"?>
<!DOCTYPE html PUBLIC "-//W3C//DTD XHTML 1.0 Transitional//EN"
    "http://www.w3.org/TR/xhtml1/DTD/xhtml1-transitional.dtd">
<html xmlns="http://www.w3.org/1999/xhtml" xml:lang="en" lang="en">
 <head>
  <title>
</title>
<meta http-equiv="Content-Type" content="text/html;charset=utf-8" />
  <meta name='ocr-system' content='tesseract 3.04.00' />
  <meta name='ocr-capabilities' content='ocr_page ocr_carea ocr_par ocr_line ocrx_word'/>
</head>
<body>
  <div class='ocr_page' id='page_1' title='image "./opusevangelicum12wycl/opusevangelicum12wycl_0408.png"; bbox 0 0 2003 3322; ppageno 0'>
   <div class='ocr_carea' id='block_1_1' title="bbox 233 219 310 268">
    <p class='ocr_par' dir='ltr' id='par_1_1' title="bbox 233 219 310 268">
     <span class='ocr_line' id='line_1_1' title="bbox 233 219 310 268; baseline -0.013 -13"><span class='ocrx_word' id='word_1_1' title='bbox 233 219 310 268; x_wconf 79' lang='lat'>398</span> 
     </span>
    </p>
   </div>
   <div class='ocr_carea' id='block_1_2' title="bbox 226 459 500 525">
    <p class='ocr_par' dir='ltr' id='par_1_2' title="bbox 226 459 500 525">
     <span class='ocr_line' id='line_1_2' title="bbox 227 459 500 499; baseline 0.015 -13"><span class='ocrx_word' id='word_1_2' title='bbox 227 459 294 499; x_wconf 59' lang='lat' dir='ltr'>fl‘lle</span> <span class='ocrx_word' id='word_1_3' title='bbox 314 462 378 489; x_wconf 81' lang='lat' dir='ltr'>first</span> <span class='ocrx_word' id='word_1_4' title='bbox 401 463 500 490; x_wconf 79' lang='lat' dir='ltr'>friend</span> 
     </span>
     <span class='ocr_line' id='line_1_3' title="bbox 226 497 500 525; baseline 0.011 -4"><span class='ocrx_word' id='word_1_5' title='bbox 226 503 251 521; x_wconf 91' lang='lat' dir='ltr'>1s</span> <span class='ocrx_word' id='word_1_6' title='bbox 267 498 316 524; x_wconf 76' lang='lat' dir='ltr'>the</span> <span class='ocrx_word' id='word_1_7' title='bbox 331 497 500 525; x_wconf 86' lang='lat' dir='ltr'>God-man.</span> 
     </span>
    </p>
   </div>
   <div class='ocr_carea' id='block_1_3' title="bbox 224 753 500 852">
    <p class='ocr_par' dir='ltr' id='par_1_3' title="bbox 224 753 500 852">
     <span class='ocr_line' id='line_1_4' title="bbox 224 753 500 783; baseline -0.014 0"><span class='ocrx_word' id='word_1_8' title='bbox 224 756 291 783; x_wconf 85' lang='lat' dir='ltr'>The</span> <span class='ocrx_word' id='word_1_9' title='bbox 312 754 426 782; x_wconf 87' lang='lat' dir='ltr'>second</span> <span class='ocrx_word' id='word_1_10' title='bbox 450 753 500 780; x_wconf 84' lang='lat' dir='ltr'>the</span> 
     </span>
     <span class='ocr_line' id='line_1_5' title="bbox 243 788 486 826; baseline -0.016 -8"><span class='ocrx_word' id='word_1_11' title='bbox 243 790 432 826; x_wconf 82' lang='lat' dir='ltr'>personality</span> <span class='ocrx_word' id='word_1_12' title='bbox 451 788 486 815; x_wconf 81' lang='lat' dir='ltr'>of</span> 
     </span>
     <span class='ocr_line' id='line_1_6' title="bbox 283 826 436 852; baseline -0.013 0"><span class='ocrx_word' id='word_1_13' title='bbox 283 826 333 852; x_wconf 86' lang='lat' dir='ltr'>the</span> <span class='ocrx_word' id='word_1_14' title='bbox 354 832 436 852; x_wconf 89' lang='lat' dir='ltr'>man.</span> 
     </span>
    </p>
   </div>
   <div class='ocr_carea' id='block_1_4' title="bbox 226 872 486 1118">
    <p class='ocr_par' dir='ltr' id='par_1_4' title="bbox 226 872 486 1084">
     <span class='ocr_line' id='line_1_7' title="bbox 274 872 444 900; baseline 0 -1"><span class='ocrx_word' id='word_1_15' title='bbox 274 873 343 900; x_wconf 85' lang='lat' dir='ltr'>The</span> <span class='ocrx_word' id='word_1_16' title='bbox 363 872 444 899; x_wconf 83' lang='lat' dir='ltr'>third</span> 
     </span>
     <span class='ocr_line' id='line_1_8' title="bbox 249 907 468 935; baseline 0 -1"><span class='ocrx_word' id='word_1_17' title='bbox 249 908 350 935; x_wconf 80' lang='lat' dir='ltr'>friend</span> <span class='ocrx_word' id='word_1_18' title='bbox 371 907 398 934; x_wconf 88' lang='lat' dir='ltr'>is</span> <span class='ocrx_word' id='word_1_19' title='bbox 418 907 468 934; x_wconf 89' lang='lat' dir='ltr'>the</span> 
     </span>
     <span class='ocr_line' id='line_1_9' title="bbox 238 943 478 975; baseline 0 -6"><span class='ocrx_word' id='word_1_20' title='bbox 238 943 323 969; x_wconf 89' lang='lat' dir='ltr'>mind</span> <span class='ocrx_word' id='word_1_21' title='bbox 345 943 380 969; x_wconf 81' lang='lat' dir='ltr'>of</span> <span class='ocrx_word' id='word_1_22' title='bbox 396 950 478 975; x_wconf 83' lang='lat' dir='ltr'>man,</span> 
     </span>
     <span class='ocr_line' id='line_1_10' title="bbox 226 978 486 1013; baseline 0.008 -9"><span class='ocrx_word' id='word_1_23' title='bbox 226 978 387 1013; x_wconf 83' lang='lat' dir='ltr'>returning</span> <span class='ocrx_word' id='word_1_24' title='bbox 406 979 486 1006; x_wconf 78' lang='lat' dir='ltr'>from</span> 
     </span>
     <span class='ocr_line' id='line_1_11' title="bbox 238 1013 479 1046; baseline 0.004 -7"><span class='ocrx_word' id='word_1_25' title='bbox 238 1013 277 1039; x_wconf 85' lang='lat' dir='ltr'>its</span> <span class='ocrx_word' id='word_1_26' title='bbox 298 1013 479 1046; x_wconf 70' lang='lat' dir='ltr'>wandering</span> 
     </span>
     <span class='ocr_line' id='line_1_12' title="bbox 256 1047 468 1084; baseline 0 -10"><span class='ocrx_word' id='word_1_27' title='bbox 256 1047 332 1074; x_wconf 87' lang='lat' dir='ltr'>after</span> <span class='ocrx_word' id='word_1_28' title='bbox 351 1048 468 1084; x_wconf 85' lang='lat' dir='ltr'>earthly</span> 
     </span>
    </p>

    <p class='ocr_par' dir='ltr' id='par_1_5' title="bbox 303 1083 417 1118">
     <span class='ocr_line' id='line_1_13' title="bbox 303 1083 417 1118; baseline 0 -8"><span class='ocrx_word' id='word_1_29' title='bbox 303 1083 417 1118; x_wconf 64' lang='lat' dir='ltr'>things</span> 
     </span>
    </p>
   </div>
   <div class='ocr_carea' id='block_1_5' title="bbox 231 1279 483 1384">
    <p class='ocr_par' dir='ltr' id='par_1_6' title="bbox 231 1279 483 1384">
     <span class='ocr_line' id='line_1_14' title="bbox 231 1279 481 1316; baseline 0.008 -11"><span class='ocrx_word' id='word_1_30' title='bbox 231 1279 311 1316; x_wconf 62' lang='lat' dir='ltr'>Onl)v</span> <span class='ocrx_word' id='word_1_31' title='bbox 334 1279 402 1307; x_wconf 90' lang='lat' dir='ltr'>God</span> <span class='ocrx_word' id='word_1_32' title='bbox 427 1288 481 1307; x_wconf 84' lang='lat' dir='ltr'>can</span> 
     </span>
     <span class='ocr_line' id='line_1_15' title="bbox 232 1315 483 1349; baseline 0.008 -9"><span class='ocrx_word' id='word_1_33' title='bbox 232 1315 299 1349; x_wconf 81' lang='lat' dir='ltr'>give</span> <span class='ocrx_word' id='word_1_34' title='bbox 322 1316 403 1342; x_wconf 82' lang='lat' dir='ltr'>what</span> <span class='ocrx_word' id='word_1_35' title='bbox 422 1315 483 1342; x_wconf 84' lang='lat' dir='ltr'>this</span> 
     </span>
     <span class='ocr_line' id='line_1_16' title="bbox 248 1350 459 1384; baseline 0.005 -8"><span class='ocrx_word' id='word_1_36' title='bbox 248 1354 335 1384; x_wconf 81' lang='lat' dir='ltr'>guest</span> <span class='ocrx_word' id='word_1_37' title='bbox 356 1350 459 1377; x_wconf 56' lang='lat' dir='ltr'>need&amp;</span> 
     </span>
    </p>
   </div>
   <div class='ocr_carea' id='block_1_6' title="bbox 234 1682 476 1849">
    <p class='ocr_par' dir='ltr' id='par_1_7' title="bbox 234 1682 476 1849">
     <span class='ocr_line' id='line_1_17' title="bbox 270 1682 441 1710; baseline 0.006 -1"><span class='ocrx_word' id='word_1_38' title='bbox 270 1682 337 1709; x_wconf 81' lang='lat' dir='ltr'>The</span> <span class='ocrx_word' id='word_1_39' title='bbox 358 1683 441 1710; x_wconf 80' lang='lat' dir='ltr'>three</span> 
     </span>
     <span class='ocr_line' id='line_1_18' title="bbox 234 1718 476 1745; baseline 0.008 -2"><span class='ocrx_word' id='word_1_40' title='bbox 234 1718 337 1744; x_wconf 83' lang='lat' dir='ltr'>loaves</span> <span class='ocrx_word' id='word_1_41' title='bbox 356 1726 406 1745; x_wconf 80' lang='lat' dir='ltr'>are</span> <span class='ocrx_word' id='word_1_42' title='bbox 426 1719 476 1745; x_wconf 87' lang='lat' dir='ltr'>the</span> 
     </span>
     <span class='ocr_line' id='line_1_19' title="bbox 314 1753 398 1779; baseline 0 0"><span class='ocrx_word' id='word_1_43' title='bbox 314 1753 398 1779; x_wconf 87' lang='lat' dir='ltr'>three</span> 
     </span>
     <span class='ocr_line' id='line_1_20' title="bbox 262 1787 443 1826; baseline 0.011 -13"><span class='ocrx_word' id='word_1_44' title='bbox 262 1787 443 1826; x_wconf 80' lang='lat' dir='ltr'>theologica]</span> 
     </span>
     <span class='ocr_line' id='line_1_21' title="bbox 296 1827 420 1849; baseline 0.008 -1"><span class='ocrx_word' id='word_1_45' title='bbox 296 1827 420 1849; x_wconf 83' lang='lat' dir='ltr'>v1rtues.</span> 
     </span>
    </p>
   </div>
   <div class='ocr_carea' id='block_1_7' title="bbox 924 215 1830 269">
    <p class='ocr_par' dir='ltr' id='par_1_8' title="bbox 924 215 1830 269">
     <span class='ocr_line' id='line_1_22' title="bbox 924 215 1830 269; baseline -0.007 -13"><span class='ocrx_word' id='word_1_46' title='bbox 924 225 1042 256; x_wconf 77' lang='lat' dir='ltr'>opus</span> <span class='ocrx_word' id='word_1_47' title='bbox 1068 225 1403 257; x_wconf 73' lang='lat' dir='ltr'><strong>EVANGELICUM</strong></span> <span class='ocrx_word' id='word_1_48' title='bbox 1612 215 1718 269; x_wconf 83' lang='lat' dir='ltr'><strong>[CAP.</strong></span> <span class='ocrx_word' id='word_1_49' title='bbox 1739 224 1830 252; x_wconf 73' lang='lat' dir='ltr'>an.</span> 
     </span>
    </p>
   </div>
   <div class='ocr_carea' id='block_1_8' title="bbox 502 330 1888 2579">
    <p class='ocr_par' dir='ltr' id='par_1_9' title="bbox 517 330 1831 436">
     <span class='ocr_line' id='line_1_23' title="bbox 517 330 1831 378; baseline 0.002 -13"><span class='ocrx_word' id='word_1_50' title='bbox 517 330 557 365; x_wconf 89' lang='lat' dir='ltr'>in</span> <span class='ocrx_word' id='word_1_51' title='bbox 596 330 829 378; x_wconf 85' lang='lat' dir='ltr'>pulsacione</span> <span class='ocrx_word' id='word_1_52' title='bbox 869 330 1072 367; x_wconf 89' lang='lat' dir='ltr'>continua.</span> <span class='ocrx_word' id='word_1_53' title='bbox 1118 333 1223 378; x_wconf 87' lang='lat' dir='ltr'>Ergo</span> <span class='ocrx_word' id='word_1_54' title='bbox 1264 344 1334 378; x_wconf 88' lang='lat' dir='ltr'>per</span> <span class='ocrx_word' id='word_1_55' title='bbox 1372 332 1503 367; x_wconf 88' lang='lat' dir='ltr'>locum</span> <span class='ocrx_word' id='word_1_56' title='bbox 1545 344 1566 367; x_wconf 89' lang='lat' dir='ltr'>a</span> <span class='ocrx_word' id='word_1_57' title='bbox 1599 332 1742 368; x_wconf 89' lang='lat' dir='ltr'>maiori</span> <span class='ocrx_word' id='word_1_58' title='bbox 1775 332 1831 368; x_wconf 89' lang='lat' dir='ltr'>sic</span> 
     </span>
     <span class='ocr_line' id='line_1_24' title="bbox 517 387 1457 436; baseline 0.002 -13"><span class='ocrx_word' id='word_1_59' title='bbox 517 387 591 424; x_wconf 85' lang='lat' dir='ltr'>erit</span> <span class='ocrx_word' id='word_1_60' title='bbox 623 388 662 423; x_wconf 90' lang='lat' dir='ltr'>in</span> <span class='ocrx_word' id='word_1_61' title='bbox 696 387 886 424; x_wconf 90' lang='lat' dir='ltr'>oracione</span> <span class='ocrx_word' id='word_1_62' title='bbox 919 390 1003 424; x_wconf 88' lang='lat' dir='ltr'>Deo</span> <span class='ocrx_word' id='word_1_63' title='bbox 1037 388 1169 424; x_wconf 88' lang='lat' dir='ltr'>debite</span> <span class='ocrx_word' id='word_1_64' title='bbox 1202 389 1457 436; x_wconf 88' lang='lat' dir='ltr'>porrigenda.</span> 
     </span>
    </p>

    <p class='ocr_par' dir='ltr' id='par_1_10' title="bbox 516 445 1863 725">
     <span class='ocr_line' id='line_1_25' title="bbox 576 445 1830 492; baseline 0.001 -11"><span class='ocrx_word' id='word_1_65' title='bbox 576 445 733 481; x_wconf 83' lang='lat' dir='ltr'>Primus</span> <span class='ocrx_word' id='word_1_66' title='bbox 777 454 910 481; x_wconf 89' lang='lat' dir='ltr'>autem</span> <span class='ocrx_word' id='word_1_67' title='bbox 962 445 1114 482; x_wconf 90' lang='lat' dir='ltr'>amicus</span> <span class='ocrx_word' id='word_1_68' title='bbox 1160 446 1313 482; x_wconf 84' lang='lat' dir='ltr'>mistice</span> <span class='ocrx_word' id='word_1_69' title='bbox 1362 456 1419 482; x_wconf 90' lang='lat' dir='ltr'>est</span> <span class='ocrx_word' id='word_1_70' title='bbox 1463 448 1568 482; x_wconf 91' lang='lat' dir='ltr'>Deus</span> <span class='ocrx_word' id='word_1_71' title='bbox 1617 456 1653 483; x_wconf 88' lang='lat' dir='ltr'>et</span> <span class='ocrx_word' id='word_1_72' title='bbox 1696 448 1830 492; x_wconf 93' lang='lat' dir='ltr'>homo,</span> 
     </span>
     <span class='ocr_line' id='line_1_26' title="bbox 516 502 1831 551; baseline 0.002 -13"><span class='ocrx_word' id='word_1_73' title='bbox 516 502 625 539; x_wconf 85' lang='lat' dir='ltr'>iuxta</span> <span class='ocrx_word' id='word_1_74' title='bbox 669 503 766 539; x_wconf 87' lang='lat' dir='ltr'>illud</span> <span class='ocrx_word' id='word_1_75' title='bbox 804 504 892 539; x_wconf 88' lang='lat' dir='ltr'>Joh.</span> <span class='ocrx_word' id='word_1_76' title='bbox 926 504 1007 548; x_wconf 85' lang='lat' dir='ltr'>XV,</span> <span class='ocrx_word' id='word_1_77' title='bbox 1045 505 1109 539; x_wconf 82' lang='lat'>15:</span> <span class='ocrx_word' id='word_1_78' title='bbox 1156 505 1237 539; x_wconf 82' lang='lat' dir='ltr'>Iam</span> <span class='ocrx_word' id='word_1_79' title='bbox 1283 517 1355 540; x_wconf 84' lang='lat' dir='ltr'>non</span> <span class='ocrx_word' id='word_1_80' title='bbox 1401 504 1527 540; x_wconf 82' lang='lat' dir='ltr'>dicam</span> <span class='ocrx_word' id='word_1_81' title='bbox 1574 517 1641 540; x_wconf 75' lang='lat' dir='ltr'>vos</span> <span class='ocrx_word' id='word_1_82' title='bbox 1683 517 1831 551; x_wconf 78' lang='lat' dir='ltr'>servos,</span> 
     </span>
     <span class='ocr_line' id='line_1_27' title="bbox 516 561 1863 610; baseline 0.001 -14"><span class='ocrx_word' id='word_1_83' title='bbox 516 561 602 609; x_wconf 83' lang='lat' dir='ltr'>quia</span> <span class='ocrx_word' id='word_1_84' title='bbox 640 574 777 597; x_wconf 79' lang='lat' dir='ltr'>servus</span> <span class='ocrx_word' id='word_1_85' title='bbox 815 561 931 597; x_wconf 83' lang='lat' dir='ltr'>nescit</span> <span class='ocrx_word' id='word_1_86' title='bbox 969 561 1060 609; x_wconf 79' lang='lat' dir='ltr'>quid</span> <span class='ocrx_word' id='word_1_87' title='bbox 1081 562 1211 610; x_wconf 76' lang='lat' dir='ltr'>faciat</span> <span class='ocrx_word' id='word_1_88' title='bbox 1252 562 1429 598; x_wconf 79' lang='lat' dir='ltr'>dominus</span> <span class='ocrx_word' id='word_1_89' title='bbox 1461 563 1562 606; x_wconf 81' lang='lat' dir='ltr'>eius,·</span> <span class='ocrx_word' id='word_1_90' title='bbox 1605 575 1671 598; x_wconf 78' lang='lat' dir='ltr'>vos</span> <span class='ocrx_word' id='word_1_91' title='bbox 1703 567 1863 599; x_wconf 78' lang='lat' dir='ltr'>autem5</span> 
     </span>
     <span class='ocr_line' id='line_1_28' title="bbox 516 619 1831 670; baseline 0.002 -16"><span class='ocrx_word' id='word_1_92' title='bbox 516 619 602 655; x_wconf 86' lang='lat' dir='ltr'><em>dixi</em></span> <span class='ocrx_word' id='word_1_93' title='bbox 637 619 795 666; x_wconf 82' lang='lat' dir='ltr'>amicos,</span> <span class='ocrx_word' id='word_1_94' title='bbox 833 619 919 667; x_wconf 81' lang='lat' dir='ltr'>quia</span> <span class='ocrx_word' id='word_1_95' title='bbox 958 620 1085 655; x_wconf 82' lang='lat' dir='ltr'>omnia</span> <span class='ocrx_word' id='word_1_96' title='bbox 1124 631 1341 668; x_wconf 77' lang='lat' dir='ltr'><strong><em>quecunque</em></strong></span> <span class='ocrx_word' id='word_1_97' title='bbox 1377 620 1511 655; x_wconf 79' lang='lat' dir='ltr'>audivi</span> <span class='ocrx_word' id='word_1_98' title='bbox 1545 633 1566 655; x_wconf 86' lang='grc' dir='ltr'><em>α</em></span> <span class='ocrx_word' id='word_1_99' title='bbox 1595 628 1712 670; x_wconf 80' lang='lat' dir='ltr'>patre</span> <span class='ocrx_word' id='word_1_100' title='bbox 1749 633 1831 656; x_wconf 81' lang='lat' dir='ltr'>meo</span> 
     </span>
     <span class='ocr_line' id='line_1_29' title="bbox 516 677 859 725; baseline 0.003 -13"><span class='ocrx_word' id='word_1_101' title='bbox 516 684 602 713; x_wconf 82' lang='lat' dir='ltr'>nota</span> <span class='ocrx_word' id='word_1_102' title='bbox 624 677 712 725; x_wconf 81' lang='lat' dir='ltr'>feci</span> <span class='ocrx_word' id='word_1_103' title='bbox 743 677 859 714; x_wconf 79' lang='lat' dir='ltr'>vobis.</span> 
     </span>
    </p>

    <p class='ocr_par' dir='ltr' id='par_1_11' title="bbox 515 734 1830 841">
     <span class='ocr_line' id='line_1_30' title="bbox 572 734 1830 783; baseline 0.002 -13"><span class='ocrx_word' id='word_1_104' title='bbox 572 734 736 771; x_wconf 85' lang='lat' dir='ltr'>Amicus</span> <span class='ocrx_word' id='word_1_105' title='bbox 765 743 899 771; x_wconf 88' lang='lat' dir='ltr'>autem</span> <span class='ocrx_word' id='word_1_106' title='bbox 932 734 1086 770; x_wconf 87' lang='lat' dir='ltr'>medius</span> <span class='ocrx_word' id='word_1_107' title='bbox 1110 743 1166 771; x_wconf 87' lang='lat' dir='ltr'>est</span> <span class='ocrx_word' id='word_1_108' title='bbox 1189 734 1344 782; x_wconf 86' lang='lat' dir='ltr'>integra</span> <span class='ocrx_word' id='word_1_109' title='bbox 1367 735 1633 783; x_wconf 78' lang='lat' dir='ltr'>personalitas</span> <span class='ocrx_word' id='word_1_110' title='bbox 1657 735 1830 772; x_wconf 88' lang='lat' dir='ltr'>hominis</span> 
     </span>
     <span class='ocr_line' id='line_1_31' title="bbox 515 792 1267 841; baseline 0 -13"><span class='ocrx_word' id='word_1_111' title='bbox 515 805 559 829; x_wconf 88' lang='lat' dir='ltr'>ex</span> <span class='ocrx_word' id='word_1_112' title='bbox 592 805 761 841; x_wconf 88' lang='lat' dir='ltr'>corpore</span> <span class='ocrx_word' id='word_1_113' title='bbox 795 801 831 828; x_wconf 93' lang='lat' dir='ltr'>et</span> <span class='ocrx_word' id='word_1_114' title='bbox 865 792 1000 828; x_wconf 88' lang='lat' dir='ltr'>anima</span> <span class='ocrx_word' id='word_1_115' title='bbox 1034 792 1267 829; x_wconf 87' lang='lat' dir='ltr'>constituta.</span> 
     </span>
    </p>

    <p class='ocr_par' dir='ltr' id='par_1_12' title="bbox 509 850 1888 1641">
     <span class='ocr_line' id='line_1_32' title="bbox 572 850 1888 887; baseline 0 -1"><span class='ocrx_word' id='word_1_116' title='bbox 572 852 649 887; x_wconf 86' lang='lat' dir='ltr'>Sed</span> <span class='ocrx_word' id='word_1_117' title='bbox 696 850 843 886; x_wconf 87' lang='lat' dir='ltr'>tercius</span> <span class='ocrx_word' id='word_1_118' title='bbox 887 850 1040 886; x_wconf 89' lang='lat' dir='ltr'>amicus</span> <span class='ocrx_word' id='word_1_119' title='bbox 1080 859 1137 886; x_wconf 88' lang='lat' dir='ltr'>est</span> <span class='ocrx_word' id='word_1_120' title='bbox 1178 850 1334 887; x_wconf 89' lang='lat' dir='ltr'>animus</span> <span class='ocrx_word' id='word_1_121' title='bbox 1375 850 1553 887; x_wconf 89' lang='lat' dir='ltr'>eiusdem</span> <span class='ocrx_word' id='word_1_122' title='bbox 1594 850 1767 887; x_wconf 88' lang='lat' dir='ltr'>hominis</span> <span class='ocrx_word' id='word_1_123' title='bbox 1808 863 1888 887; x_wconf 90' lang='lat' dir='ltr'>a10</span> 
     </span>
     <span class='ocr_line' id='line_1_33' title="bbox 513 907 1827 957; baseline 0.001 -14"><span class='ocrx_word' id='word_1_124' title='bbox 513 908 801 956; x_wconf 82' lang='lat' dir='ltr'>temporalibus</span> <span class='ocrx_word' id='word_1_125' title='bbox 834 908 992 944; x_wconf 86' lang='lat' dir='ltr'>rediens</span> <span class='ocrx_word' id='word_1_126' title='bbox 1016 907 1160 956; x_wconf 87' lang='lat' dir='ltr'>quibus</span> <span class='ocrx_word' id='word_1_127' title='bbox 1184 909 1358 945; x_wconf 85' lang='lat' dir='ltr'>afficitur</span> <span class='ocrx_word' id='word_1_128' title='bbox 1380 910 1430 945; x_wconf 90' lang='lat' dir='ltr'>ad</span> <span class='ocrx_word' id='word_1_129' title='bbox 1454 921 1597 957; x_wconf 88' lang='lat' dir='ltr'>corpus</span> <span class='ocrx_word' id='word_1_130' title='bbox 1621 908 1827 956; x_wconf 85' lang='lat' dir='ltr'>proprium</span> 
     </span>
     <span class='ocr_line' id='line_1_34' title="bbox 513 966 1828 1014; baseline 0.002 -13"><span class='ocrx_word' id='word_1_131' title='bbox 513 979 684 1014; x_wconf 88' lang='lat' dir='ltr'>querens</span> <span class='ocrx_word' id='word_1_132' title='bbox 699 967 833 1002; x_wconf 89' lang='lat' dir='ltr'>locum</span> <span class='ocrx_word' id='word_1_133' title='bbox 859 966 899 1002; x_wconf 91' lang='lat' dir='ltr'>in</span> <span class='ocrx_word' id='word_1_134' title='bbox 922 967 1022 1002; x_wconf 91' lang='lat' dir='ltr'>valle</span> <span class='ocrx_word' id='word_1_135' title='bbox 1045 966 1187 1013; x_wconf 84' lang='lat' dir='ltr'>solida,</span> <span class='ocrx_word' id='word_1_136' title='bbox 1212 967 1279 1002; x_wconf 86' lang='lat' dir='ltr'>ubi</span> <span class='ocrx_word' id='word_1_137' title='bbox 1304 966 1400 1003; x_wconf 91' lang='lat' dir='ltr'>olim</span> <span class='ocrx_word' id='word_1_138' title='bbox 1420 967 1547 1003; x_wconf 89' lang='lat' dir='ltr'>fuerat</span> <span class='ocrx_word' id='word_1_139' title='bbox 1562 966 1828 1014; x_wconf 60' lang='lat' dir='ltr'>requiescens</span> 
     </span>
     <span class='ocr_line' id='line_1_35' title="bbox 513 1024 1829 1072; baseline -0.001 -12"><span class='ocrx_word' id='word_1_140' title='bbox 513 1026 686 1069; x_wconf 82' lang='lat' dir='ltr'>Quando</span> <span class='ocrx_word' id='word_1_141' title='bbox 739 1024 844 1060; x_wconf 92' lang='lat' dir='ltr'>enim</span> <span class='ocrx_word' id='word_1_142' title='bbox 904 1024 1039 1060; x_wconf 88' lang='lat' dir='ltr'>anima</span> <span class='ocrx_word' id='word_1_143' title='bbox 1100 1033 1289 1072; x_wconf 86' lang='lat' dir='ltr'>evagatur</span> <span class='ocrx_word' id='word_1_144' title='bbox 1342 1024 1447 1061; x_wconf 90' lang='lat' dir='ltr'>circa</span> <span class='ocrx_word' id='word_1_145' title='bbox 1498 1024 1741 1072; x_wconf 87' lang='lat' dir='ltr'>temporalia</span> <span class='ocrx_word' id='word_1_146' title='bbox 1793 1033 1829 1060; x_wconf 89' lang='lat' dir='ltr'>et</span> 
     </span>
     <span class='ocr_line' id='line_1_36' title="bbox 512 1081 1829 1130; baseline -0.001 -12"><span class='ocrx_word' id='word_1_147' title='bbox 512 1095 682 1130; x_wconf 87' lang='lat' dir='ltr'>querens</span> <span class='ocrx_word' id='word_1_148' title='bbox 715 1082 754 1118; x_wconf 89' lang='lat' dir='ltr'>in</span> <span class='ocrx_word' id='word_1_149' title='bbox 788 1082 841 1118; x_wconf 88' lang='lat' dir='ltr'>eis</span> <span class='ocrx_word' id='word_1_150' title='bbox 874 1081 1067 1130; x_wconf 84' lang='lat' dir='ltr'>requiem,</span> <span class='ocrx_word' id='word_1_151' title='bbox 1092 1095 1173 1118; x_wconf 89' lang='lat' dir='ltr'>non</span> <span class='ocrx_word' id='word_1_152' title='bbox 1200 1082 1350 1118; x_wconf 86' lang='lat' dir='ltr'>invenit</span> <span class='ocrx_word' id='word_1_153' title='bbox 1379 1084 1447 1119; x_wconf 88' lang='lat' dir='ltr'>sed</span> <span class='ocrx_word' id='word_1_154' title='bbox 1469 1083 1664 1129; x_wconf 91' lang='lat' dir='ltr'>laborem,</span> <span class='ocrx_word' id='word_1_155' title='bbox 1698 1082 1829 1130; x_wconf 85' lang='lat' dir='ltr'>querit</span> 
     </span>
     <span class='ocr_line' id='line_1_37' title="bbox 512 1139 1883 1188; baseline 0.001 -12"><span class='ocrx_word' id='word_1_156' title='bbox 512 1153 685 1188; x_wconf 88' lang='lat' dir='ltr'>persona</span> <span class='ocrx_word' id='word_1_157' title='bbox 729 1140 902 1176; x_wconf 87' lang='lat' dir='ltr'>hominis</span> <span class='ocrx_word' id='word_1_158' title='bbox 942 1140 1095 1188; x_wconf 85' lang='lat' dir='ltr'>integra</span> <span class='ocrx_word' id='word_1_159' title='bbox 1135 1153 1157 1176; x_wconf 88' lang='lat' dir='ltr'>a</span> <span class='ocrx_word' id='word_1_160' title='bbox 1195 1142 1280 1177; x_wconf 89' lang='lat' dir='ltr'>Deo</span> <span class='ocrx_word' id='word_1_161' title='bbox 1318 1152 1389 1188; x_wconf 86' lang='lat' dir='ltr'>per</span> <span class='ocrx_word' id='word_1_162' title='bbox 1427 1142 1535 1188; x_wconf 91' lang='lat' dir='ltr'>quod</span> <span class='ocrx_word' id='word_1_163' title='bbox 1574 1139 1751 1176; x_wconf 87' lang='lat' dir='ltr'>medium</span> <span class='ocrx_word' id='word_1_164' title='bbox 1792 1146 1883 1177; x_wconf 76' lang='lat' dir='ltr'>et15</span> 
     </span>
     <span class='ocr_line' id='line_1_38' title="bbox 511 1198 1828 1246; baseline -0.001 -12"><span class='ocrx_word' id='word_1_165' title='bbox 511 1198 654 1246; x_wconf 89' lang='lat' dir='ltr'>quibus</span> <span class='ocrx_word' id='word_1_166' title='bbox 706 1198 877 1245; x_wconf 88' lang='lat' dir='ltr'>panibus</span> <span class='ocrx_word' id='word_1_167' title='bbox 928 1207 1110 1245; x_wconf 86' lang='lat' dir='ltr'>pasceret</span> <span class='ocrx_word' id='word_1_168' title='bbox 1161 1198 1345 1246; x_wconf 88' lang='lat' dir='ltr'>spiritum</span> <span class='ocrx_word' id='word_1_169' title='bbox 1398 1198 1453 1234; x_wconf 87' lang='lat' dir='ltr'>sic</span> <span class='ocrx_word' id='word_1_170' title='bbox 1504 1207 1736 1246; x_wconf 82' lang='lat' dir='ltr'>vagantem3</span> <span class='ocrx_word' id='word_1_171' title='bbox 1790 1206 1828 1234; x_wconf 90' lang='lat' dir='ltr'>et</span> 
     </span>
     <span class='ocr_line' id='line_1_39' title="bbox 512 1255 1827 1303; baseline 0 -11"><span class='ocrx_word' id='word_1_172' title='bbox 512 1256 643 1292; x_wconf 89' lang='lat' dir='ltr'>media</span> <span class='ocrx_word' id='word_1_173' title='bbox 667 1265 797 1301; x_wconf 86' lang='lat' dir='ltr'>nocte,</span> <span class='ocrx_word' id='word_1_174' title='bbox 831 1257 907 1292; x_wconf 91' lang='lat' dir='ltr'>hoc</span> <span class='ocrx_word' id='word_1_175' title='bbox 931 1265 1001 1303; x_wconf 89' lang='lat' dir='ltr'>est,</span> <span class='ocrx_word' id='word_1_176' title='bbox 1035 1256 1075 1291; x_wconf 92' lang='lat' dir='ltr'>in</span> <span class='ocrx_word' id='word_1_177' title='bbox 1106 1256 1239 1292; x_wconf 90' lang='lat' dir='ltr'>medio</span> <span class='ocrx_word' id='word_1_178' title='bbox 1262 1257 1426 1292; x_wconf 88' lang='lat' dir='ltr'>tenebre</span> <span class='ocrx_word' id='word_1_179' title='bbox 1448 1256 1538 1292; x_wconf 88' lang='lat' dir='ltr'>talis</span> <span class='ocrx_word' id='word_1_180' title='bbox 1562 1255 1827 1292; x_wconf 89' lang='lat' dir='ltr'>revolucionis</span> 
     </span>
     <span class='ocr_line' id='line_1_40' title="bbox 510 1313 1826 1362; baseline 0 -12"><span class='ocrx_word' id='word_1_181' title='bbox 510 1314 657 1359; x_wconf 81' lang='lat' dir='ltr'>anime,</span> <span class='ocrx_word' id='word_1_182' title='bbox 702 1316 866 1362; x_wconf 86' lang='lat' dir='ltr'>quando</span> <span class='ocrx_word' id='word_1_183' title='bbox 905 1315 965 1350; x_wconf 89' lang='lat' dir='ltr'>sol</span> <span class='ocrx_word' id='word_1_184' title='bbox 1002 1313 1158 1350; x_wconf 87' lang='lat' dir='ltr'>iusticie</span> <span class='ocrx_word' id='word_1_185' title='bbox 1198 1314 1369 1350; x_wconf 85' lang='lat' dir='ltr'>maxime</span> <span class='ocrx_word' id='word_1_186' title='bbox 1409 1314 1530 1350; x_wconf 88' lang='lat' dir='ltr'>distat</span> <span class='ocrx_word' id='word_1_187' title='bbox 1569 1315 1617 1350; x_wconf 86' lang='lat' dir='ltr'>ab</span> <span class='ocrx_word' id='word_1_188' title='bbox 1664 1313 1826 1350; x_wconf 88' lang='lat' dir='ltr'>homine</span> 
     </span>
     <span class='ocr_line' id='line_1_41' title="bbox 510 1371 1823 1420; baseline -0.001 -12"><span class='ocrx_word' id='word_1_189' title='bbox 510 1381 547 1408; x_wconf 91' lang='lat' dir='ltr'>et</span> <span class='ocrx_word' id='word_1_190' title='bbox 579 1371 860 1420; x_wconf 78' lang='lat' dir='ltr'>refrigescente</span> <span class='ocrx_word' id='word_1_191' title='bbox 893 1371 1066 1408; x_wconf 87' lang='lat' dir='ltr'>hominis</span> <span class='ocrx_word' id='word_1_192' title='bbox 1099 1371 1264 1408; x_wconf 87' lang='lat' dir='ltr'>caritate</span> <span class='ocrx_word' id='word_1_193' title='bbox 1297 1371 1336 1407; x_wconf 92' lang='lat' dir='ltr'>in</span> <span class='ocrx_word' id='word_1_194' title='bbox 1369 1373 1534 1408; x_wconf 83' lang='lat' dir='ltr'>tenebra</span> <span class='ocrx_word' id='word_1_195' title='bbox 1566 1380 1823 1420; x_wconf 85' lang='lat' dir='ltr'>peccatorum</span> 
     </span>
     <span class='ocr_line' id='line_1_42' title="bbox 509 1429 1883 1478; baseline -0.001 -12"><span class='ocrx_word' id='word_1_196' title='bbox 509 1430 745 1466; x_wconf 90' lang='lat' dir='ltr'>abscondita</span> <span class='ocrx_word' id='word_1_197' title='bbox 778 1429 833 1466; x_wconf 87' lang='lat' dir='ltr'>sic</span> <span class='ocrx_word' id='word_1_198' title='bbox 866 1429 1025 1466; x_wconf 90' lang='lat' dir='ltr'>redibit.</span> <span class='ocrx_word' id='word_1_199' title='bbox 1065 1431 1199 1466; x_wconf 91' lang='lat' dir='ltr'>Homo</span> <span class='ocrx_word' id='word_1_200' title='bbox 1233 1438 1367 1466; x_wconf 87' lang='lat' dir='ltr'>autem</span> <span class='ocrx_word' id='word_1_201' title='bbox 1408 1430 1562 1478; x_wconf 82' lang='lat' dir='ltr'>integer</span> <span class='ocrx_word' id='word_1_202' title='bbox 1593 1442 1674 1465; x_wconf 89' lang='lat' dir='ltr'>non</span> <span class='ocrx_word' id='word_1_203' title='bbox 1708 1430 1826 1465; x_wconf 88' lang='lat' dir='ltr'>habet</span> <span class='ocrx_word' id='word_1_204' title='bbox 1841 1445 1883 1466; x_wconf 87' lang='lat'>20</span> 
     </span>
     <span class='ocr_line' id='line_1_43' title="bbox 509 1487 1823 1535; baseline -0.001 -11"><span class='ocrx_word' id='word_1_205' title='bbox 509 1488 683 1525; x_wconf 87' lang='lat' dir='ltr'>amicum</span> <span class='ocrx_word' id='word_1_206' title='bbox 707 1487 782 1524; x_wconf 87' lang='lat' dir='ltr'>nisi</span> <span class='ocrx_word' id='word_1_207' title='bbox 805 1490 949 1535; x_wconf 84' lang='lat' dir='ltr'>Deum,</span> <span class='ocrx_word' id='word_1_208' title='bbox 975 1487 1086 1524; x_wconf 88' lang='lat' dir='ltr'>cuius</span> <span class='ocrx_word' id='word_1_209' title='bbox 1116 1487 1308 1524; x_wconf 86' lang='lat' dir='ltr'>auxilium</span> <span class='ocrx_word' id='word_1_210' title='bbox 1341 1487 1382 1524; x_wconf 88' lang='lat' dir='ltr'>in</span> <span class='ocrx_word' id='word_1_211' title='bbox 1413 1488 1483 1524; x_wconf 88' lang='lat' dir='ltr'>tali</span> <span class='ocrx_word' id='word_1_212' title='bbox 1516 1500 1610 1524; x_wconf 87' lang='lat' dir='ltr'>casu</span> <span class='ocrx_word' id='word_1_213' title='bbox 1634 1487 1823 1535; x_wconf 80' lang='lat' dir='ltr'>postulet,</span> 
     </span>
     <span class='ocr_line' id='line_1_44' title="bbox 509 1545 1823 1594; baseline -0.002 -12"><span class='ocrx_word' id='word_1_214' title='bbox 509 1555 551 1582; x_wconf 88' lang='lat' dir='ltr'>ut</span> <span class='ocrx_word' id='word_1_215' title='bbox 596 1559 669 1594; x_wconf 92' lang='lat' dir='ltr'>pro</span> <span class='ocrx_word' id='word_1_216' title='bbox 715 1546 847 1582; x_wconf 90' lang='lat' dir='ltr'>amico</span> <span class='ocrx_word' id='word_1_217' title='bbox 880 1546 1018 1592; x_wconf 82' lang='lat' dir='ltr'>tercio,</span> <span class='ocrx_word' id='word_1_218' title='bbox 1069 1545 1107 1581; x_wconf 85' lang='lat' dir='ltr'>id</span> <span class='ocrx_word' id='word_1_219' title='bbox 1154 1555 1223 1591; x_wconf 88' lang='lat' dir='ltr'>est,</span> <span class='ocrx_word' id='word_1_220' title='bbox 1270 1545 1413 1593; x_wconf 90' lang='lat' dir='ltr'>spiritu</span> <span class='ocrx_word' id='word_1_221' title='bbox 1458 1555 1651 1593; x_wconf 83' lang='lat' dir='ltr'>evagante</span> <span class='ocrx_word' id='word_1_222' title='bbox 1691 1545 1823 1581; x_wconf 89' lang='lat' dir='ltr'>cibum</span> 
     </span>
     <span class='ocr_line' id='line_1_45' title="bbox 510 1605 946 1641; baseline 0 -2"><span class='ocrx_word' id='word_1_223' title='bbox 510 1605 654 1641; x_wconf 87' lang='lat' dir='ltr'>habeat</span> <span class='ocrx_word' id='word_1_224' title='bbox 686 1613 946 1640; x_wconf 86' lang='lat' dir='ltr'>recreantem.</span> 
     </span>
    </p>

    <p class='ocr_par' dir='ltr' id='par_1_13' title="bbox 502 1660 1881 2579">
     <span class='ocr_line' id='line_1_46' title="bbox 565 1660 1824 1710; baseline -0.002 -12"><span class='ocrx_word' id='word_1_225' title='bbox 565 1664 664 1699; x_wconf 87' lang='lat' dir='ltr'>Tres</span> <span class='ocrx_word' id='word_1_226' title='bbox 708 1671 841 1698; x_wconf 88' lang='lat' dir='ltr'>autem</span> <span class='ocrx_word' id='word_1_227' title='bbox 885 1674 1008 1710; x_wconf 89' lang='lat' dir='ltr'>panes</span> <span class='ocrx_word' id='word_1_228' title='bbox 1052 1670 1218 1709; x_wconf 88' lang='lat' dir='ltr'>possunt</span> <span class='ocrx_word' id='word_1_229' title='bbox 1265 1660 1342 1697; x_wconf 88' lang='lat' dir='ltr'>dici</span> <span class='ocrx_word' id='word_1_230' title='bbox 1394 1660 1694 1697; x_wconf 87' lang='lat' dir='ltr'>racionabiliter</span> <span class='ocrx_word' id='word_1_231' title='bbox 1746 1668 1824 1696; x_wconf 88' lang='lat' dir='ltr'>tres</span> 
     </span>
     <span class='ocr_line' id='line_1_47' title="bbox 508 1719 1880 1769; baseline 0 -13"><span class='ocrx_word' id='word_1_232' title='bbox 508 1719 672 1757; x_wconf 84' lang='lat' dir='ltr'>virtutes</span> <span class='ocrx_word' id='word_1_233' title='bbox 704 1720 944 1769; x_wconf 79' lang='lat' dir='ltr'>theologice,</span> <span class='ocrx_word' id='word_1_234' title='bbox 977 1732 1054 1768; x_wconf 89' lang='lat' dir='ltr'>que</span> <span class='ocrx_word' id='word_1_235' title='bbox 1087 1719 1352 1767; x_wconf 84' lang='lat' dir='ltr'>spiritualiter</span> <span class='ocrx_word' id='word_1_236' title='bbox 1374 1728 1543 1766; x_wconf 87' lang='lat' dir='ltr'>pascunt</span> <span class='ocrx_word' id='word_1_237' title='bbox 1578 1727 1753 1754; x_wconf 88' lang='lat' dir='ltr'>mentem</span> <span class='ocrx_word' id='word_1_238' title='bbox 1788 1727 1824 1754; x_wconf 90' lang='lat' dir='ltr'>et</span> <span class='ocrx_word' id='word_1_239' title='bbox 1841 1725 1880 1756; x_wconf 70' lang='lat'>25</span> 
     </span>
     <span class='ocr_line' id='line_1_48' title="bbox 507 1776 1822 1826; baseline -0.002 -12"><span class='ocrx_word' id='word_1_240' title='bbox 507 1778 547 1813; x_wconf 91' lang='lat' dir='ltr'>in</span> <span class='ocrx_word' id='word_1_241' title='bbox 600 1791 864 1826; x_wconf 87' lang='lat' dir='ltr'>personarum</span> <span class='ocrx_word' id='word_1_242' title='bbox 917 1777 1094 1813; x_wconf 86' lang='lat' dir='ltr'>trinitate</span> <span class='ocrx_word' id='word_1_243' title='bbox 1146 1789 1216 1825; x_wconf 86' lang='lat' dir='ltr'>per</span> <span class='ocrx_word' id='word_1_244' title='bbox 1268 1776 1450 1813; x_wconf 87' lang='lat' dir='ltr'>ordinem</span> <span class='ocrx_word' id='word_1_245' title='bbox 1503 1785 1594 1812; x_wconf 89' lang='lat' dir='ltr'>sunt</span> <span class='ocrx_word' id='word_1_246' title='bbox 1646 1777 1822 1812; x_wconf 86' lang='lat' dir='ltr'>fundate.</span> 
     </span>
     <span class='ocr_line' id='line_1_49' title="bbox 507 1834 1823 1882; baseline -0.002 -10"><span class='ocrx_word' id='word_1_247' title='bbox 507 1836 698 1881; x_wconf 85' lang='lat' dir='ltr'>Quamvis</span> <span class='ocrx_word' id='word_1_248' title='bbox 732 1844 866 1872; x_wconf 88' lang='lat' dir='ltr'>autem</span> <span class='ocrx_word' id='word_1_249' title='bbox 901 1835 1082 1872; x_wconf 86' lang='lat' dir='ltr'>Christus</span> <span class='ocrx_word' id='word_1_250' title='bbox 1116 1834 1221 1871; x_wconf 88' lang='lat' dir='ltr'>dicat</span> <span class='ocrx_word' id='word_1_251' title='bbox 1252 1834 1450 1871; x_wconf 85' lang='lat' dir='ltr'>viantibus</span> <span class='ocrx_word' id='word_1_252' title='bbox 1484 1836 1593 1882; x_wconf 84' lang='lat' dir='ltr'>quod</span> <span class='ocrx_word' id='word_1_253' title='bbox 1633 1834 1712 1870; x_wconf 86' lang='lat' dir='ltr'>iam</span> <span class='ocrx_word' id='word_1_254' title='bbox 1746 1834 1823 1870; x_wconf 89' lang='lat' dir='ltr'>sint</span> 
     </span>
     <span class='ocr_line' id='line_1_50' title="bbox 507 1891 1823 1941; baseline -0.002 -12"><span class='ocrx_word' id='word_1_255' title='bbox 507 1893 544 1929; x_wconf 91' lang='lat' dir='ltr'>in</span> <span class='ocrx_word' id='word_1_256' title='bbox 570 1893 830 1939; x_wconf 79' lang='lat' dir='ltr'>beatitudine,</span> <span class='ocrx_word' id='word_1_257' title='bbox 866 1902 902 1929; x_wconf 91' lang='lat' dir='ltr'>et</span> <span class='ocrx_word' id='word_1_258' title='bbox 934 1893 1047 1941; x_wconf 81' lang='lat' dir='ltr'>pueri</span> <span class='ocrx_word' id='word_1_259' title='bbox 1079 1892 1152 1939; x_wconf 85' lang='lat' dir='ltr'>sui,</span> <span class='ocrx_word' id='word_1_260' title='bbox 1186 1893 1226 1928; x_wconf 89' lang='lat' dir='ltr'>id</span> <span class='ocrx_word' id='word_1_261' title='bbox 1249 1902 1319 1939; x_wconf 83' lang='lat' dir='ltr'>est,</span> <span class='ocrx_word' id='word_1_262' title='bbox 1355 1892 1459 1929; x_wconf 86' lang='lat' dir='ltr'>beati</span> <span class='ocrx_word' id='word_1_263' title='bbox 1493 1905 1627 1928; x_wconf 89' lang='lat' dir='ltr'>secum</span> <span class='ocrx_word' id='word_1_264' title='bbox 1661 1891 1701 1928; x_wconf 89' lang='lat' dir='ltr'>in</span> <span class='ocrx_word' id='word_1_265' title='bbox 1734 1893 1823 1928; x_wconf 87' lang='lat' dir='ltr'>bea-</span> 
     </span>
     <span class='ocr_line' id='line_1_51' title="bbox 505 1949 1823 2000; baseline -0.002 -13"><span class='ocrx_word' id='word_1_266' title='bbox 505 1952 675 1988; x_wconf 90' lang='lat' dir='ltr'>titudine</span> <span class='ocrx_word' id='word_1_267' title='bbox 709 1951 1011 2000; x_wconf 77' lang='lat' dir='ltr'>eonquiescunt,</span> <span class='ocrx_word' id='word_1_268' title='bbox 1047 1959 1083 1987; x_wconf 87' lang='lat' dir='ltr'>et</span> <span class='ocrx_word' id='word_1_269' title='bbox 1115 1951 1171 1987; x_wconf 89' lang='lat' dir='ltr'>sic</span> <span class='ocrx_word' id='word_1_270' title='bbox 1203 1963 1284 1987; x_wconf 90' lang='lat' dir='ltr'>non</span> <span class='ocrx_word' id='word_1_271' title='bbox 1317 1959 1447 1998; x_wconf 87' lang='lat' dir='ltr'>potest</span> <span class='ocrx_word' id='word_1_272' title='bbox 1487 1950 1632 1986; x_wconf 87' lang='lat' dir='ltr'>iterato</span> <span class='ocrx_word' id='word_1_273' title='bbox 1671 1949 1823 1986; x_wconf 87' lang='lat' dir='ltr'>viantes</span> 
     </span>
     <span class='ocr_line' id='line_1_52' title="bbox 504 2007 1881 2056; baseline -0.001 -11"><span class='ocrx_word' id='word_1_274' title='bbox 504 2009 590 2046; x_wconf 74' lang='lat' dir='ltr'>viva</span> <span class='ocrx_word' id='word_1_275' title='bbox 629 2022 723 2046; x_wconf 90' lang='lat' dir='ltr'>voce</span> <span class='ocrx_word' id='word_1_276' title='bbox 764 2010 959 2046; x_wconf 87' lang='lat' dir='ltr'>instruere</span> <span class='ocrx_word' id='word_1_277' title='bbox 1001 2018 1037 2045; x_wconf 91' lang='lat' dir='ltr'>et</span> <span class='ocrx_word' id='word_1_278' title='bbox 1077 2010 1298 2045; x_wconf 89' lang='lat' dir='ltr'>humanum</span> <span class='ocrx_word' id='word_1_279' title='bbox 1334 2021 1456 2056; x_wconf 83' lang='lat' dir='ltr'>genus</span> <span class='ocrx_word' id='word_1_280' title='bbox 1489 2008 1686 2056; x_wconf 86' lang='lat' dir='ltr'>paciendo</span> <span class='ocrx_word' id='word_1_281' title='bbox 1720 2007 1823 2043; x_wconf 87' lang='lat' dir='ltr'>redi-</span> <span class='ocrx_word' id='word_1_282' title='bbox 1841 2015 1881 2046; x_wconf 63' lang='lat'>&#39;30</span> 
     </span>
     <span class='ocr_line' id='line_1_53' title="bbox 507 2065 1824 2114; baseline -0.002 -10"><span class='ocrx_word' id='word_1_283' title='bbox 507 2080 633 2113; x_wconf 81' lang='lat' dir='ltr'>mere3</span> <span class='ocrx_word' id='word_1_284' title='bbox 667 2077 801 2104; x_wconf 88' lang='lat' dir='ltr'>tamen</span> <span class='ocrx_word' id='word_1_285' title='bbox 825 2067 857 2103; x_wconf 93' lang='lat' dir='ltr'>si</span> <span class='ocrx_word' id='word_1_286' title='bbox 881 2068 1034 2104; x_wconf 88' lang='lat' dir='ltr'>amicus</span> <span class='ocrx_word' id='word_1_287' title='bbox 1057 2067 1123 2103; x_wconf 86' lang='lat' dir='ltr'>ille</span> <span class='ocrx_word' id='word_1_288' title='bbox 1148 2066 1303 2103; x_wconf 89' lang='lat' dir='ltr'>medius</span> <span class='ocrx_word' id='word_1_289' title='bbox 1326 2065 1651 2114; x_wconf 86' lang='lat' dir='ltr'>perseveraverit,</span> <span class='ocrx_word' id='word_1_290' title='bbox 1684 2067 1824 2113; x_wconf 88' lang='lat' dir='ltr'>depre-</span> 
     </span>
     <span class='ocr_line' id='line_1_54' title="bbox 506 2123 1820 2173; baseline -0.003 -11"><span class='ocrx_word' id='word_1_291' title='bbox 506 2127 634 2162; x_wconf 83' lang='lat' dir='ltr'>cando</span> <span class='ocrx_word' id='word_1_292' title='bbox 658 2139 730 2173; x_wconf 87' lang='lat' dir='ltr'>pro</span> <span class='ocrx_word' id='word_1_293' title='bbox 762 2125 851 2162; x_wconf 91' lang='lat' dir='ltr'>cibo</span> <span class='ocrx_word' id='word_1_294' title='bbox 875 2125 994 2162; x_wconf 91' lang='lat' dir='ltr'>amici</span> <span class='ocrx_word' id='word_1_295' title='bbox 1027 2124 1140 2161; x_wconf 89' lang='lat' dir='ltr'>tercii</span> <span class='ocrx_word' id='word_1_296' title='bbox 1172 2124 1380 2171; x_wconf 88' lang='lat' dir='ltr'>venientis,</span> <span class='ocrx_word' id='word_1_297' title='bbox 1414 2124 1503 2172; x_wconf 88' lang='lat' dir='ltr'>quis</span> <span class='ocrx_word' id='word_1_298' title='bbox 1537 2123 1693 2159; x_wconf 86' lang='lat' dir='ltr'>dubitat</span> <span class='ocrx_word' id='word_1_299' title='bbox 1725 2123 1820 2171; x_wconf 88' lang='lat' dir='ltr'>quin</span> 
     </span>
     <span class='ocr_line' id='line_1_55' title="bbox 505 2181 1821 2231; baseline -0.002 -12"><span class='ocrx_word' id='word_1_300' title='bbox 505 2184 658 2220; x_wconf 88' lang='lat' dir='ltr'>amicus</span> <span class='ocrx_word' id='word_1_301' title='bbox 704 2184 857 2231; x_wconf 86' lang='lat' dir='ltr'>primus</span> <span class='ocrx_word' id='word_1_302' title='bbox 904 2183 1190 2219; x_wconf 86' lang='lat' dir='ltr'>fidentissimus</span> <span class='ocrx_word' id='word_1_303' title='bbox 1236 2192 1273 2218; x_wconf 89' lang='lat' dir='ltr'>et</span> <span class='ocrx_word' id='word_1_304' title='bbox 1321 2181 1642 2230; x_wconf 87' lang='lat' dir='ltr'>graciosissimus</span> <span class='ocrx_word' id='word_1_305' title='bbox 1688 2190 1821 2229; x_wconf 81' lang='lat' dir='ltr'>surget</span> 
     </span>
     <span class='ocr_line' id='line_1_56' title="bbox 504 2239 1821 2288; baseline -0.002 -11"><span class='ocrx_word' id='word_1_306' title='bbox 504 2242 781 2287; x_wconf 67' lang='lat' dir='ltr'>effectualiter,</span> <span class='ocrx_word' id='word_1_307' title='bbox 823 2241 1103 2278; x_wconf 90' lang='lat' dir='ltr'>resuscitando</span> <span class='ocrx_word' id='word_1_308' title='bbox 1142 2241 1317 2288; x_wconf 85' lang='lat' dir='ltr'>graciam</span> <span class='ocrx_word' id='word_1_309' title='bbox 1360 2249 1396 2276; x_wconf 89' lang='lat' dir='ltr'>et</span> <span class='ocrx_word' id='word_1_310' title='bbox 1436 2252 1559 2288; x_wconf 89' lang='lat' dir='ltr'>panes</span> <span class='ocrx_word' id='word_1_311' title='bbox 1592 2239 1821 2287; x_wconf 85' lang='lat' dir='ltr'>spirituales</span> 
     </span>
     <span class='ocr_line' id='line_1_57' title="bbox 504 2297 1878 2348; baseline -0.002 -13"><span class='ocrx_word' id='word_1_312' title='bbox 504 2309 704 2348; x_wconf 85' lang='lat' dir='ltr'>quotquot</span> <span class='ocrx_word' id='word_1_313' title='bbox 728 2301 847 2336; x_wconf 83' lang='lat' dir='ltr'>habet</span> <span class='ocrx_word' id='word_1_314' title='bbox 869 2299 1115 2336; x_wconf 89' lang='lat' dir='ltr'>necessarios</span> <span class='ocrx_word' id='word_1_315' title='bbox 1141 2298 1407 2339; x_wconf 79' lang='lat' dir='ltr'>ministrabit?</span> <span class='ocrx_word' id='word_1_316' title='bbox 1441 2298 1552 2334; x_wconf 87' lang='lat' dir='ltr'>Sicut</span> <span class='ocrx_word' id='word_1_317' title='bbox 1576 2297 1681 2333; x_wconf 90' lang='lat' dir='ltr'>enim</span> <span class='ocrx_word' id='word_1_318' title='bbox 1707 2297 1821 2345; x_wconf 90' lang='lat' dir='ltr'>panis</span> <span class='ocrx_word' id='word_1_319' title='bbox 1839 2307 1878 2338; x_wconf 76' lang='lat'>35</span> 
     </span>
     <span class='ocr_line' id='line_1_58' title="bbox 504 2354 1820 2406; baseline -0.002 -13"><span class='ocrx_word' id='word_1_320' title='bbox 504 2357 725 2406; x_wconf 88' lang='lat' dir='ltr'>corporalis</span> <span class='ocrx_word' id='word_1_321' title='bbox 770 2367 828 2394; x_wconf 92' lang='lat' dir='ltr'>est</span> <span class='ocrx_word' id='word_1_322' title='bbox 866 2357 1096 2394; x_wconf 87' lang='lat' dir='ltr'>substancia</span> <span class='ocrx_word' id='word_1_323' title='bbox 1135 2356 1319 2404; x_wconf 88' lang='lat' dir='ltr'>corporei</span> <span class='ocrx_word' id='word_1_324' title='bbox 1359 2355 1556 2401; x_wconf 80' lang='lat' dir='ltr'>alimenti,</span> <span class='ocrx_word' id='word_1_325' title='bbox 1602 2355 1657 2391; x_wconf 92' lang='lat' dir='ltr'>sic</span> <span class='ocrx_word' id='word_1_326' title='bbox 1697 2354 1820 2390; x_wconf 90' lang='lat' dir='ltr'>virtus</span> 
     </span>
     <span class='ocr_line' id='line_1_59' title="bbox 502 2413 1822 2463; baseline -0.004 -11"><span class='ocrx_word' id='word_1_327' title='bbox 502 2415 729 2463; x_wconf 82' lang='lat' dir='ltr'>theologica</span> <span class='ocrx_word' id='word_1_328' title='bbox 781 2425 837 2452; x_wconf 88' lang='lat' dir='ltr'>est</span> <span class='ocrx_word' id='word_1_329' title='bbox 889 2415 1117 2452; x_wconf 88' lang='lat' dir='ltr'>substancia</span> <span class='ocrx_word' id='word_1_330' title='bbox 1169 2414 1301 2450; x_wconf 88' lang='lat' dir='ltr'>anime</span> <span class='ocrx_word' id='word_1_331' title='bbox 1354 2413 1587 2459; x_wconf 77' lang='lat' dir='ltr'>nutriende3</span> <span class='ocrx_word' id='word_1_332' title='bbox 1640 2425 1713 2448; x_wconf 91' lang='lat' dir='ltr'>nec</span> <span class='ocrx_word' id='word_1_333' title='bbox 1765 2421 1822 2448; x_wconf 89' lang='lat' dir='ltr'>est</span> 
     </span>
     <span class='ocr_line' id='line_1_60' title="bbox 503 2469 1819 2522; baseline -0.003 -13"><span class='ocrx_word' id='word_1_334' title='bbox 503 2473 692 2521; x_wconf 86' lang='lat' dir='ltr'>possibile</span> <span class='ocrx_word' id='word_1_335' title='bbox 730 2475 839 2522; x_wconf 87' lang='lat' dir='ltr'>quod</span> <span class='ocrx_word' id='word_1_336' title='bbox 879 2473 1093 2510; x_wconf 89' lang='lat' dir='ltr'>racionalis</span> <span class='ocrx_word' id='word_1_337' title='bbox 1133 2472 1349 2509; x_wconf 86' lang='lat' dir='ltr'>necessitas</span> <span class='ocrx_word' id='word_1_338' title='bbox 1390 2470 1553 2507; x_wconf 84' lang='lat' dir='ltr'>secundi</span> <span class='ocrx_word' id='word_1_339' title='bbox 1594 2470 1712 2506; x_wconf 86' lang='lat' dir='ltr'>amici</span> <span class='ocrx_word' id='word_1_340' title='bbox 1746 2469 1819 2505; x_wconf 88' lang='lat' dir='ltr'>im-</span> 
     </span>
     <span class='ocr_line' id='line_1_61' title="bbox 504 2527 1819 2579; baseline -0.003 -12"><span class='ocrx_word' id='word_1_341' title='bbox 504 2531 654 2567; x_wconf 89' lang='lat' dir='ltr'>mineat</span> <span class='ocrx_word' id='word_1_342' title='bbox 688 2541 724 2567; x_wconf 89' lang='lat' dir='ltr'>et</span> <span class='ocrx_word' id='word_1_343' title='bbox 749 2533 856 2579; x_wconf 89' lang='lat' dir='ltr'>quod</span> <span class='ocrx_word' id='word_1_344' title='bbox 889 2531 1042 2579; x_wconf 85' lang='lat' dir='ltr'>primus</span> <span class='ocrx_word' id='word_1_345' title='bbox 1075 2530 1228 2567; x_wconf 87' lang='lat' dir='ltr'>amicus</span> <span class='ocrx_word' id='word_1_346' title='bbox 1253 2532 1357 2565; x_wconf 90' lang='lat' dir='ltr'>Deus</span> <span class='ocrx_word' id='word_1_347' title='bbox 1389 2529 1429 2564; x_wconf 91' lang='lat' dir='ltr'>in</span> <span class='ocrx_word' id='word_1_348' title='bbox 1463 2528 1660 2565; x_wconf 89' lang='lat' dir='ltr'>racionali</span> <span class='ocrx_word' id='word_1_349' title='bbox 1694 2527 1819 2575; x_wconf 90' lang='lat' dir='ltr'>petito</span> 
     </span>
    </p>
   </div>
   <div class='ocr_carea' id='block_1_9' title="bbox 501 2589 1878 2850">
    <p class='ocr_par' dir='ltr' id='par_1_14' title="bbox 503 2589 1878 2781">
     <span class='ocr_line' id='line_1_62' title="bbox 503 2589 1878 2627; baseline -0.006 -2"><span class='ocrx_word' id='word_1_350' title='bbox 503 2589 674 2625; x_wconf 85' lang='lat' dir='ltr'>deficiat.</span> <span class='ocrx_word' id='word_1_351' title='bbox 1835 2596 1878 2627; x_wconf 80' lang='lat'>40</span> 
     </span>
     <span class='ocr_line' id='line_1_63' title="bbox 571 2742 1817 2781; baseline -0.004 -8"><span class='ocrx_word' id='word_1_352' title='bbox 571 2745 595 2773; x_wconf 79' lang='lat'>3.</span> <span class='ocrx_word' id='word_1_353' title='bbox 617 2748 644 2774; x_wconf 92' lang='lat' dir='ltr'>A</span> <span class='ocrx_word' id='word_1_354' title='bbox 665 2747 694 2773; x_wconf 87' lang='lat' dir='ltr'>in</span> <span class='ocrx_word' id='word_1_355' title='bbox 718 2754 831 2781; x_wconf 64' lang='lat' dir='ltr'>marg:</span> <span class='ocrx_word' id='word_1_356' title='bbox 860 2746 936 2772; x_wconf 77' lang='lat' dir='ltr'>Tres</span> <span class='ocrx_word' id='word_1_357' title='bbox 954 2746 1056 2773; x_wconf 79' lang='lat' dir='ltr'>amici.</span> <span class='ocrx_word' id='word_1_358' title='bbox 1077 2754 1107 2772; x_wconf 81' lang='grc' dir='ltr'>α.</span> <span class='ocrx_word' id='word_1_359' title='bbox 1198 2745 1222 2772; x_wconf 85' lang='grc'>5.</span> <span class='ocrx_word' id='word_1_360' title='bbox 1244 2746 1288 2771; x_wconf 84' lang='lat' dir='ltr'>A:</span> <span class='ocrx_word' id='word_1_361' title='bbox 1302 2743 1395 2780; x_wconf 80' lang='lat' dir='ltr'>facit.</span> <span class='ocrx_word' id='word_1_362' title='bbox 1505 2742 1539 2781; x_wconf 70' lang='grc' dir='ltr'>8.ι</span> <span class='ocrx_word' id='word_1_363' title='bbox 1554 2743 1582 2770; x_wconf 90' lang='lat' dir='ltr'><strong>A</strong></span> <span class='ocrx_word' id='word_1_364' title='bbox 1602 2743 1632 2769; x_wconf 90' lang='lat' dir='ltr'>in</span> <span class='ocrx_word' id='word_1_365' title='bbox 1654 2750 1769 2777; x_wconf 58' lang='lat' dir='ltr'>marg:</span> <span class='ocrx_word' id='word_1_366' title='bbox 1791 2742 1817 2768; x_wconf 80' lang='lat' dir='ltr'>b.</span> 
     </span>
    </p>

    <p class='ocr_par' dir='ltr' id='par_1_15' title="bbox 502 2776 1818 2816">
     <span class='ocr_line' id='line_1_64' title="bbox 502 2776 1818 2816; baseline -0.004 -9"><span class='ocrx_word' id='word_1_367' title='bbox 502 2790 542 2808; x_wconf 89' lang='lat'>10.</span> <span class='ocrx_word' id='word_1_368' title='bbox 564 2783 592 2808; x_wconf 90' lang='lat' dir='ltr'><strong>A</strong></span> <span class='ocrx_word' id='word_1_369' title='bbox 613 2782 641 2808; x_wconf 85' lang='lat' dir='ltr'>in</span> <span class='ocrx_word' id='word_1_370' title='bbox 665 2789 779 2816; x_wconf 62' lang='lat' dir='ltr'>marg:</span> <span class='ocrx_word' id='word_1_371' title='bbox 803 2790 826 2808; x_wconf 91' lang='lat' dir='ltr'>c.</span> <span class='ocrx_word' id='word_1_372' title='bbox 919 2789 959 2814; x_wconf 74' lang='lat'>14.</span> <span class='ocrx_word' id='word_1_373' title='bbox 982 2782 1025 2807; x_wconf 87' lang='lat' dir='ltr'>A:</span> <span class='ocrx_word' id='word_1_374' title='bbox 1048 2784 1077 2807; x_wconf 79' lang='lat' dir='ltr'>et</span> <span class='ocrx_word' id='word_1_375' title='bbox 1095 2788 1156 2807; x_wconf 81' lang='lat' dir='ltr'>non</span> <span class='ocrx_word' id='word_1_376' title='bbox 1179 2779 1304 2806; x_wconf 78' lang='lat' dir='ltr'>invenit.</span> <span class='ocrx_word' id='word_1_377' title='bbox 1397 2785 1437 2812; x_wconf 83' lang='lat'>¹9·</span> <span class='ocrx_word' id='word_1_378' title='bbox 1460 2778 1504 2804; x_wconf 87' lang='lat' dir='ltr'>A:</span> <span class='ocrx_word' id='word_1_379' title='bbox 1527 2785 1556 2803; x_wconf 83' lang='grc' dir='ltr'>ιη</span> <span class='ocrx_word' id='word_1_380' title='bbox 1578 2778 1703 2804; x_wconf 76' lang='lat' dir='ltr'>tenebra</span> <span class='ocrx_word' id='word_1_381' title='bbox 1725 2776 1818 2803; x_wconf 81' lang='lat' dir='ltr'>deest.</span> 
     </span>
    </p>

    <p class='ocr_par' dir='ltr' id='par_1_16' title="bbox 501 2811 1818 2850">
     <span class='ocr_line' id='line_1_65' title="bbox 501 2811 1818 2850; baseline -0.003 -9"><span class='ocrx_word' id='word_1_382' title='bbox 501 2823 546 2849; x_wconf 66' lang='lat'>24.</span> <span class='ocrx_word' id='word_1_383' title='bbox 569 2817 595 2843; x_wconf 81' lang='lat' dir='ltr'><strong>A</strong></span> <span class='ocrx_word' id='word_1_384' title='bbox 617 2816 646 2843; x_wconf 89' lang='lat' dir='ltr'>in</span> <span class='ocrx_word' id='word_1_385' title='bbox 669 2824 783 2850; x_wconf 64' lang='lat' dir='ltr'>marg:</span> <span class='ocrx_word' id='word_1_386' title='bbox 823 2815 899 2842; x_wconf 75' lang='lat' dir='ltr'>Tres</span> <span class='ocrx_word' id='word_1_387' title='bbox 915 2824 1029 2850; x_wconf 51' lang='lat' dir='ltr'>pane&amp;</span> <span class='ocrx_word' id='word_1_388' title='bbox 1138 2823 1182 2849; x_wconf 78' lang='lat'>27.</span> <span class='ocrx_word' id='word_1_389' title='bbox 1204 2816 1248 2841; x_wconf 84' lang='lat' dir='ltr'>A:</span> <span class='ocrx_word' id='word_1_390' title='bbox 1282 2815 1342 2840; x_wconf 74' lang='lat' dir='ltr'>iam</span> <span class='ocrx_word' id='word_1_391' title='bbox 1368 2814 1416 2840; x_wconf 82' lang='lat' dir='ltr'>sit.</span> <span class='ocrx_word' id='word_1_392' title='bbox 1524 2811 1571 2844; x_wconf 70' lang='lat'>30,</span> <span class='ocrx_word' id='word_1_393' title='bbox 1592 2820 1642 2845; x_wconf 76' lang='lat'>40.</span> <span class='ocrx_word' id='word_1_394' title='bbox 1664 2812 1700 2838; x_wconf 80' lang='lat' dir='ltr'>B:</span> <span class='ocrx_word' id='word_1_395' title='bbox 1736 2811 1818 2838; x_wconf 77' lang='lat' dir='ltr'>Deus</span> 
     </span>
    </p>
   </div>
   <div class='ocr_carea' id='block_1_10' title="bbox 500 2850 987 2885">
    <p class='ocr_par' dir='ltr' id='par_1_17' title="bbox 500 2850 987 2885">
     <span class='ocr_line' id='line_1_66' title="bbox 500 2850 987 2885; baseline 0 -8"><span class='ocrx_word' id='word_1_396' title='bbox 500 2851 703 2877; x_wconf 76' lang='lat' dir='ltr'>irracionalis</span> <span class='ocrx_word' id='word_1_397' title='bbox 720 2851 833 2885; x_wconf 81' lang='lat' dir='ltr'>peticio</span> <span class='ocrx_word' id='word_1_398' title='bbox 854 2850 987 2885; x_wconf 66' lang='lat' dir='ltr'>deficiat.</span> 
     </span>
    </p>
   </div>
  </div>
 </body>
</html>
