2003 3322
215 201 303 229 CAP.
325 192 467 250 xxxv]
686 206 899 237 SECUNDA
928 206 1055 237 PARS.

216 311 363 356 anime,
409 311 500 347 ideo
545 311 766 359 prudencia
814 312 916 348 foret
961 325 1051 348 cum
1098 313 1254 349 cautela
1302 314 1529 362 evangelica

216 369 421 406 excludere
454 369 588 406 taliter
618 368 837 409 visitantes.

274 429 366 463 Ideo
418 426 583 476 quidam
636 435 806 463 utuntur
857 428 932 464 ista
984 427 1203 475 prudencia
1262 441 1428 477 querere
1480 431 1528 466 de

214 485 404 521 fratribus
457 484 670 522 articulum
724 485 816 521 fidei
869 485 1066 534 scripture
1118 485 1158 522 in
1210 499 1290 534 quo
1343 496 1400 523 est
1451 487 1527 524 illis

181 542 419 591 §cognitum
469 544 578 591 quod
623 545 824 580 oberrant.
871 545 919 579 Et
963 543 1225 580 conformiter
1270 546 1317 581 de
1364 545 1527 593 prelatis

213 600 375 638 cesariis
408 600 672 637 visitantibus.
709 601 885 647 Quidam
916 610 1051 638 autem
1075 601 1214 638 dicunt
1237 603 1344 650 quod
1366 603 1528 640 fuerunt

212 660 288 696 hoc
321 672 427 695 anno
459 671 530 707 per
552 659 654 707 regis
679 659 822 696 milites
844 659 1015 705 visitati;
1038 659 1106 707 qui
1137 659 1282 696 milites
1305 663 1527 709 pascebant

212 729 279 754 eos
323 725 405 753 tam
452 716 716 764 corporaliter
755 730 876 766 quam
915 717 1177 765 spiritualiter
1219 718 1337 766 longe
1385 719 1526 756 melius

212 788 333 823 quam
366 783 548 823 pasceret
581 787 648 811 eos
682 775 892 823 episcopus
925 775 1005 812 sive
1037 788 1156 823 papa.
1192 776 1296 821 Quia
1328 776 1526 825 ipsi'visi-

158 846 195 866 10
210 841 297 869 tant
328 832 597 869 communiter
629 842 672 869 ut
710 833 870 881 rapiant
903 842 939 870 et
972 842 1200 881 pascantur.
1245 835 1359 871 Unde
1392 835 1525 872 obiur-

210 891 324 939 gacio
369 903 489 939 quam
529 890 775 939 Augustinus
820 890 916 927 dicit
955 892 1199 940 quandoque
1244 904 1327 928 esse
1370 892 1523 930 licitam

208 961 313 985 nunc
352 948 521 985 vertitur
559 949 598 985 in
645 949 831 997 rapinam
872 958 909 985 et
949 958 1084 997 pastus
1123 949 1342 997 spiritualis
1375 951 1524 988 subditi

207 1006 375 1043 vertitur
413 1006 453 1042 in
493 1016 651 1054 pastum
692 1007 943 1055 corporalem
984 1017 1020 1044 et
1059 1017 1340 1056 sumptuosum
1381 1009 1523 1057 prelati

208 1066 258 1101 ad
303 1076 421 1113 quem
466 1064 686 1113 requiritur
730 1064 925 1113 spoliacio
969 1065 1158 1113 pauperis
1203 1066 1343 1114 populi
1388 1067 1456 1116 qui
1501 1080 1523 1104 a

155 1124 192 1156 15
209 1121 356 1159 curatis
380 1122 593 1170 dupliciter
616 1132 887 1171 pascerentur.
922 1125 1004 1160 Nec
1028 1125 1148 1160 audet
1172 1133 1333 1160 curatus
1356 1124 1524 1173 simplex

208 1189 349 1217 contra
386 1181 560 1228 prelatos
593 1181 692 1217 tales
732 1193 914 1218 cesareos
946 1183 1167 1218 secundum
1201 1182 1328 1230 legem
1358 1183 1522 1220 Domini

206 1236 420 1286 rebellare3
454 1238 545 1275 ideo
575 1239 732 1275 videtur
765 1239 900 1275 multis
934 1239 1143 1287 probabile
1176 1242 1285 1288 quod
1316 1240 1393 1277 ista
1425 1241 1521 1277 taci-

206 1296 378 1333 turnitas
426 1296 475 1332 sit
526 1309 757 1343 consensus,
811 1306 848 1333 et
892 1297 965 1333 iste
1013 1297 1169 1334 subtilis
1215 1311 1432 1335 consensus
1478 1312 1521 1335 ex

205 1354 351 1391 timore
390 1354 520 1391 servili
559 1367 630 1403 per
663 1354 869 1391 diabolum
901 1355 1154 1392 introductus
1187 1355 1315 1393 inficit
1348 1358 1520 1393 multum

150 1423 191 1445 20
205 1413 415 1460 populum,
461 1425 550 1449 cum
591 1422 753 1450 curatus
791 1413 902 1450 cuius
934 1425 994 1449 res
1034 1413 1089 1450 sic
1122 1413 1254 1461 agitur
1286 1416 1381 1451 dum
1414 1414 1521 1452 videt

205 1470 277 1506 Dei
309 1479 390 1507 tam
434 1470 685 1507 manifestam
726 1470 915 1507 iniuriam
955 1473 1175 1507 secundum
1209 1473 1337 1520 legem
1373 1473 1521 1510 Christi

205 1537 348 1565 contra
391 1528 628 1565 Antichristi
675 1528 893 1577 discipulos
936 1530 1181 1577 loqueretur.
1234 1532 1339 1567 Pena
1384 1539 1517 1567 autem

204 1599 283 1634 qua
326 1586 468 1634 prelati
514 1586 654 1623 cesarii
699 1586 828 1635 ipsum
877 1596 1133 1635 percuterent
1177 1596 1254 1624 stat
1298 1588 1339 1624 in
1377 1588 1517 1636 tribus,

203 1644 355 1680 scilicet
398 1644 438 1680 in
483 1644 905 1681 excommunicacione
957 1646 1017 1681 vel
1063 1645 1104 1681 in
1148 1646 1424 1694 suspensione,
1477 1646 1518 1683 in

83 1701 165 1747 394⁶
203 1702 387 1738 beneficii
420 1701 650 1750 privacione
684 1712 720 1739 et
752 1703 793 1739 in
827 1703 1008 1751 corporis
1037 1700 1041 1751 1
1072 1703 1332 1740 extinccione.
1373 1706 1518 1750 Quoad

202 1759 376 1808 primum
412 1760 565 1796 dictum
599 1770 656 1797 est
687 1761 821 1809 sepius
852 1763 961 1809 quod
993 1761 1096 1798 sicut
1127 1761 1397 1799 Antichristus
1430 1775 1518 1811 per-

199 1818 315 1854 vertit
367 1819 494 1866 legem
540 1818 717 1865 Domini,
771 1819 826 1855 sic
878 1828 1009 1855 stante
1060 1819 1238 1856 virtuosa
1284 1820 1518 1858 constancia

200 1876 327 1912 curati
352 1876 588 1913 malediccio
612 1876 701 1913 talis
724 1876 868 1925 prelati
893 1886 951 1913 est
980 1876 1021 1913 in
1044 1877 1329 1915 benediccione
1353 1879 1516 1915 Domini

200 1935 480 1970 convertenda.
519 1936 568 1970 Et
607 1943 802 1983 quantum
849 1936 899 1971 ad
943 1935 1248 1983 suspensionem
1293 1938 1515 1973 secundum

142 1995 183 2026 30
198 1992 435 2040 Apostolum
470 1993 635 2028 verbum
669 1992 831 2028 Domini
869 2005 949 2029 non
989 2002 1046 2029 est
1084 1993 1291 2041 alligatum
1327 2003 1364 2030 et
1397 2007 1515 2031 evan-

200 2049 391 2097 gelizacio
438 2049 528 2086 talis
573 2050 682 2086 verbi
727 2060 784 2086 est
828 2050 1049 2098 preciosior
1098 2064 1219 2099 quarn
1266 2052 1515 2090 ministracio

197 2107 367 2144 alicuius
401 2107 659 2144 ecclesiastici
699 2108 955 2145 sacramenti.
996 2111 1044 2145 Et
1078 2118 1276 2157 quantum
1310 2111 1360 2146 ad
1394 2112 1514 2147 bene-

197 2165 277 2201 ficii
317 2165 591 2213 privacionem
626 2166 940 2214 circumspectus
980 2166 1074 2203 satis
1111 2177 1371 2215 cognosceret
1406 2171 1514 2217 quod

196 2223 380 2259 beneficii
424 2223 513 2260 talis
553 2223 730 2271 privacio
768 2225 871 2261 foret
910 2224 1018 2261 utilis
1059 2225 1115 2261 sic
1158 2224 1296 2273 ligato,
1342 2227 1436 2274 quia
1477 2236 1514 2264 et

139 2282 178 2314 35
196 2283 360 2317 verbum
407 2281 479 2317 Dei
531 2291 665 2329 posset
708 2291 804 2319 tunc
851 2282 1061 2330 predicare
1106 2283 1269 2320 liberius
1323 2293 1360 2320 et
1411 2297 1512 2321 onus

196 2338 308 2375 civile
346 2351 426 2387 quo
464 2352 504 2375 se
544 2341 662 2376 stulte
701 2340 947 2388 obligaverat
985 2340 1235 2389 disrumpere
1268 2351 1402 2390 posset
1436 2343 1512 2379 evi-

195 2396 379 2445 dencius;
413 2406 450 2433 et
482 2397 537 2434 sic
569 2397 784 2446 utrobique
819 2400 977 2435 cederet
1007 2401 1057 2435 ad
1081 2399 1306 2435 libertatem
1331 2400 1510 2447 ecclesie,

195 2456 304 2502 quod
337 2468 418 2491 non
450 2455 553 2491 foret
586 2456 720 2504 aliqua
743 2455 833 2493 talis
856 2457 1012 2505 privata
1045 2456 1252 2494 institucio
1276 2458 1508 2506 sacerdotis,

194 2525 267 2549 nec
289 2512 391 2549 foret
413 2512 478 2549 ille
501 2514 562 2550 vel
585 2514 855 2562 perfunctorie
879 2514 1120 2551 christianus
1145 2515 1213 2564 qui
1237 2517 1285 2552 de
1318 2516 1509 2553 alimento

262 2724 300 2751 17.
327 2716 365 2744 B:
395 2717 560 2745 debellare.
668 2726 706 2746 21.
734 2720 762 2746 A
787 2720 818 2746 in
846 2728 961 2755 marg:
994 2720 1077 2748 Nota
1107 2721 1181 2748 tria.
1304 2727 1350 2755 24.
1384 2721 1428 2747 A:
1461 2721 1511 2748 vel

189 2751 399 2785 suspensione.
503 2760 550 2787 24,
572 2753 613 2780 25.
635 2753 673 2780 B:
700 2762 750 2780 sus
775 2754 902 2781 ensione
927 2754 1074 2789 beneficii.
1175 2755 1221 2782 26.
1244 2756 1272 2782 A
1292 2755 1322 2782 in
1345 2763 1459 2790 marg:
1484 2763 1506 2782 1.

190 2784 304 2854 {fifh-29,
325 2787 368 2839 A:
391 2787 495 2814 curati
511 2803 544 2807 -
564 2791 727 2816 converten
753 2796 772 2815 α
792 2789 884 2816 deest.
971 2788 1017 2816 30.
1039 2790 1078 2817 B:
1099 2790 1282 2825 allegatum.
1362 2789 1405 2817 32.
1427 2791 1455 2817 A
1476 2790 1507 2817 in

1740 201 1816 249 375

1639 439 1725 467 More

1568 477 1599 499 to
1621 474 1656 501 be
1676 475 1798 501 learned

1565 508 1645 535 from
1666 509 1791 541 knights

1594 543 1666 570 than
1688 545 1769 571 from

1607 579 1750 613 prelates.

1567 960 1634 987 The
1655 961 1785 996 prelates

1615 998 1670 1022 rob
1690 997 1741 1022 the

1615 1031 1734 1065 people.

1550 1713 1578 1740 A
1598 1717 1664 1741 true
1709 1715 1781 1742 riest

1586 1749 1674 1776 shoul
1719 1750 1754 1776 be

1585 1784 1703 1819 willing
1723 1789 1752 1811 to

1561 1819 1705 1845 confr-ont
1725 1828 1774 1846 ex-

1531 1853 1804 1881 communication.

1559 1946 1728 1982 Preaching
1748 1948 1779 1974 ot

1623 1989 1709 2008 more

1570 2015 1762 2050 importance

1529 2050 1601 2077 than
1622 2051 1805 2087 dispensing

1529 2085 1579 2112 the
1600 2092 1802 2114 sacramenta
