2003 3322
270 884 392 919 pocrisy
413 883 447 911 of

271 927 285 945 e
305 919 422 946 orders.

216 882 266 945 ‘tt

203 1232 269 1260 The
290 1233 364 1260 bells
385 1234 450 1261 that

218 1268 353 1306 rimator
373 1269 451 1296 their

231 1307 345 1331 matlns
364 1312 435 1339 may

210 1338 244 1365 be
265 1338 448 1374 ‘trumpets'.

213 1872 318 1900 Christ
338 1876 383 1900 set
403 1881 440 1900 an

233 1908 373 1943 example
393 1908 428 1935 of

215 1943 369 1978 spending
389 1943 438 1970 the

187 1977 273 2012 night
292 1977 322 2004 in
344 1986 464 2013 prayer,

255 2013 307 2039 but
327 2013 400 2047 only

216 2047 435 2083 occasionally.

186 2509 245 2537 We
261 2510 370 2538 should
387 2519 462 2547 pray

250 2545 399 2584 at'fitting

274 2584 374 2616 times,

900 254 1019 285 OPUS
1044 254 1381 288 EVANGELICUM
1606 245 1713 299 [CAP.
1745 254 1797 283 1V.

483 372 619 396 amare
645 360 746 408 quod
777 360 959 412 intelligit
993 375 1143 398 vanum.
1185 362 1290 406 Quid
1311 363 1489 399 miserius
1521 375 1633 412 quam
1657 371 1798 400 natura

484 418 684 454 humana?
729 418 850 455 Omne
881 420 1028 456 animal
1054 428 1183 470 potest
1214 434 1351 457 amare
1382 422 1484 469 quod
1514 422 1587 457 sibi
1617 422 1799 472 intelligit

483 476 636 523 bonum,
668 477 774 512 solus
807 477 919 513 homo
952 479 1054 526 quod
1085 478 1267 529 intelligit
1299 480 1442 515 malum
1477 492 1613 515 amare
1643 479 1799 530 cogitur

484 541 518 570 et
556 534 666 570 odire
706 535 808 583 quod
845 535 1027 586 intelligit
1065 537 1218 580 bonum,
1264 537 1350 585 quia
1384 538 1481 573 duas
1513 538 1625 573 habet
1656 538 1797 573 adver-

482 599 610 628 santes
633 592 669 627 in
690 605 731 629 se
754 600 928 640 ηαϊιιναε,
952 595 1054 643 quod
1076 595 1172 630 enim
1197 595 1308 630 carni
1324 595 1455 644 placet
1469 595 1595 632 anime
1611 595 1796 644 displicet,
1815 595 1830 629 5

483 657 517 685 et
555 651 657 698 quod
692 651 818 687 anime
850 652 981 700 placet
1020 653 1132 688 carni
1168 653 1355 702 displicet,
1407 660 1447 688 ut
1485 653 1583 689 sicut
1621 653 1675 689 ait
1705 653 1798 689 Job:

489 707 622 744 Omnis
666 709 742 744 vita
787 717 921 745 nostra
967 710 1170 759 temptacio
1215 718 1291 756 est‚·
1334 712 1435 759 quod
1477 711 1512 747 si
1553 711 1676 747 omnis
1720 711 1796 746 vita

483 773 615 802 nostra
655 767 860 816 temptacio
899 775 968 811 est,
1014 768 1137 804 omnis
1177 768 1253 804 vita
1292 776 1423 804 nostra
1463 776 1498 804 et
1537 769 1687 805 lucrum
1728 776 1795 805 est.

483 825 568 860 Hec
601 824 885 862 Crisostomus.

539 881 707 919 Videtur
740 882 860 919 istum
895 893 1077 920 sanctum
1104 884 1365 921 conformiter
1388 886 1438 920 ad
1462 883 1637 933 priorem
1662 884 1796 920 redar-
1816 899 1856 920 10

481 952 601 987 guere
640 949 755 977 acute
794 950 831 978 et
864 942 981 989 plane
1020 942 1249 990 ypocrisim,
1297 950 1333 978 et
1366 942 1420 979 ita
1452 942 1608 979 videtur
1641 955 1684 979 ex
1716 941 1797 978 suis

482 997 690 1047 principiis
724 1001 831 1048 quod
856 1000 985 1036 maior
1008 1013 1100 1048 pars
1123 1000 1330 1049 signorum
1355 999 1618 1047 sensibilium,
1652 999 1796 1049 quibus

483 1056 656 1104 religiosi
699 1057 826 1093 nostri
870 1066 1050 1104 utuntur,
1096 1067 1226 1107 potest
1259 1071 1329 1106 per
1360 1057 1576 1106 ypocrisim
1610 1058 1714 1095 trahi
1748 1059 1797 1094 ad

482 1123 637 1161 partem
672 1114 822 1152 diaboli
855 1116 922 1164 qui
956 1117 1110 1164 regular
1133 1116 1251 1153 istum
1276 1117 1430 1153 ludum.
1464 1119 1610 1164 Magna
1634 1116 1796 1165 quidem

483 1173 673 1209 sanctitas
711 1173 870 1210 videtur
908 1175 1065 1211 ostendi
1104 1176 1212 1223 quod
1252 1174 1427 1223 religiosi
1465 1174 1592 1211 nostri
1631 1182 1798 1223 surgunt
1817 1181 1854 1213 15

482 1230 523 1266 in
562 1231 695 1267 medio
734 1232 861 1268 noctis
900 1233 950 1269 ad
990 1233 1240 1280 psallendum
1274 1235 1357 1270 Deo
1390 1233 1589 1278 devocius,
1635 1233 1797 1281 quando

483 1288 605 1337 frigus
639 1298 697 1326 est
730 1302 822 1338 sepe
856 1290 1049 1338 asperius,
1084 1300 1121 1327 et
1154 1291 1348 1328 mundani
1381 1299 1473 1327 sunt
1504 1291 1544 1327 in
1577 1290 1657 1327 suis
1690 1290 1796 1327 cubi-

483 1346 586 1383 libus
619 1348 707 1395 plus
741 1348 883 1397 quieti3
931 1358 967 1385 et
1013 1358 1150 1386 tamen
1196 1358 1327 1397 potest
1366 1348 1600 1397 contingere
1640 1361 1684 1385 ex
1723 1349 1798 1384 hac

482 1405 657 1453 ypocrisi
690 1406 888 1442 subtiliori
923 1407 1079 1444 cautela
1112 1407 1260 1444 diaboli
1294 1409 1403 1456 quod
1432 1419 1629 1455 campane
1652 1406 1797 1456 quibus

481 1463 607 1499 nostri
655 1464 833 1512 ypocrite
877 1474 1022 1502 vocant
1067 1478 1158 1502 suos
1197 1465 1326 1502 socios
1366 1466 1415 1501 ad
1454 1478 1568 1501 suam
1606 1464 1795 1513 paginam
1814 1480 1855 1502 20

482 1522 769 1559 celebrandum
817 1531 908 1559 sunt
954 1524 1047 1559 tube
1092 1523 1237 1572 quibus
1284 1523 1465 1572 ypocrite
1514 1531 1664 1560 canunt
1703 1530 1795 1559 ante

482 1578 602 1627 ipsos,
636 1589 679 1616 ut
702 1593 815 1617 suam
840 1580 1017 1617 indicent
1039 1581 1308 1628 sanctitatem,
1343 1590 1380 1617 et
1403 1590 1536 1629 potest
1561 1580 1795 1629 contingere

482 1650 526 1673 ex
559 1638 765 1685 superiore
801 1639 957 1675 cautela
990 1639 1139 1676 diaboli
1173 1641 1281 1688 quod
1314 1640 1412 1676 tales
1445 1638 1621 1687 religiosi
1655 1638 1695 1675 in
1718 1639 1794 1675 hoc

480 1696 609 1732 noctis
642 1696 808 1733 silencio
842 1696 920 1733 sint
943 1697 1049 1734 circa
1072 1698 1177 1734 facta
1200 1697 1333 1734 invida
1357 1706 1395 1733 et
1416 1697 1570 1734 lubrica
1593 1696 1793 1745 occupati,

481 1762 517 1789 et
540 1753 595 1790 ita
618 1755 755 1802 regula
789 1768 910 1803 quam
944 1754 1018 1791 sibi
1051 1755 1264 1792 instituunt
1297 1755 1348 1792 sit
1381 1754 1540 1792 occasio
1564 1764 1606 1791 ut
1629 1762 1794 1803 peccent
1811 1759 1851 1792 25

481 1814 564 1847 Deo
599 1811 833 1849 manifestus
866 1813 954 1861 plus
987 1814 1048 1849 vel
1080 1822 1183 1850 ante.

536 1871 618 1906 Nec
639 1870 743 1906 valet
767 1870 991 1907 evidencia:
1018 1871 1058 1908 Si
1085 1871 1295 1908 Psalmista
1319 1871 1415 1908 dicit
1440 1871 1600 1908 Psalmo
1624 1872 1791 1917 CXVIII,

481 1927 552 1964 63:
606 1928 736 1964 Media
782 1936 890 1964 nocte
932 1930 1141 1980 surgebam
1181 1931 1233 1965 ad
1270 1930 1525 1979 confitendum
1571 1929 1648 1973 tibi,
1700 1941 1793 1976 ergo

480 1985 713 2022 claustrales
747 1987 892 2023 debent
924 1987 1160 2035 regulariter
1193 1996 1288 2024 tunc
1321 1999 1482 2035 surgere
1513 1995 1555 2023 ut
1579 1986 1794 2024 concinant

481 2043 711 2091 matutinas,
758 2044 852 2093 quia
891 2045 989 2081 illud
1029 2047 1137 2094 quod
1181 2045 1366 2083 convenit
1404 2045 1473 2082 uni
1511 2043 1792 2093 complexioni,
1810 2051 1852 2084 30

478 2101 546 2138 uni
575 2102 670 2139 etati
692 2103 753 2139 vel
786 2102 854 2139 uni
892 2103 1078 2151 tempori,
1114 2103 1292 2141 dissonat
1316 2103 1584 2152 complexioni
1616 2103 1676 2140 vel
1699 2102 1792 2139 etati

479 2159 692 2207 contrarie,
726 2169 764 2196 et
796 2160 898 2197 sicut
930 2170 1007 2198 stat
1041 2174 1130 2198 cum
1165 2161 1273 2199 dicto
1310 2161 1534 2205 Psalmiste‚
1569 2160 1793 2198 dissonaret

478 2230 551 2265 pro
575 2218 654 2254 alio
677 2227 859 2267 tempore
883 2218 956 2255 sibi
980 2219 1069 2267 ipsi.
1105 2220 1288 2256 Christus
1312 2219 1418 2257 enirn
1443 2228 1528 2256 erat
1550 2227 1792 2268 pernoctans

477 2275 518 2311 in
550 2276 752 2324 oracione,
787 2285 830 2313 ut
863 2276 959 2314 dicit
993 2278 1257 2326 evangelium,
1292 2286 1330 2314 et
1362 2287 1480 2315 nocte
1513 2277 1591 2314 alia
1622 2290 1704 2314 non
1736 2276 1792 2313 sic

477 2333 587 2380 fecit;
638 2336 707 2370 sed
751 2335 869 2383 longe
916 2335 1044 2372 maior
1088 2337 1190 2372 foret
1236 2336 1440 2373 evidencia
1478 2336 1604 2372 instar
1642 2334 1847 2373 Christissi

478 2403 595 2440 quem
620 2401 781 2440 oportet
803 2393 928 2441 sequi,
953 2394 983 2430 si
1007 2394 1192 2431 volumus
1215 2394 1312 2431 salvi
1336 2394 1435 2442 fieri⁷
1467 2394 1507 2430 in
1530 2393 1789 2430 oracionibus

476 2459 726 2498 pernoctare.

535 2510 625 2544 Non
656 2509 760 2545 valet
793 2521 885 2557 ergo
914 2509 1109 2558 ypocrisis
1139 2522 1213 2559 pro
1241 2509 1527 2547 vendicacione
1559 2522 1628 2546 sue
1659 2508 1790 2557 vigilie

476 2574 672 2604 nocturne
716 2566 757 2603 in
802 2568 1010 2615 campanis
1054 2581 1128 2617 pro
1175 2568 1309 2605 medio
1354 2567 1483 2605 noctis
1528 2566 1693 2604 silencio
1731 2566 1788 2603 sic

545 2733 570 2761 3.
591 2735 619 2762 A
640 2735 669 2762 in
691 2743 806 2770 marg:
829 2735 919 2763 Nota.
1013 2744 1053 2763 10.
1074 2737 1103 2764 A
1124 2736 1153 2763 in
1176 2744 1289 2771 marg:
1310 2736 1488 2769 Jolzannes;
1521 2736 1562 2764 ib.
1583 2737 1628 2764 A:
1648 2738 1788 2763 sanctum

477 2768 569 2796 deest.
644 2778 681 2797 ιε».
702 2771 746 2797 A:
768 2773 797 2797 et
816 2771 919 2797 maior
933 2778 1024 2806 pars.
1098 2771 1136 2799 18.
1154 2772 1196 2798 A:
1217 2772 1303 2806 quod
1321 2771 1387 2798 lzac.
1461 2770 1507 2799 30.
1523 2771 1567 2798 A:
1589 2771 1672 2806 quod
1689 2770 1788 2804 illud,-

477 2804 498 2830 Β
518 2804 547 2831 in
570 2812 666 2839 marg.
689 2813 774 2840 sup.:
796 2805 922 2841 quando
944 2806 1048 2833 oranti
1066 2807 1153 2839 (um).
1226 2805 1269 2833 32.
1292 2806 1329 2833 B:
1351 2806 1522 2834 Psalmista.

545 2876 576 2907 8.
602 2877 678 2908 Job.
707 2887 738 2918 7,
770 2888 801 2908 ιι
828 2877 961 2909 Militia
989 2882 1041 2910 est
1067 2878 1140 2910 vita
1168 2877 1332 2910 hominis.
