2003 3322
232 204 321 232 6ΑΡ.
342 196 496 250 xxxllr]
742 208 878 240 PRIMA
909 209 1034 239 PARS.
1756 219 1766 242 1
1784 219 1828 254 Ι7

231 315 358 362 legem
394 314 602 362 antiquam
637 314 678 350 in
712 314 894 360 moralia,
928 314 1145 351 iusticialia
1179 324 1216 352 et
1249 315 1538 354 cerimonialia.
1556 326 1624 365 The
1645 329 1742 355 moral
1763 329 1821 355 law

233 372 367 408 Prima
399 385 491 420 pars
524 381 720 420 perpetuo
754 381 811 408 est
842 373 1034 417 tenenda;
1069 374 1245 410 secunda
1278 382 1413 410 autem
1447 387 1539 423 pars
1555 362 1679 432 “fimf
1703 363 1824 426 {finge

232 439 269 466 et
300 429 425 466 tercia
457 443 537 466 non
581 430 637 467 sic
681 439 875 478 perpetuo
921 432 1091 467 tenende
1135 440 1227 467 sunt
1272 433 1321 468 ad
1366 432 1793 495 literam‚cj}1dici³.¹f³pd

230 487 323 524 licet
355 488 507 524 fructus
540 500 678 524 earum
712 488 855 524 servati
888 488 1035 524 fuerint
1081 490 1215 537 quoad
1262 502 1404 536 mores,
1446 490 1539 539 quia
1563 474 1830 541 aegeerggtmglwzzilyss

196 546 355 582 5multa
388 558 526 582 eorum
558 546 781 594 figurarunt
812 555 923 594 gesta
945 546 1089 585 Messie
1120 559 1197 595 que
1231 547 1431 584 credimus
1455 560 1539 585 esse
1568 536 1746 599 bmdffigeff
1767 538 1818 564 the

228 603 440 651 preterita3
476 613 513 640 et
546 603 600 640 sic
634 603 819 640 Christus
853 617 942 640 cum
978 604 1084 641 venit
1122 604 1345 653 adimplere
1392 606 1539 654 figuras

228 663 275 698 de
307 661 408 709 ipso,
443 674 524 698 non
555 662 661 698 venit
694 662 821 709 legem
854 663 1019 709 solvere,
1054 675 1143 698 cum
1191 662 1231 699 in
1266 662 1411 700 virtute
1445 676 1540 701 con-

226 719 467 756 versacionis
501 732 570 756 sue
603 729 684 756 tam
719 719 845 767 figure
878 732 999 768 quam
1024 720 1244 768 prophecie
1268 721 1365 769 legis
1397 722 1539 759 veteris

227 787 318 814 sunt
350 777 528 825 implete.
564 777 605 814 Si
639 777 744 814 enim
778 780 883 814 Deus
918 778 1148 815 eternaliter
1180 779 1393 829 ordinavit,
1429 782 1538 828 quod

174 847 211 867 ιο
227 836 298 872 hec
331 848 455 883 opera
488 835 637 872 Christi
669 837 888 872 succedant
921 836 961 871 in
993 849 1065 872 suo
1104 845 1288 885 tempore
1334 846 1371 873 et
1418 837 1535 874 finem

106 892 186 926 '366³
226 894 412 940 habeant,
435 894 495 929 lex
517 906 588 930 sua
610 906 690 929 non
713 893 879 930 solvitur
901 894 971 929 sed
993 893 1185 942 impletur
1207 907 1277 942 per
1300 895 1375 932 hoc
1401 891 1404 947 Ι
1430 898 1536 944 quod

224 952 447 999 temporale
479 951 576 999 legis
599 951 780 999 preteriit
814 961 851 987 et
883 964 962 988 non
987 951 1061 988 erit
1084 952 1256 1000 amplius
1280 952 1320 989 in
1344 953 1536 1000 futurum,

224 1009 319 1057 quia
350 1022 557 1058 nunquam
592 1009 665 1045 fuit
698 1010 757 1045 lex
784 1009 857 1045 Dei
890 1011 996 1057 quod
1030 1009 1085 1047 sic
1118 1010 1192 1046 erit
1224 1011 1264 1047 in
1296 1020 1535 1059 perpetuum

223 1068 291 1103 sed
315 1080 388 1115 pro
421 1079 493 1104 suo
526 1076 708 1115 tempore
731 1068 840 1115 quod
872 1067 1098 1104 necessario
1132 1077 1189 1104 est
1221 1068 1447 1117 impletum.

172 1125 207 1157 15
282 1126 467 1161 Secundo
499 1125 657 1162 videtur
691 1137 734 1161 ex
767 1137 884 1161 sensu
914 1125 1032 1162 huius
1065 1126 1242 1163 doctoris
1267 1128 1375 1175 quod
1399 1129 1533 1164 obser-
1584 1137 1645 1164 Kee
1671 1137 1721 1173 ing
1742 1138 1791 1165 the

222 1182 335 1219 vacio
368 1183 525 1220 sabbati
557 1184 665 1231 quod
697 1182 855 1219 videtur
889 1195 972 1220 esse
1006 1186 1241 1221 mandatum
1276 1184 1441 1221 Domini
1473 1186 1534 1222 vel
1578 1172 1799 1235 Scffiexiriiinffi?

223 1251 455 1289 preceptum
491 1242 625 1289 quoad
657 1253 728 1277 sua
762 1241 1039 1278 cerimonialia
1071 1243 1132 1279 vel
1165 1242 1351 1290 figuralia
1385 1243 1433 1279 sit
1465 1256 1532 1280 ne-

223 1298 396 1335 cessario
419 1298 687 1344 terminanda,
714 1311 804 1336 cum
830 1299 1014 1347 figuravit
1038 1302 1172 1348 quoad
1196 1300 1303 1337 diem
1328 1301 1533 1338 Christum

222 1356 425 1405 quiescere
459 1356 498 1392 in
531 1358 698 1393 sabbato
732 1366 937 1393 mortuum
977 1357 1018 1394 in
1052 1359 1256 1406 sepulcro3
1301 1360 1409 1407 quod
1443 1371 1533 1395 cum

165 1426 206 1447 20
220 1427 301 1451 non
334 1423 588 1463 expectamus
622 1414 799 1451 futurum
833 1416 902 1452 sed
936 1415 1137 1453 credimus
1173 1429 1257 1453 esse
1280 1417 1533 1464 preteritum,

221 1472 559 1521 solempnizamus
613 1472 718 1509 diem
772 1473 910 1520 alium,
963 1474 1055 1511 licet
1103 1475 1179 1511 hoc
1225 1487 1306 1511 non
1353 1474 1403 1511 sit
1449 1484 1530 1511 tam

220 1530 501 1573 necessarium,
547 1530 649 1566 sicut
695 1540 751 1567 est
794 1531 1063 1568 necessarium
1111 1544 1268 1569 servare
1313 1532 1432 1569 finem
1472 1533 1534 1569 vel

220 1588 410 1633 fructum,
446 1588 548 1624 sicut
580 1598 721 1625 auctor
754 1589 851 1637 legis
875 1589 1046 1627 intendit
1067 1590 1108 1627 in
1131 1590 1392 1627 observancia
1416 1590 1533 1627 huius

221 1646 332 1694 legis.
380 1646 552 1683 Intendit
583 1656 715 1683 autem
755 1660 828 1684 nos
873 1660 1029 1685 servare
1073 1661 1147 1685 nos
1191 1648 1299 1696 ipsos
1344 1649 1533 1685 continue

165 1705 204 1738 25
221 1705 270 1740 ab
298 1704 486 1752 operibus
508 1704 663 1752 peccati
687 1705 908 1752 servilibus,
932 1715 976 1742 ut
998 1715 1194 1754 perpetuo
1218 1706 1258 1742 in
1286 1706 1532 1743 beatitudine

221 1761 474 1810 quiescamus
508 1771 544 1798 et
578 1775 659 1799 non
686 1764 792 1811 quod
826 1763 867 1799 in
890 1765 1057 1800 sabbato
1088 1765 1148 1801 vel
1181 1764 1243 1800 die
1276 1764 1449 1812 septimo
1483 1766 1531 1801 ab

222 1819 409 1868 operibus
456 1820 708 1857 manualibus
752 1834 824 1857 nos
868 1834 1084 1858 servemus.
1130 1824 1177 1858 Et
1224 1823 1298 1859 hoc
1346 1822 1533 1871 ignorant

218 1877 333 1914 Judei
394 1877 647 1926 imponentes
710 1878 870 1915 Christo
938 1879 1108 1916 heresim
1170 1892 1213 1916 ex
1278 1881 1354 1917 hoc
1423 1881 1532 1929 quod

221 1936 442 1972 secundum
502 1948 654 1973 morem
708 1949 845 1973 eorum
896 1939 1108 1974 sabbatum
1161 1951 1242 1974 non
1295 1938 1529 1975 servaverit:

164 1996 205 2028 30
219 1993 320 2041 Non,
358 1993 557 2042 inquiunt,
600 2002 654 2030 est
687 1995 755 2031 iste
788 1995 901 2031 homo
934 2007 985 2031 ex
1016 1996 1100 2032 Deo
1133 1996 1197 2044 qui
1227 1996 1425 2032 sabbatum
1458 2008 1531 2032 non

220 2051 397 2093 custodit,
429 2053 516 2088 Joh.
551 2054 658 2098 IX¹¹0,
701 2054 758 2089 16.

279 2110 551 2146 Laudabiliter
584 2119 716 2146 autem
753 2110 995 2158 quiescimus
1035 2113 1083 2147 ab
1128 2111 1318 2159 operibus
1364 2124 1531 2148 manua-
1563 2121 1617 2148 Yet
1637 2129 1686 2160 we
1703 2121 1799 2156 ought

219 2166 322 2202 libus
354 2167 393 2203 in
427 2167 490 2204 die
524 2167 727 2204 dominica
759 2168 832 2216 legi
864 2169 1025 2205 Domini
1049 2168 1238 2217 precipue
1263 2160 1576 2215 attendentes‚‘⁰
1597 2156 1812 2218 rgggaknofrrom

220 2224 313 2273 quia
345 2224 414 2261 illo
449 2225 511 2262 die
554 2225 627 2262 fuit
672 2228 844 2262 mundus
890 2227 1086 2273 conditus,
1133 2227 1201 2263 illo
1246 2227 1308 2263 die
1351 2227 1531 2263 Christus
1616 2225 1754 2261 Sunday.

164 2284 203 2316 35
221 2283 435 2319 resurrexit
467 2296 488 2320 a
523 2283 704 2330 mortuis,
739 2283 807 2320 illo
854 2284 916 2320 die
951 2284 1133 2321 Christus
1178 2284 1286 2321 misit
1333 2284 1528 2333 Spiritum

221 2341 411 2377 Sanctum
445 2341 525 2377 suis
559 2341 779 2389 discipulis,
814 2350 850 2378 et
883 2342 951 2378 illo
985 2342 1047 2378 die
1070 2351 1277 2391 tamquam
1302 2342 1365 2379 die
1388 2353 1530 2379 octava

222 2397 336 2434 etatis
369 2399 534 2435 ecclesie
569 2399 750 2435 Christus
783 2400 986 2437 beatificat
1018 2409 1212 2448 perpetuo
1249 2413 1362 2437 suam
1405 2401 1529 2438 eccle-

220 2455 319 2492 siam
365 2465 455 2504 post
499 2456 604 2492 diem
657 2456 807 2495 iudicii.
860 2459 942 2494 Nec
995 2467 1053 2495 est
1105 2459 1411 2507 preponendum
1456 2460 1530 2495 hoc

221 2513 477 2551 cerimoniale
525 2515 594 2551 sed
637 2515 804 2551 omnino
843 2517 952 2564 quod
989 2515 1057 2552 illo
1098 2515 1160 2553 die
1200 2525 1237 2553 et
1281 2529 1439 2565 semper
1481 2518 1529 2553 ab

160 2582 205 2613 40
219 2571 407 2619 operibus
440 2572 595 2620 peccati
627 2572 835 2610 servilibus
866 2586 938 2610 nos
971 2586 1188 2612 servemus,

288 2770 317 2795 4.
337 2762 381 2789 A:
402 2770 478 2798 quos
498 2764 540 2791 ad
558 2771 668 2791 mores.
785 2772 818 2792 11.
840 2766 884 2791 A:
905 2765 988 2804 quod
1007 2765 1100 2792 deest.
1205 2765 1243 2793 15.
1262 2766 1290 2793 A
1311 2766 1341 2793 in
1363 2773 1529 2805 mai-gap).

219 2798 507 2866 Zggizyfflssceptum
517 2798 559 2825 ad
568 2806 635 2826 sua.
708 2806 756 2832 24.
767 2799 806 2826 B:
821 2806 879 2826 nos
891 2800 1018 2826 omltted
1032 2800 1135 2827 before
1147 2807 1282 2828 servare.
1354 2799 1401 2828 36.
1415 2800 1437 2827 B
1448 2810 1454 2827 :
1465 2808 1531 2828 ezus
