2003 3322
155 225 204 260 80
855 230 973 262 opus
991 230 1327 262 EVANGELICUM
1518 217 1624 271 [CAP.
1645 225 1756 254 xxiv.

923 356 1062 398 CAP.
1092 356 1282 397 XXIV.

167 483 261 511 What
281 483 357 518 light
377 483 411 510 is.
502 478 601 512 Cum
638 489 681 513 ex
714 477 869 512 defectu
891 476 991 512 lucis
1017 489 1093 524 que
1124 485 1179 512 est
1210 477 1374 512 tenebra
1402 474 1501 511 lucis
1530 474 1755 523 proprietas

441 544 537 571 nota
580 534 712 577 fuerit,
758 535 928 571 videndo
973 543 1106 570 utrum
1146 547 1168 571 a
1207 535 1295 570 luce
1338 533 1399 569 vel
1438 532 1639 569 auditorio
1683 532 1756 568 iste

443 593 618 629 defectus
653 593 891 640 processerit
925 593 984 628 vel
1016 602 1245 640 utrumque,
1279 592 1493 627 videndum
1528 599 1585 627 est
1618 602 1757 626 secun-

442 652 536 686 dum
561 651 831 699 perspectivos
855 663 930 698 que
954 651 1219 698 proprietates
1252 650 1329 686 luci
1357 649 1612 686 conveniunt.
1648 645 1790 684 Licet5

442 718 575 744 autem
609 710 673 745 lux
705 710 766 745 vel
798 710 933 744 lumen
967 708 1007 744 in
1040 721 1110 744 sua
1150 707 1409 756 generalitate
1449 708 1619 755 analoga
1657 705 1759 743 acci-

443 767 577 814 piatur
601 780 673 815 pro
708 767 837 803 forma
860 766 1037 815 qualibet
1070 766 1252 814 positiva,
1287 765 1590 802 antonomatice
1623 773 1760 800 tamen

443 834 479 861 et
524 838 594 872 per
638 827 841 873 quandam
890 824 1170 861 excellenciam
1218 823 1364 860 dicitur
1410 824 1456 859 de
1501 824 1631 859 forma
1679 835 1757 870 qua

443 896 587 931 corpus
621 885 728 931 apud
761 896 832 919 nos
866 882 1011 918 dicitur
1044 882 1290 918 luminosum
1329 882 1390 918 vel
1429 882 1477 917 de
1509 880 1598 917 talis
1632 881 1759 916 forme

443 941 574 989 specie
609 941 751 977 diffusa
785 953 853 989 per
888 940 1084 988 mediumg
1120 949 1157 976 et
1189 940 1369 988 precipui
1402 938 1632 987 philosophi
1666 951 1758 974 con·
1779 946 1817 967 10

444 999 597 1035 cordati
637 1008 728 1035 sunt
769 1000 876 1047 quod
922 1012 944 1035 a
984 999 1066 1035 sole
1114 998 1310 1034 materiali
1355 997 1512 1046 capitur
1556 997 1759 1033 fontaliter

443 1059 711 1106 quodcunque
744 1058 882 1093 lumen
915 1056 1186 1093 adventicium
1210 1056 1290 1092 sive
1314 1055 1353 1092 in
1377 1055 1492 1091 astris
1515 1056 1575 1092 vel
1597 1054 1760 1103 quibus-

443 1116 539 1151 libet
573 1115 811 1163 corporibus
845 1114 1057 1151 celestibus
1092 1123 1158 1151 aut
1192 1113 1461 1150 terrestribus.

170 1188 196 1215 It·
215 1187 240 1215 is
260 1188 309 1226 the
331 1192 411 1214 most
503 1174 721 1222 Supposito
755 1183 888 1210 autem
925 1175 1033 1221 quod
1068 1173 1135 1209 fiat
1168 1172 1363 1209 limitacio
1389 1173 1438 1208 ad
1462 1171 1637 1219 speciem
1660 1170 1759 1207 lucis

195 1223 389 1284 spibigfflssssvof
445 1244 514 1281 per
554 1245 594 1268 se
634 1231 813 1278 visibilis,
859 1244 940 1267 non
985 1240 1119 1268 autem
1160 1232 1209 1267 ad
1247 1230 1376 1278 ipsam
1416 1230 1545 1266 lucem
1586 1229 1626 1265 in
1674 1224 1816 1277 ips015

445 1290 646 1327 luminoso
681 1290 894 1338 perspicuo
927 1289 1199 1334 terminatam,
1234 1298 1418 1325 auctores
1442 1287 1514 1324 sibi
1539 1287 1761 1324 attribuunt

444 1358 617 1397 quatuor
650 1348 916 1396 proprietates
948 1347 1168 1384 laudabiles
1201 1346 1304 1383 inter
1339 1347 1496 1382 multas.
1538 1346 1671 1382 Prima
1704 1353 1760 1381 est

444 1408 552 1455 quod
593 1415 650 1443 est
689 1406 792 1442 inter
827 1405 1039 1454 qualitates
1084 1417 1298 1453 corporeas
1337 1403 1673 1453 spiritualissima,
1718 1411 1762 1439 ut

444 1474 553 1513 patet
578 1478 619 1501 ex
644 1464 822 1513 quinque
846 1463 1168 1501 condicionibus:
1202 1463 1334 1511 primo
1358 1462 1452 1511 quia
1475 1461 1761 1510 appropriatur

444 1535 515 1571 per
548 1524 750 1571 quandam
786 1522 1067 1559 excellenciam
1102 1521 1363 1558 subtilissimo
1397 1520 1570 1569 corpori,
1615 1519 1655 1556 id
1688 1527 1760 1565 est,
1778 1526 1819 1547 20

445 1582 542 1617 celo.
577 1584 624 1617 Et
648 1581 703 1617 sic
727 1582 902 1617 secundo
926 1581 1083 1617 locatur
1106 1580 1308 1616 fontaliter
1332 1579 1370 1615 in
1393 1579 1481 1615 loco
1506 1577 1759 1626 dignissimo;

444 1639 569 1675 tercio
594 1639 756 1676 racione
779 1651 847 1675 sue
872 1638 1167 1687 spiritualitatis
1192 1637 1516 1674 communicatur
1540 1637 1761 1673 secundum

445 1697 529 1733 eius
563 1697 804 1745 principium
841 1697 933 1733 situi
968 1696 1145 1744 punctali
1170 1697 1276 1744 quod
1306 1695 1548 1743 principium
1574 1694 1761 1743 punctale

445 1756 646 1792 sufficeret
678 1755 845 1792 ubilibet
879 1754 1048 1791 radiare.
1084 1757 1237 1800 Quarto
1261 1762 1371 1801 patet
1394 1753 1476 1789 eius
1500 1751 1762 1801 spiritualitas

446 1826 489 1850 ex
522 1815 596 1850 hoc
630 1815 737 1862 quod
771 1814 939 1849 fundata
972 1813 1012 1849 in
1047 1825 1117 1849 suo
1150 1813 1258 1848 fonte
1292 1825 1372 1848 non
1397 1805 1818 1859 proporcionaliter25

447 1881 627 1908 movetur
661 1873 710 1908 ad
742 1880 895 1907 motum
922 1871 1087 1907 materie
1112 1870 1336 1915 deferentis,
1371 1878 1413 1905 ut
1436 1878 1545 1917 patet
1569 1870 1617 1905 de
1641 1867 1762 1905 radiis

446 1930 643 1966 solaribus
676 1930 797 1966 flante
829 1938 961 1966 vento.
1002 1931 1050 1965 Et
1083 1929 1224 1977 quinto
1258 1941 1300 1964 ex
1334 1929 1409 1964 hoc
1442 1928 1550 1976 quod
1583 1939 1663 1963 non
1698 1927 1762 1962 de-

445 1988 576 2036 perdit
624 1989 671 2024 de
716 1987 946 2024 substancia
993 1988 1052 2023 vel
1099 1987 1244 2023 virtute
1288 1985 1455 2022 subiecti
1501 1997 1571 2033 per
1617 1983 1762 2032 speciei

447 2046 854 2094 multiplicacionem3
900 2045 954 2082 sic
999 2055 1142 2082 natura
1183 2046 1359 2081 humana
1398 2044 1501 2079 inter
1549 2054 1762 2090 corporeas

447 2113 504 2140 est
543 2103 868 2152 spiritualissima
908 2103 1069 2140 racione
1117 2112 1258 2139 nature
1299 2102 1548 2150 incorporee,
1590 2113 1667 2149 que
1706 2108 1763 2136 est
1780 2105 1821 2127 ³0

446 2162 551 2198 idem
604 2162 855 2211 suppositum
904 2175 993 2198 cum
1039 2170 1183 2198 natura
1229 2172 1442 2208 corporea,
1488 2159 1577 2195 ideo
1625 2170 1763 2195 omnes

447 2221 630 2257 homines
665 2229 701 2256 et
735 2219 962 2267 specialiter
996 2219 1200 2255 christiani
1235 2220 1303 2255 scd
1326 2217 1614 2265 specialissime
1640 2217 1764 2253 eccle-

448 2278 596 2314 siastici
635 2288 678 2314 ut
719 2278 789 2314 filii
822 2278 921 2314 lucis
955 2277 1163 2314 imitatorii
1205 2276 1466 2325 spiritualiter
1511 2276 1763 2312 ambularent

448 2338 666 2373 secundum
710 2336 935 2372 doctrinam
969 2335 1151 2383 Apostoli
1192 2337 1239 2371 ad
1275 2335 1375 2382 Eph.
1408 2335 1441 2369 V
1475 2341 1763 2381 consequentes

449 2407 592 2442 corpus
617 2394 763 2430 Christi
789 2394 989 2430 misticum
1016 2395 1122 2442 quod
1158 2402 1214 2429 est
1247 2392 1429 2429 omnium
1458 2391 1762 2428 subtilissimum
1781 2385 1820 2419 35

448 2455 505 2501 (ut
538 2461 647 2500 patet
681 2454 780 2500 Eph.
816 2454 891 2497 IV).
940 2454 987 2488 Et
1028 2453 1220 2488 habentes
1260 2450 1612 2487 conversacionem
1650 2462 1763 2486 suam

521 2655 544 2684 3.
573 2659 616 2685 A:
649 2662 742 2691 mna,-
774 2658 813 2685 ib.
841 2658 883 2685 A:
919 2657 1090 2686 videndum.
1209 2657 1236 2684 8.
1263 2658 1291 2684 A
1318 2656 1347 2683 in
1376 2662 1489 2691 marg:
1522 2655 1604 2691 Quid
1632 2657 1673 2682 est
1700 2655 1763 2682 lux.

452 2701 490 2728 17.
513 2695 540 2720 A
561 2693 590 2720 in
613 2702 725 2728 marg:
756 2693 900 2729 Quatuor
914 2693 1124 2728 proprietates
1144 2693 1227 2719 lucis.
1249 2692 1282 2719 A.
1305 2700 1328 2719 1.
1444 2691 1489 2719 26.
1513 2691 1549 2717 B:
1571 2691 1614 2717 ad
1631 2689 1762 2717 modum.

522 2811 550 2832 2.
580 2801 679 2838 Quae
705 2800 759 2831 hic
779 2808 971 2843 sequuntur
989 2808 1021 2832 et
1040 2802 1073 2832 in
1095 2801 1321 2832 Sermonibus
1341 2799 1398 2830 LII
1419 2805 1451 2830 et
1472 2799 1553 2829 LIII.
1572 2807 1639 2829 sec.
1659 2798 1763 2839 partis

451 2847 499 2889 (p.
528 2847 726 2890 &so—392)
755 2849 921 2880 invenies.
1019 2847 1071 2879 25.
1099 2847 1151 2879 Cf.
1178 2848 1376 2886 Sermones,
1404 2846 1424 2877 1.
1450 2856 1477 2877 c.
1504 2856 1537 2887 p.
1565 2844 1640 2885 380,
1669 2845 1689 2875 l.
1711 2845 1763 2876 23.
