<?xml version="1.0" encoding="UTF-8"?>
<!DOCTYPE html PUBLIC "-//W3C//DTD XHTML 1.0 Transitional//EN"
    "http://www.w3.org/TR/xhtml1/DTD/xhtml1-transitional.dtd">
<html xmlns="http://www.w3.org/1999/xhtml" xml:lang="en" lang="en">
 <head>
  <title>
</title>
<meta http-equiv="Content-Type" content="text/html;charset=utf-8" />
  <meta name='ocr-system' content='tesseract 3.04.00' />
  <meta name='ocr-capabilities' content='ocr_page ocr_carea ocr_par ocr_line ocrx_word'/>
</head>
<body>
  <div class='ocr_page' id='page_1' title='image "./opusevangelicum12wycl_0199.png"; bbox 0 0 2003 3322; ppageno 0'>
   <div class='ocr_carea' id='block_1_1' title="bbox 180 202 983 256">
    <p class='ocr_par' dir='ltr' id='par_1_1' title="bbox 180 202 983 256">
     <span class='ocr_line' id='line_1_1' title="bbox 180 202 983 256; baseline 0.009 -18"><span class='ocrx_word' id='word_1_1' title='bbox 180 209 271 239; x_wconf 81' lang='lat' dir='ltr'>CAP.</span> <span class='ocrx_word' id='word_1_2' title='bbox 291 202 372 256; x_wconf 86' lang='lat' dir='ltr'>L11.]</span> <span class='ocrx_word' id='word_1_3' title='bbox 689 211 829 244; x_wconf 72' lang='lat' dir='ltr'>PRIMA</span> <span class='ocrx_word' id='word_1_4' title='bbox 857 213 983 244; x_wconf 81' lang='lat' dir='ltr'>PARs.</span> 
     </span>
    </p>
   </div>
   <div class='ocr_carea' id='block_1_2' title="bbox 120 317 1494 1688">
    <p class='ocr_par' dir='ltr' id='par_1_2' title="bbox 120 317 1494 1688">
     <span class='ocr_line' id='line_1_2' title="bbox 179 317 1493 368; baseline 0.001 -13"><span class='ocrx_word' id='word_1_5' title='bbox 179 318 219 355; x_wconf 92' lang='lat' dir='ltr'>in</span> <span class='ocrx_word' id='word_1_6' title='bbox 252 331 292 356; x_wconf 90' lang='lat' dir='ltr'>se</span> <span class='ocrx_word' id='word_1_7' title='bbox 324 318 425 368; x_wconf 89' lang='lat' dir='ltr'>ipso,</span> <span class='ocrx_word' id='word_1_8' title='bbox 459 317 500 354; x_wconf 93' lang='lat' dir='ltr'>in</span> <span class='ocrx_word' id='word_1_9' title='bbox 533 318 677 366; x_wconf 86' lang='lat' dir='ltr'>angelo</span> <span class='ocrx_word' id='word_1_10' title='bbox 711 326 748 355; x_wconf 88' lang='lat' dir='ltr'>et</span> <span class='ocrx_word' id='word_1_11' title='bbox 781 318 821 355; x_wconf 92' lang='lat' dir='ltr'>in</span> <span class='ocrx_word' id='word_1_12' title='bbox 854 319 993 356; x_wconf 89' lang='lat' dir='ltr'>Paulo.</span> <span class='ocrx_word' id='word_1_13' title='bbox 1040 320 1119 356; x_wconf 87' lang='lat' dir='ltr'>Sed</span> <span class='ocrx_word' id='word_1_14' title='bbox 1167 331 1257 356; x_wconf 90' lang='lat' dir='ltr'>cum</span> <span class='ocrx_word' id='word_1_15' title='bbox 1297 319 1347 356; x_wconf 92' lang='lat' dir='ltr'>sit</span> <span class='ocrx_word' id='word_1_16' title='bbox 1388 321 1493 357; x_wconf 89' lang='lat' dir='ltr'>Deus</span> 
     </span>
     <span class='ocr_line' id='line_1_3' title="bbox 181 375 1493 425; baseline 0.002 -13"><span class='ocrx_word' id='word_1_17' title='bbox 181 375 620 425; x_wconf 82' lang='lat' dir='ltr'>compendiosissimus,</span> <span class='ocrx_word' id='word_1_18' title='bbox 683 376 872 424; x_wconf 86' lang='lat' dir='ltr'>prohibet</span> <span class='ocrx_word' id='word_1_19' title='bbox 922 378 1088 413; x_wconf 91' lang='lat' dir='ltr'>verbum</span> <span class='ocrx_word' id='word_1_20' title='bbox 1151 377 1403 425; x_wconf 89' lang='lat' dir='ltr'>superfluum</span> <span class='ocrx_word' id='word_1_21' title='bbox 1457 384 1493 414; x_wconf 71' lang='lat' dir='ltr'>et</span> 
     </span>
     <span class='ocr_line' id='line_1_4' title="bbox 180 433 1492 484; baseline 0.001 -13"><span class='ocrx_word' id='word_1_22' title='bbox 180 433 363 471; x_wconf 87' lang='lat' dir='ltr'>ociosum</span> <span class='ocrx_word' id='word_1_23' title='bbox 397 443 435 471; x_wconf 90' lang='lat' dir='ltr'>et</span> <span class='ocrx_word' id='word_1_24' title='bbox 467 446 539 482; x_wconf 90' lang='lat' dir='ltr'>per</span> <span class='ocrx_word' id='word_1_25' title='bbox 572 446 822 483; x_wconf 89' lang='lat' dir='ltr'>consequens</span> <span class='ocrx_word' id='word_1_26' title='bbox 856 434 1142 473; x_wconf 87' lang='lat' dir='ltr'>iuramentum.</span> <span class='ocrx_word' id='word_1_27' title='bbox 1187 435 1360 472; x_wconf 87' lang='lat' dir='ltr'><strong>Videant</strong></span> <span class='ocrx_word' id='word_1_28' title='bbox 1398 448 1492 484; x_wconf 85' lang='lat' dir='ltr'>ergo</span> 
     </span>
     <span class='ocr_line' id='line_1_5' title="bbox 179 491 1493 541; baseline 0 -12"><span class='ocrx_word' id='word_1_29' title='bbox 179 492 375 529; x_wconf 89' lang='lat' dir='ltr'>iuratores</span> <span class='ocrx_word' id='word_1_30' title='bbox 416 493 582 528; x_wconf 91' lang='lat' dir='ltr'>modum</span> <span class='ocrx_word' id='word_1_31' title='bbox 621 505 701 541; x_wconf 91' lang='lat' dir='ltr'>quo</span> <span class='ocrx_word' id='word_1_32' title='bbox 741 491 814 528; x_wconf 90' lang='lat' dir='ltr'>iste</span> <span class='ocrx_word' id='word_1_33' title='bbox 853 501 932 530; x_wconf 92' lang='lat' dir='ltr'>tres</span> <span class='ocrx_word' id='word_1_34' title='bbox 973 505 1144 541; x_wconf 87' lang='lat' dir='ltr'>persone</span> <span class='ocrx_word' id='word_1_35' title='bbox 1188 492 1418 530; x_wconf 87' lang='lat' dir='ltr'>iuraverant</span> <span class='ocrx_word' id='word_1_36' title='bbox 1457 502 1493 530; x_wconf 94' lang='lat' dir='ltr'>et</span> 
     </span>
     <span class='ocr_line' id='line_1_6' title="bbox 148 550 1494 598; baseline 0 -11"><span class='ocrx_word' id='word_1_37' title='bbox 148 552 391 588; x_wconf 68' lang='lat' dir='ltr'>§observent</span> <span class='ocrx_word' id='word_1_38' title='bbox 422 550 535 586; x_wconf 90' lang='lat' dir='ltr'>illum</span> <span class='ocrx_word' id='word_1_39' title='bbox 569 550 685 598; x_wconf 86' lang='lat' dir='ltr'>plene</span> <span class='ocrx_word' id='word_1_40' title='bbox 716 551 778 587; x_wconf 87' lang='lat' dir='ltr'>vel</span> <span class='ocrx_word' id='word_1_41' title='bbox 809 551 998 588; x_wconf 87' lang='lat' dir='ltr'>omittant</span> <span class='ocrx_word' id='word_1_42' title='bbox 1028 550 1195 587; x_wconf 88' lang='lat' dir='ltr'>omnino</span> <span class='ocrx_word' id='word_1_43' title='bbox 1228 550 1380 596; x_wconf 88' lang='lat' dir='ltr'>iurare;</span> <span class='ocrx_word' id='word_1_44' title='bbox 1425 553 1494 587; x_wconf 90' lang='lat' dir='ltr'>sed</span> 
     </span>
     <span class='ocr_line' id='line_1_7' title="bbox 179 607 1492 658; baseline 0.001 -14"><span class='ocrx_word' id='word_1_45' title='bbox 179 607 273 657; x_wconf 86' lang='lat' dir='ltr'>quia</span> <span class='ocrx_word' id='word_1_46' title='bbox 305 607 463 645; x_wconf 88' lang='lat' dir='ltr'>videtur</span> <span class='ocrx_word' id='word_1_47' title='bbox 496 607 659 645; x_wconf 87' lang='lat' dir='ltr'>difficile</span> <span class='ocrx_word' id='word_1_48' title='bbox 692 607 812 645; x_wconf 90' lang='lat' dir='ltr'>istum</span> <span class='ocrx_word' id='word_1_49' title='bbox 847 610 1014 646; x_wconf 90' lang='lat' dir='ltr'>modum</span> <span class='ocrx_word' id='word_1_50' title='bbox 1038 609 1214 658; x_wconf 87' lang='lat' dir='ltr'>perfecte</span> <span class='ocrx_word' id='word_1_51' title='bbox 1237 621 1492 657; x_wconf 84' lang='lat' dir='ltr'>cognoscere,</span> 
     </span>
     <span class='ocr_line' id='line_1_8' title="bbox 183 665 1493 704; baseline 0.001 -2"><span class='ocrx_word' id='word_1_52' title='bbox 183 678 370 703; x_wconf 91' lang='lat' dir='ltr'>securum</span> <span class='ocrx_word' id='word_1_53' title='bbox 418 665 575 703; x_wconf 90' lang='lat' dir='ltr'>videtur</span> <span class='ocrx_word' id='word_1_54' title='bbox 619 665 834 703; x_wconf 89' lang='lat' dir='ltr'>consilium</span> <span class='ocrx_word' id='word_1_55' title='bbox 878 679 952 704; x_wconf 90' lang='lat' dir='ltr'>nos</span> <span class='ocrx_word' id='word_1_56' title='bbox 997 679 1020 704; x_wconf 86' lang='lat' dir='ltr'>a</span> <span class='ocrx_word' id='word_1_57' title='bbox 1064 666 1302 704; x_wconf 87' lang='lat' dir='ltr'>iuramentis</span> <span class='ocrx_word' id='word_1_58' title='bbox 1346 666 1493 704; x_wconf 88' lang='lat' dir='ltr'>talibus</span> 
     </span>
     <span class='ocr_line' id='line_1_9' title="bbox 178 723 691 772; baseline 0.002 -12"><span class='ocrx_word' id='word_1_59' title='bbox 178 723 416 772; x_wconf 87' lang='lat' dir='ltr'>simpliciter</span> <span class='ocrx_word' id='word_1_60' title='bbox 448 735 691 772; x_wconf 85' lang='lat' dir='ltr'>preservare.</span> 
     </span>
     <span class='ocr_line' id='line_1_10' title="bbox 235 781 1492 831; baseline 0 -13"><span class='ocrx_word' id='word_1_61' title='bbox 235 781 315 818; x_wconf 89' lang='lat' dir='ltr'>Alii</span> <span class='ocrx_word' id='word_1_62' title='bbox 360 790 494 818; x_wconf 90' lang='lat' dir='ltr'>autem</span> <span class='ocrx_word' id='word_1_63' title='bbox 540 791 631 818; x_wconf 89' lang='lat' dir='ltr'>sunt</span> <span class='ocrx_word' id='word_1_64' title='bbox 677 782 787 819; x_wconf 88' lang='lat' dir='ltr'>modi</span> <span class='ocrx_word' id='word_1_65' title='bbox 826 783 873 819; x_wconf 90' lang='lat' dir='ltr'>de</span> <span class='ocrx_word' id='word_1_66' title='bbox 914 782 1059 831; x_wconf 89' lang='lat' dir='ltr'>quibus</span> <span class='ocrx_word' id='word_1_67' title='bbox 1099 783 1264 831; x_wconf 88' lang='lat' dir='ltr'>quidam</span> <span class='ocrx_word' id='word_1_68' title='bbox 1306 781 1492 819; x_wconf 88' lang='lat' dir='ltr'>dubitant</span> 
     </span>
     <span class='ocr_line' id='line_1_11' title="bbox 127 839 1492 891; baseline 0 -15"><span class='ocrx_word' id='word_1_69' title='bbox 127 855 164 876; x_wconf 89' lang='grc' dir='ltr'>ιο</span> <span class='ocrx_word' id='word_1_70' title='bbox 177 848 314 876; x_wconf 87' lang='lat' dir='ltr'>utrum</span> <span class='ocrx_word' id='word_1_71' title='bbox 348 848 439 876; x_wconf 86' lang='lat' dir='ltr'>sunt</span> <span class='ocrx_word' id='word_1_72' title='bbox 471 839 712 891; x_wconf 78' lang='lat' dir='ltr'>iuramenta,</span> <span class='ocrx_word' id='word_1_73' title='bbox 745 849 788 876; x_wconf 93' lang='lat' dir='ltr'>ut</span> <span class='ocrx_word' id='word_1_74' title='bbox 822 841 983 888; x_wconf 88' lang='lat' dir='ltr'>quando</span> <span class='ocrx_word' id='word_1_75' title='bbox 1008 839 1189 877; x_wconf 89' lang='lat' dir='ltr'>Christus</span> <span class='ocrx_word' id='word_1_76' title='bbox 1213 839 1327 877; x_wconf 86' lang='lat' dir='ltr'>dixit:</span> <span class='ocrx_word' id='word_1_77' title='bbox 1357 841 1492 887; x_wconf 88' lang='lat' dir='ltr'>Amen,</span> 
     </span>
     <span class='ocr_line' id='line_1_12' title="bbox 176 897 1492 946; baseline 0.001 -13"><span class='ocrx_word' id='word_1_78' title='bbox 176 898 296 934; x_wconf 86' lang='lat' dir='ltr'>Amen</span> <span class='ocrx_word' id='word_1_79' title='bbox 331 898 414 934; x_wconf 89' lang='lat' dir='ltr'>dico</span> <span class='ocrx_word' id='word_1_80' title='bbox 448 898 552 935; x_wconf 81' lang='lat' dir='ltr'>vobis</span> <span class='ocrx_word' id='word_1_81' title='bbox 582 899 644 935; x_wconf 92' lang='lat' dir='ltr'>vel</span> <span class='ocrx_word' id='word_1_82' title='bbox 675 897 752 935; x_wconf 89' lang='lat' dir='ltr'>sibi</span> <span class='ocrx_word' id='word_1_83' title='bbox 785 898 936 946; x_wconf 83' lang='lat' dir='ltr'>simile3</span> <span class='ocrx_word' id='word_1_84' title='bbox 985 900 1054 935; x_wconf 91' lang='lat' dir='ltr'>sed</span> <span class='ocrx_word' id='word_1_85' title='bbox 1087 898 1167 936; x_wconf 91' lang='lat' dir='ltr'>sive</span> <span class='ocrx_word' id='word_1_86' title='bbox 1199 899 1277 935; x_wconf 83' lang='lat' dir='ltr'>tale</span> <span class='ocrx_word' id='word_1_87' title='bbox 1304 898 1354 934; x_wconf 90' lang='lat' dir='ltr'>sit</span> <span class='ocrx_word' id='word_1_88' title='bbox 1386 898 1492 935; x_wconf 88' lang='lat' dir='ltr'>iura-</span> 
     </span>
     <span class='ocr_line' id='line_1_13' title="bbox 177 955 1491 1005; baseline 0 -13"><span class='ocrx_word' id='word_1_89' title='bbox 177 964 358 992; x_wconf 87' lang='lat' dir='ltr'>mentum</span> <span class='ocrx_word' id='word_1_90' title='bbox 412 955 493 993; x_wconf 89' lang='lat' dir='ltr'>sive</span> <span class='ocrx_word' id='word_1_91' title='bbox 545 956 713 1004; x_wconf 86' lang='lat' dir='ltr'>simplex</span> <span class='ocrx_word' id='word_1_92' title='bbox 764 956 1054 1005; x_wconf 90' lang='lat' dir='ltr'>pronunciacio</span> <span class='ocrx_word' id='word_1_93' title='bbox 1100 956 1293 1003; x_wconf 83' lang='lat' dir='ltr'>veritatis,</span> <span class='ocrx_word' id='word_1_94' title='bbox 1355 956 1491 993; x_wconf 88' lang='lat' dir='ltr'>videat</span> 
     </span>
     <span class='ocr_line' id='line_1_14' title="bbox 177 1013 1492 1062; baseline 0 -12"><span class='ocrx_word' id='word_1_95' title='bbox 177 1013 306 1050; x_wconf 91' lang='lat' dir='ltr'>fidelis</span> <span class='ocrx_word' id='word_1_96' title='bbox 345 1013 377 1050; x_wconf 91' lang='lat' dir='ltr'>si</span> <span class='ocrx_word' id='word_1_97' title='bbox 417 1022 549 1062; x_wconf 91' lang='lat' dir='ltr'>potest</span> <span class='ocrx_word' id='word_1_98' title='bbox 589 1016 696 1062; x_wconf 92' lang='lat' dir='ltr'>quod</span> <span class='ocrx_word' id='word_1_99' title='bbox 735 1022 863 1051; x_wconf 91' lang='lat' dir='ltr'>servet</span> <span class='ocrx_word' id='word_1_100' title='bbox 902 1014 1065 1062; x_wconf 88' lang='lat' dir='ltr'>plenam</span> <span class='ocrx_word' id='word_1_101' title='bbox 1105 1013 1413 1051; x_wconf 88' lang='lat' dir='ltr'>similitudinem</span> <span class='ocrx_word' id='word_1_102' title='bbox 1455 1022 1492 1051; x_wconf 91' lang='lat' dir='ltr'>et</span> 
     </span>
     <span class='ocr_line' id='line_1_15' title="bbox 177 1071 1490 1121; baseline 0.001 -14"><span class='ocrx_word' id='word_1_103' title='bbox 177 1071 279 1108; x_wconf 89' lang='lat' dir='ltr'>iuret</span> <span class='ocrx_word' id='word_1_104' title='bbox 302 1084 440 1108; x_wconf 89' lang='lat' dir='ltr'>secure</span> <span class='ocrx_word' id='word_1_105' title='bbox 464 1072 725 1110; x_wconf 86' lang='lat' dir='ltr'>conformiter</span> <span class='ocrx_word' id='word_1_106' title='bbox 748 1072 951 1121; x_wconf 88' lang='lat' dir='ltr'>superflue</span> <span class='ocrx_word' id='word_1_107' title='bbox 975 1085 1057 1109; x_wconf 86' lang='lat' dir='ltr'>non</span> <span class='ocrx_word' id='word_1_108' title='bbox 1080 1073 1287 1109; x_wconf 88' lang='lat' dir='ltr'>excedens.</span> <span class='ocrx_word' id='word_1_109' title='bbox 1315 1071 1490 1109; x_wconf 89' lang='lat' dir='ltr'>Ulterius</span> 
     </span>
     <span class='ocr_line' id='line_1_16' title="bbox 125 1128 1490 1178; baseline 0.001 -13"><span class='ocrx_word' id='word_1_110' title='bbox 125 1145 160 1178; x_wconf 75' lang='lat'>15</span> <span class='ocrx_word' id='word_1_111' title='bbox 176 1128 335 1166; x_wconf 87' lang='lat' dir='ltr'>videtur</span> <span class='ocrx_word' id='word_1_112' title='bbox 367 1130 476 1178; x_wconf 90' lang='lat' dir='ltr'>quod</span> <span class='ocrx_word' id='word_1_113' title='bbox 514 1130 646 1166; x_wconf 89' lang='lat' dir='ltr'>omnis</span> <span class='ocrx_word' id='word_1_114' title='bbox 685 1131 808 1167; x_wconf 89' lang='lat' dir='ltr'>horno</span> <span class='ocrx_word' id='word_1_115' title='bbox 847 1138 904 1167; x_wconf 90' lang='lat' dir='ltr'>est</span> <span class='ocrx_word' id='word_1_116' title='bbox 937 1131 1021 1167; x_wconf 89' lang='lat' dir='ltr'>Deo</span> <span class='ocrx_word' id='word_1_117' title='bbox 1055 1129 1294 1167; x_wconf 86' lang='lat' dir='ltr'>naturaliter</span> <span class='ocrx_word' id='word_1_118' title='bbox 1337 1130 1490 1166; x_wconf 87' lang='lat' dir='ltr'>iuratus</span> 
     </span>
     <span class='ocr_line' id='line_1_17' title="bbox 176 1186 1490 1237; baseline 0.001 -14"><span class='ocrx_word' id='word_1_119' title='bbox 176 1187 216 1223; x_wconf 94' lang='lat' dir='ltr'>in</span> <span class='ocrx_word' id='word_1_120' title='bbox 249 1186 449 1236; x_wconf 90' lang='lat' dir='ltr'>principio</span> <span class='ocrx_word' id='word_1_121' title='bbox 482 1196 525 1224; x_wconf 92' lang='lat' dir='ltr'>ut</span> <span class='ocrx_word' id='word_1_122' title='bbox 557 1187 703 1225; x_wconf 86' lang='lat' dir='ltr'>serviat</span> <span class='ocrx_word' id='word_1_123' title='bbox 744 1187 819 1225; x_wconf 92' lang='lat' dir='ltr'>sibi</span> <span class='ocrx_word' id='word_1_124' title='bbox 857 1188 1044 1235; x_wconf 84' lang='lat' dir='ltr'>fideliter,</span> <span class='ocrx_word' id='word_1_125' title='bbox 1085 1201 1107 1225; x_wconf 91' lang='lat' dir='ltr'>a</span> <span class='ocrx_word' id='word_1_126' title='bbox 1146 1201 1226 1237; x_wconf 90' lang='lat' dir='ltr'>quo</span> <span class='ocrx_word' id='word_1_127' title='bbox 1265 1187 1490 1225; x_wconf 89' lang='lat' dir='ltr'>deficiendo</span> 
     </span>
     <span class='ocr_line' id='line_1_18' title="bbox 176 1245 1488 1295; baseline 0.001 -14"><span class='ocrx_word' id='word_1_128' title='bbox 176 1245 346 1282; x_wconf 88' lang='lat' dir='ltr'>incurrit</span> <span class='ocrx_word' id='word_1_129' title='bbox 368 1245 589 1293; x_wconf 88' lang='lat' dir='ltr'>periurium</span> <span class='ocrx_word' id='word_1_130' title='bbox 618 1245 718 1283; x_wconf 91' lang='lat' dir='ltr'>sicut</span> <span class='ocrx_word' id='word_1_131' title='bbox 740 1246 877 1283; x_wconf 89' lang='lat' dir='ltr'>iurans</span> <span class='ocrx_word' id='word_1_132' title='bbox 901 1248 950 1283; x_wconf 87' lang='lat' dir='ltr'>ad</span> <span class='ocrx_word' id='word_1_133' title='bbox 975 1247 1261 1295; x_wconf 88' lang='lat' dir='ltr'>quodcumque</span> <span class='ocrx_word' id='word_1_134' title='bbox 1290 1245 1488 1293; x_wconf 85' lang='lat' dir='ltr'>illicitum,</span> 
     </span>
     <span class='ocr_line' id='line_1_19' title="bbox 177 1303 1489 1352; baseline 0.001 -13"><span class='ocrx_word' id='word_1_135' title='bbox 177 1315 267 1339; x_wconf 90' lang='lat' dir='ltr'>cum</span> <span class='ocrx_word' id='word_1_136' title='bbox 301 1303 411 1351; x_wconf 90' lang='lat' dir='ltr'>prius</span> <span class='ocrx_word' id='word_1_137' title='bbox 444 1303 495 1340; x_wconf 89' lang='lat' dir='ltr'>sit</span> <span class='ocrx_word' id='word_1_138' title='bbox 527 1303 682 1341; x_wconf 85' lang='lat' dir='ltr'>iuratus</span> <span class='ocrx_word' id='word_1_139' title='bbox 715 1306 800 1341; x_wconf 91' lang='lat' dir='ltr'>Deo</span> <span class='ocrx_word' id='word_1_140' title='bbox 839 1305 889 1341; x_wconf 88' lang='lat' dir='ltr'>ad</span> <span class='ocrx_word' id='word_1_141' title='bbox 928 1304 1012 1341; x_wconf 90' lang='lat' dir='ltr'>eius</span> <span class='ocrx_word' id='word_1_142' title='bbox 1057 1304 1304 1352; x_wconf 87' lang='lat' dir='ltr'>oppositum.</span> <span class='ocrx_word' id='word_1_143' title='bbox 1357 1305 1406 1340; x_wconf 89' lang='lat' dir='ltr'>Et</span> <span class='ocrx_word' id='word_1_144' title='bbox 1445 1316 1489 1340; x_wconf 83' lang='lat' dir='ltr'>ex</span> 
     </span>
     <span class='ocr_line' id='line_1_20' title="bbox 176 1360 1489 1410; baseline 0.001 -13"><span class='ocrx_word' id='word_1_145' title='bbox 176 1360 252 1397; x_wconf 92' lang='lat' dir='ltr'>isto</span> <span class='ocrx_word' id='word_1_146' title='bbox 285 1361 443 1398; x_wconf 87' lang='lat' dir='ltr'>videtur</span> <span class='ocrx_word' id='word_1_147' title='bbox 474 1364 583 1409; x_wconf 90' lang='lat' dir='ltr'>quod</span> <span class='ocrx_word' id='word_1_148' title='bbox 620 1371 801 1399; x_wconf 85' lang='lat' dir='ltr'>exactum</span> <span class='ocrx_word' id='word_1_149' title='bbox 835 1361 1109 1399; x_wconf 87' lang='lat' dir='ltr'>iuramentum</span> <span class='ocrx_word' id='word_1_150' title='bbox 1142 1361 1194 1398; x_wconf 92' lang='lat' dir='ltr'>sit</span> <span class='ocrx_word' id='word_1_151' title='bbox 1226 1374 1319 1410; x_wconf 91' lang='lat' dir='ltr'>sepe</span> <span class='ocrx_word' id='word_1_152' title='bbox 1352 1374 1489 1410; x_wconf 88' lang='lat' dir='ltr'>super-</span> 
     </span>
     <span class='ocr_line' id='line_1_21' title="bbox 120 1418 1488 1469; baseline 0.001 -14"><span class='ocrx_word' id='word_1_153' title='bbox 120 1445 162 1466; x_wconf 79' lang='lat'>20</span> <span class='ocrx_word' id='word_1_154' title='bbox 176 1418 302 1455; x_wconf 91' lang='lat' dir='ltr'>fluum</span> <span class='ocrx_word' id='word_1_155' title='bbox 337 1428 374 1456; x_wconf 89' lang='lat' dir='ltr'>et</span> <span class='ocrx_word' id='word_1_156' title='bbox 397 1420 505 1468; x_wconf 91' lang='lat' dir='ltr'>quod</span> <span class='ocrx_word' id='word_1_157' title='bbox 537 1419 704 1457; x_wconf 90' lang='lat' dir='ltr'>omnino</span> <span class='ocrx_word' id='word_1_158' title='bbox 737 1420 840 1457; x_wconf 90' lang='lat' dir='ltr'>foret</span> <span class='ocrx_word' id='word_1_159' title='bbox 872 1420 1043 1457; x_wconf 91' lang='lat' dir='ltr'>stolidus</span> <span class='ocrx_word' id='word_1_160' title='bbox 1066 1419 1135 1469; x_wconf 90' lang='lat' dir='ltr'>qui</span> <span class='ocrx_word' id='word_1_161' title='bbox 1168 1419 1319 1457; x_wconf 88' lang='lat' dir='ltr'>iuraret</span> <span class='ocrx_word' id='word_1_162' title='bbox 1351 1419 1488 1456; x_wconf 90' lang='lat' dir='ltr'>illicite</span> 
     </span>
     <span class='ocr_line' id='line_1_22' title="bbox 177 1477 1489 1527; baseline 0.001 -14"><span class='ocrx_word' id='word_1_163' title='bbox 177 1485 214 1513; x_wconf 90' lang='lat' dir='ltr'>et</span> <span class='ocrx_word' id='word_1_164' title='bbox 260 1477 416 1514; x_wconf 88' lang='lat' dir='ltr'>laboret</span> <span class='ocrx_word' id='word_1_165' title='bbox 460 1478 659 1525; x_wconf 88' lang='lat' dir='ltr'>posterius</span> <span class='ocrx_word' id='word_1_166' title='bbox 704 1479 754 1515; x_wconf 88' lang='lat' dir='ltr'>ad</span> <span class='ocrx_word' id='word_1_167' title='bbox 799 1479 1142 1527; x_wconf 87' lang='lat' dir='ltr'>complementum</span> <span class='ocrx_word' id='word_1_168' title='bbox 1205 1478 1296 1515; x_wconf 85' lang='lat' dir='ltr'>talis</span> <span class='ocrx_word' id='word_1_169' title='bbox 1358 1477 1489 1514; x_wconf 91' lang='lat' dir='ltr'>illiciti</span> 
     </span>
     <span class='ocr_line' id='line_1_23' title="bbox 175 1534 1489 1574; baseline 0.001 -3"><span class='ocrx_word' id='word_1_170' title='bbox 175 1534 405 1572; x_wconf 88' lang='lat' dir='ltr'>iuramenti.</span> <span class='ocrx_word' id='word_1_171' title='bbox 460 1536 569 1572; x_wconf 91' lang='lat' dir='ltr'>Idem</span> <span class='ocrx_word' id='word_1_172' title='bbox 609 1536 715 1573; x_wconf 91' lang='lat' dir='ltr'>enim</span> <span class='ocrx_word' id='word_1_173' title='bbox 756 1536 858 1574; x_wconf 92' lang='lat' dir='ltr'>foret</span> <span class='ocrx_word' id='word_1_174' title='bbox 898 1549 944 1573; x_wconf 87' lang='lat' dir='ltr'>ac</span> <span class='ocrx_word' id='word_1_175' title='bbox 983 1536 1015 1573; x_wconf 90' lang='lat' dir='ltr'>si</span> <span class='ocrx_word' id='word_1_176' title='bbox 1057 1536 1263 1573; x_wconf 84' lang='lat' dir='ltr'>diabolum</span> <span class='ocrx_word' id='word_1_177' title='bbox 1302 1536 1344 1573; x_wconf 93' lang='lat' dir='ltr'>in</span> <span class='ocrx_word' id='word_1_178' title='bbox 1382 1535 1489 1572; x_wconf 84' lang='lat' dir='ltr'>falsi-</span> 
     </span>
     <span class='ocr_line' id='line_1_24' title="bbox 174 1592 1487 1643; baseline 0 -14"><span class='ocrx_word' id='word_1_179' title='bbox 174 1592 323 1629; x_wconf 88' lang='lat' dir='ltr'>tatibus</span> <span class='ocrx_word' id='word_1_180' title='bbox 355 1593 444 1642; x_wconf 93' lang='lat' dir='ltr'>plus</span> <span class='ocrx_word' id='word_1_181' title='bbox 479 1594 626 1631; x_wconf 86' lang='lat' dir='ltr'>coleret</span> <span class='ocrx_word' id='word_1_182' title='bbox 659 1607 781 1643; x_wconf 90' lang='lat' dir='ltr'>quam</span> <span class='ocrx_word' id='word_1_183' title='bbox 814 1594 854 1630; x_wconf 90' lang='lat' dir='ltr'>in</span> <span class='ocrx_word' id='word_1_184' title='bbox 887 1594 1115 1631; x_wconf 87' lang='lat' dir='ltr'>iuramento</span> <span class='ocrx_word' id='word_1_185' title='bbox 1155 1594 1329 1631; x_wconf 86' lang='lat' dir='ltr'>naturali</span> <span class='ocrx_word' id='word_1_186' title='bbox 1362 1593 1487 1642; x_wconf 89' lang='lat' dir='ltr'>priori</span> 
     </span>
     <span class='ocr_line' id='line_1_25' title="bbox 174 1651 647 1688; baseline 0.002 -1"><span class='ocrx_word' id='word_1_187' title='bbox 174 1651 323 1688; x_wconf 89' lang='lat' dir='ltr'>coleret</span> <span class='ocrx_word' id='word_1_188' title='bbox 356 1653 483 1688; x_wconf 90' lang='lat' dir='ltr'>Deum</span> <span class='ocrx_word' id='word_1_189' title='bbox 518 1664 647 1688; x_wconf 91' lang='lat' dir='ltr'>suum.</span> 
     </span>
    </p>
   </div>
   <div class='ocr_carea' id='block_1_3' title="bbox 116 1799 968 1850">
    <p class='ocr_par' dir='ltr' id='par_1_3' title="bbox 116 1799 968 1850">
     <span class='ocr_line' id='line_1_26' title="bbox 116 1799 968 1850; baseline 0 -10"><span class='ocrx_word' id='word_1_190' title='bbox 116 1817 155 1850; x_wconf 75' lang='lat'>25</span> <span class='ocrx_word' id='word_1_191' title='bbox 699 1799 838 1842; x_wconf 75' lang='lat' dir='ltr'>CAR</span> <span class='ocrx_word' id='word_1_192' title='bbox 869 1799 968 1841; x_wconf 83' lang='lat' dir='ltr'>LII.</span> 
     </span>
    </p>
   </div>
   <div class='ocr_carea' id='block_1_4' title="bbox 115 1893 1490 2523">
    <p class='ocr_par' dir='ltr' id='par_1_4' title="bbox 172 1893 1490 2118">
     <span class='ocr_line' id='line_1_27' title="bbox 230 1893 1487 1944; baseline 0 -14"><span class='ocrx_word' id='word_1_193' title='bbox 230 1894 418 1943; x_wconf 85' lang='lat' dir='ltr'>Sequitur</span> <span class='ocrx_word' id='word_1_194' title='bbox 456 1893 497 1931; x_wconf 89' lang='lat' dir='ltr'>in</span> <span class='ocrx_word' id='word_1_195' title='bbox 529 1902 636 1931; x_wconf 87' lang='lat' dir='ltr'>textu</span> <span class='ocrx_word' id='word_1_196' title='bbox 672 1894 883 1943; x_wconf 83' lang='lat' dir='ltr'>evangelii:</span> <span class='ocrx_word' id='word_1_197' title='bbox 923 1894 1095 1932; x_wconf 84' lang='lat' dir='ltr'>Audistis</span> <span class='ocrx_word' id='word_1_198' title='bbox 1122 1895 1208 1944; x_wconf 82' lang='lat' dir='ltr'>quia</span> <span class='ocrx_word' id='word_1_199' title='bbox 1239 1895 1380 1931; x_wconf 87' lang='lat' dir='ltr'>dictum</span> <span class='ocrx_word' id='word_1_200' title='bbox 1414 1902 1487 1931; x_wconf 86' lang='lat' dir='ltr'>est:</span> 
     </span>
     <span class='ocr_line' id='line_1_28' title="bbox 178 1952 1488 2003; baseline 0 -15"><span class='ocrx_word' id='word_1_201' title='bbox 178 1952 340 1988; x_wconf 85' lang='lat' dir='ltr'>Oculum</span> <span class='ocrx_word' id='word_1_202' title='bbox 367 1965 444 2002; x_wconf 83' lang='lat' dir='ltr'>pro</span> <span class='ocrx_word' id='word_1_203' title='bbox 477 1953 587 1989; x_wconf 90' lang='lat' dir='ltr'>oculo</span> <span class='ocrx_word' id='word_1_204' title='bbox 619 1960 654 1989; x_wconf 90' lang='lat' dir='ltr'>et</span> <span class='ocrx_word' id='word_1_205' title='bbox 686 1953 835 1989; x_wconf 86' lang='lat' dir='ltr'>dentem</span> <span class='ocrx_word' id='word_1_206' title='bbox 863 1965 940 2002; x_wconf 80' lang='lat' dir='ltr'>pro</span> <span class='ocrx_word' id='word_1_207' title='bbox 964 1953 1086 1991; x_wconf 88' lang='lat' dir='ltr'>dente.</span> <span class='ocrx_word' id='word_1_208' title='bbox 1119 1952 1211 2003; x_wconf 79' lang='lat' dir='ltr'>Ego</span> <span class='ocrx_word' id='word_1_209' title='bbox 1242 1960 1370 1989; x_wconf 88' lang='lat' dir='ltr'>autem</span> <span class='ocrx_word' id='word_1_210' title='bbox 1404 1953 1488 1988; x_wconf 87' lang='lat' dir='ltr'>dico</span> 
     </span>
     <span class='ocr_line' id='line_1_29' title="bbox 172 2010 1487 2060; baseline 0 -14"><span class='ocrx_word' id='word_1_211' title='bbox 172 2010 278 2046; x_wconf 81' lang='lat' dir='ltr'>vobis</span> <span class='ocrx_word' id='word_1_212' title='bbox 322 2022 394 2046; x_wconf 87' lang='lat' dir='ltr'>non</span> <span class='ocrx_word' id='word_1_213' title='bbox 442 2010 621 2047; x_wconf 80' lang='lat' dir='ltr'>resistere</span> <span class='ocrx_word' id='word_1_214' title='bbox 667 2011 783 2057; x_wconf 85' lang='lat' dir='ltr'>malo,</span> <span class='ocrx_word' id='word_1_215' title='bbox 827 2011 896 2047; x_wconf 87' lang='lat' dir='ltr'>sed</span> <span class='ocrx_word' id='word_1_216' title='bbox 932 2010 965 2046; x_wconf 90' lang='lat' dir='ltr'>si</span> <span class='ocrx_word' id='word_1_217' title='bbox 1002 2011 1085 2059; x_wconf 85' lang='lat' dir='ltr'>quis</span> <span class='ocrx_word' id='word_1_218' title='bbox 1116 2018 1152 2047; x_wconf 92' lang='lat' dir='ltr'>te</span> <span class='ocrx_word' id='word_1_219' title='bbox 1178 2010 1421 2060; x_wconf 84' lang='lat' dir='ltr'>percusserit</span> <span class='ocrx_word' id='word_1_220' title='bbox 1452 2011 1487 2046; x_wconf 85' lang='lat' dir='ltr'>in</span> 
     </span>
     <span class='ocr_line' id='line_1_30' title="bbox 172 2068 1490 2118; baseline 0 -14"><span class='ocrx_word' id='word_1_221' title='bbox 172 2068 376 2104; x_wconf 86' lang='lat' dir='ltr'>dexteram</span> <span class='ocrx_word' id='word_1_222' title='bbox 410 2068 613 2105; x_wconf 84' lang='lat' dir='ltr'>maxillam</span> <span class='ocrx_word' id='word_1_223' title='bbox 646 2075 765 2112; x_wconf 84' lang='lat' dir='ltr'>tuam,</span> <span class='ocrx_word' id='word_1_224' title='bbox 792 2069 914 2118; x_wconf 81' lang='lat' dir='ltr'>prebe</span> <span class='ocrx_word' id='word_1_225' title='bbox 941 2068 1000 2104; x_wconf 89' lang='lat' dir='ltr'>illi</span> <span class='ocrx_word' id='word_1_226' title='bbox 1019 2075 1055 2104; x_wconf 90' lang='lat' dir='ltr'>et</span> <span class='ocrx_word' id='word_1_227' title='bbox 1075 2068 1264 2113; x_wconf 87' lang='lat' dir='ltr'>alteram;</span> <span class='ocrx_word' id='word_1_228' title='bbox 1295 2076 1330 2104; x_wconf 92' lang='lat' dir='ltr'>et</span> <span class='ocrx_word' id='word_1_229' title='bbox 1361 2068 1396 2104; x_wconf 88' lang='lat' dir='ltr'>ei</span> <span class='ocrx_word' id='word_1_230' title='bbox 1426 2069 1490 2117; x_wconf 86' lang='lat' dir='ltr'>qui</span> 
     </span>
    </p>

    <p class='ocr_par' dir='ltr' id='par_1_5' title="bbox 116 2126 1488 2346">
     <span class='ocr_line' id='line_1_31' title="bbox 116 2126 1485 2174; baseline 0.001 -13"><span class='ocrx_word' id='word_1_231' title='bbox 116 2142 157 2174; x_wconf 80' lang='lat'>30</span> <span class='ocrx_word' id='word_1_232' title='bbox 173 2126 253 2161; x_wconf 79' lang='lat' dir='ltr'>vult</span> <span class='ocrx_word' id='word_1_233' title='bbox 284 2133 406 2162; x_wconf 85' lang='lat' dir='ltr'>tecum</span> <span class='ocrx_word' id='word_1_234' title='bbox 439 2126 475 2162; x_wconf 87' lang='lat' dir='ltr'>t&#39;n</span> <span class='ocrx_word' id='word_1_235' title='bbox 508 2126 646 2162; x_wconf 87' lang='lat' dir='ltr'>iudicio</span> <span class='ocrx_word' id='word_1_236' title='bbox 679 2126 908 2162; x_wconf 85' lang='lat' dir='ltr'>contendere</span> <span class='ocrx_word' id='word_1_237' title='bbox 940 2133 974 2162; x_wconf 90' lang='lat' dir='ltr'>et</span> <span class='ocrx_word' id='word_1_238' title='bbox 1008 2126 1174 2162; x_wconf 83' lang='lat' dir='ltr'>tunicam</span> <span class='ocrx_word' id='word_1_239' title='bbox 1198 2133 1303 2162; x_wconf 86' lang='lat' dir='ltr'>tuam</span> <span class='ocrx_word' id='word_1_240' title='bbox 1336 2126 1485 2171; x_wconf 84' lang='lat' dir='ltr'>tollere,</span> 
     </span>
     <span class='ocr_line' id='line_1_32' title="bbox 172 2183 1488 2234; baseline 0 -15"><span class='ocrx_word' id='word_1_241' title='bbox 172 2183 319 2220; x_wconf 84' lang='lat' dir='ltr'>dimitte</span> <span class='ocrx_word' id='word_1_242' title='bbox 350 2184 385 2219; x_wconf 85' lang='lat' dir='ltr'>ei</span> <span class='ocrx_word' id='word_1_243' title='bbox 414 2191 449 2220; x_wconf 91' lang='lat' dir='ltr'>et</span> <span class='ocrx_word' id='word_1_244' title='bbox 474 2184 653 2233; x_wconf 85' lang='lat' dir='ltr'>pallium.</span> <span class='ocrx_word' id='word_1_245' title='bbox 692 2184 745 2220; x_wconf 90' lang='lat' dir='ltr'>Et</span> <span class='ocrx_word' id='word_1_246' title='bbox 780 2184 991 2233; x_wconf 83' lang='lat' dir='ltr'>quicunque</span> <span class='ocrx_word' id='word_1_247' title='bbox 1017 2191 1053 2220; x_wconf 89' lang='lat' dir='ltr'>te</span> <span class='ocrx_word' id='word_1_248' title='bbox 1079 2184 1352 2234; x_wconf 81' lang='lat' dir='ltr'>angariaverit</span> <span class='ocrx_word' id='word_1_249' title='bbox 1383 2184 1488 2219; x_wconf 86' lang='lat' dir='ltr'>mille</span> 
     </span>
     <span class='ocr_line' id='line_1_33' title="bbox 166 2242 1485 2291; baseline 0.002 -15"><span class='ocrx_word' id='word_1_250' title='bbox 166 2253 319 2290; x_wconf 84' lang='lat' dir='ltr'>passus,</span> <span class='ocrx_word' id='word_1_251' title='bbox 354 2242 451 2277; x_wconf 88' lang='lat' dir='ltr'>vade</span> <span class='ocrx_word' id='word_1_252' title='bbox 482 2254 566 2277; x_wconf 88' lang='lat' dir='ltr'>cum</span> <span class='ocrx_word' id='word_1_253' title='bbox 600 2242 666 2278; x_wconf 90' lang='lat' dir='ltr'>illo</span> <span class='ocrx_word' id='word_1_254' title='bbox 699 2249 734 2278; x_wconf 91' lang='lat' dir='ltr'>et</span> <span class='ocrx_word' id='word_1_255' title='bbox 764 2242 841 2278; x_wconf 86' lang='lat' dir='ltr'>alia</span> <span class='ocrx_word' id='word_1_256' title='bbox 875 2242 962 2279; x_wconf 90' lang='lat' dir='ltr'>duo.</span> <span class='ocrx_word' id='word_1_257' title='bbox 1003 2242 1079 2286; x_wconf 81' lang='lat' dir='ltr'>Qui</span> <span class='ocrx_word' id='word_1_258' title='bbox 1108 2249 1235 2278; x_wconf 86' lang='lat' dir='ltr'>autem</span> <span class='ocrx_word' id='word_1_259' title='bbox 1255 2242 1352 2291; x_wconf 84' lang='lat' dir='ltr'>petit</span> <span class='ocrx_word' id='word_1_260' title='bbox 1383 2254 1405 2277; x_wconf 85' lang='lat' dir='ltr'>a</span> <span class='ocrx_word' id='word_1_261' title='bbox 1438 2249 1485 2284; x_wconf 89' lang='lat' dir='ltr'>te,</span> 
     </span>
     <span class='ocr_line' id='line_1_34' title="bbox 172 2299 1188 2346; baseline 0.001 -12"><span class='ocrx_word' id='word_1_262' title='bbox 172 2299 220 2334; x_wconf 88' lang='lat' dir='ltr'>da</span> <span class='ocrx_word' id='word_1_263' title='bbox 253 2299 298 2344; x_wconf 89' lang='lat' dir='ltr'>ei,</span> <span class='ocrx_word' id='word_1_264' title='bbox 331 2306 366 2335; x_wconf 89' lang='lat' dir='ltr'>et</span> <span class='ocrx_word' id='word_1_265' title='bbox 397 2299 540 2335; x_wconf 81' lang='lat' dir='ltr'>volenti</span> <span class='ocrx_word' id='word_1_266' title='bbox 569 2300 742 2335; x_wconf 82' lang='lat' dir='ltr'>mutuari</span> <span class='ocrx_word' id='word_1_267' title='bbox 770 2312 791 2335; x_wconf 86' lang='lat' dir='ltr'>a</span> <span class='ocrx_word' id='word_1_268' title='bbox 824 2307 872 2346; x_wconf 86' lang='lat' dir='ltr'>te,</span> <span class='ocrx_word' id='word_1_269' title='bbox 905 2311 949 2335; x_wconf 90' lang='lat' dir='ltr'>ne</span> <span class='ocrx_word' id='word_1_270' title='bbox 980 2300 1188 2339; x_wconf 82' lang='lat' dir='ltr'>avertaris.</span> 
     </span>
    </p>

    <p class='ocr_par' dir='ltr' id='par_1_6' title="bbox 229 2357 1484 2405">
     <span class='ocr_line' id='line_1_35' title="bbox 229 2357 1484 2405; baseline 0.001 -12"><span class='ocrx_word' id='word_1_271' title='bbox 229 2358 357 2404; x_wconf 89' lang='lat' dir='ltr'>Super</span> <span class='ocrx_word' id='word_1_272' title='bbox 389 2369 469 2405; x_wconf 90' lang='lat' dir='ltr'>quo</span> <span class='ocrx_word' id='word_1_273' title='bbox 501 2357 767 2405; x_wconf 84' lang='lat' dir='ltr'>Augustinus:</span> <span class='ocrx_word' id='word_1_274' title='bbox 792 2357 1071 2393; x_wconf 84' lang='lat' dir='ltr'>Phariseorum</span> <span class='ocrx_word' id='word_1_275' title='bbox 1095 2357 1243 2394; x_wconf 85' lang='lat' dir='ltr'>iusticia</span> <span class='ocrx_word' id='word_1_276' title='bbox 1267 2357 1395 2393; x_wconf 86' lang='lat' dir='ltr'>minor</span> <span class='ocrx_word' id='word_1_277' title='bbox 1416 2365 1484 2403; x_wconf 88' lang='lat' dir='ltr'>est,</span> 
     </span>
    </p>

    <p class='ocr_par' dir='ltr' id='par_1_7' title="bbox 115 2415 1487 2523">
     <span class='ocr_line' id='line_1_36' title="bbox 115 2415 1487 2464; baseline 0.001 -15"><span class='ocrx_word' id='word_1_278' title='bbox 115 2430 155 2463; x_wconf 77' lang='lat'>35</span> <span class='ocrx_word' id='word_1_279' title='bbox 172 2426 243 2449; x_wconf 90' lang='lat' dir='ltr'>non</span> <span class='ocrx_word' id='word_1_280' title='bbox 267 2415 457 2451; x_wconf 88' lang='lat' dir='ltr'>excedere</span> <span class='ocrx_word' id='word_1_281' title='bbox 474 2415 509 2450; x_wconf 90' lang='lat' dir='ltr'>in</span> <span class='ocrx_word' id='word_1_282' title='bbox 533 2415 700 2451; x_wconf 78' lang='lat' dir='ltr'>vindicta</span> <span class='ocrx_word' id='word_1_283' title='bbox 725 2416 895 2459; x_wconf 78' lang='lat' dir='ltr'>modum,</span> <span class='ocrx_word' id='word_1_284' title='bbox 923 2427 989 2451; x_wconf 89' lang='lat' dir='ltr'>nec</span> <span class='ocrx_word' id='word_1_285' title='bbox 1006 2415 1098 2464; x_wconf 84' lang='lat' dir='ltr'>plus</span> <span class='ocrx_word' id='word_1_286' title='bbox 1121 2416 1309 2464; x_wconf 81' lang='lat' dir='ltr'>rependat</span> <span class='ocrx_word' id='word_1_287' title='bbox 1331 2415 1487 2464; x_wconf 81' lang='lat' dir='ltr'>quisque</span> 
     </span>
     <span class='ocr_line' id='line_1_37' title="bbox 172 2472 1485 2523; baseline 0.002 -16"><span class='ocrx_word' id='word_1_288' title='bbox 172 2483 284 2520; x_wconf 82' lang='lat' dir='ltr'>quam</span> <span class='ocrx_word' id='word_1_289' title='bbox 328 2472 475 2522; x_wconf 78' lang='lat' dir='ltr'>accepit</span> <span class='ocrx_word' id='word_1_290' title='bbox 520 2479 555 2508; x_wconf 87' lang='lat' dir='ltr'>et</span> <span class='ocrx_word' id='word_1_291' title='bbox 587 2485 753 2523; x_wconf 83' lang='lat' dir='ltr'>magnus</span> <span class='ocrx_word' id='word_1_292' title='bbox 797 2473 857 2509; x_wconf 84' lang='lat' dir='ltr'>hic</span> <span class='ocrx_word' id='word_1_293' title='bbox 899 2473 1055 2523; x_wconf 80' lang='lat' dir='ltr'>gradus</span> <span class='ocrx_word' id='word_1_294' title='bbox 1094 2480 1161 2510; x_wconf 86' lang='lat' dir='ltr'>est.</span> <span class='ocrx_word' id='word_1_295' title='bbox 1219 2473 1342 2510; x_wconf 88' lang='lat' dir='ltr'>Nemo</span> <span class='ocrx_word' id='word_1_296' title='bbox 1387 2473 1485 2509; x_wconf 86' lang='lat' dir='ltr'>enim</span> 
     </span>
    </p>
   </div>
   <div class='ocr_carea' id='block_1_5' title="bbox 172 2651 1485 2724">
    <p class='ocr_par' dir='ltr' id='par_1_8' title="bbox 172 2651 1485 2724">
     <span class='ocr_line' id='line_1_38' title="bbox 243 2651 1484 2680; baseline 0.001 -2"><span class='ocrx_word' id='word_1_297' title='bbox 243 2658 281 2679; x_wconf 85' lang='lat'>12.</span> <span class='ocrx_word' id='word_1_298' title='bbox 315 2652 360 2679; x_wconf 87' lang='lat' dir='ltr'>A:</span> <span class='ocrx_word' id='word_1_299' title='bbox 393 2651 519 2679; x_wconf 82' lang='lat' dir='ltr'>veritas.</span> <span class='ocrx_word' id='word_1_300' title='bbox 627 2651 665 2680; x_wconf 86' lang='lat'>15.</span> <span class='ocrx_word' id='word_1_301' title='bbox 698 2652 742 2680; x_wconf 85' lang='lat' dir='ltr'>A:</span> <span class='ocrx_word' id='word_1_302' title='bbox 775 2654 822 2679; x_wconf 85' lang='lat' dir='ltr'>est</span> <span class='ocrx_word' id='word_1_303' title='bbox 851 2652 917 2680; x_wconf 83' lang='lat' dir='ltr'>Deo</span> <span class='ocrx_word' id='word_1_304' title='bbox 949 2652 1046 2680; x_wconf 86' lang='lat' dir='ltr'>deest.</span> <span class='ocrx_word' id='word_1_305' title='bbox 1154 2653 1198 2680; x_wconf 83' lang='lat'>28.</span> <span class='ocrx_word' id='word_1_306' title='bbox 1231 2652 1271 2680; x_wconf 84' lang='lat' dir='ltr'>B:</span> <span class='ocrx_word' id='word_1_307' title='bbox 1304 2653 1361 2680; x_wconf 83' lang='lat' dir='ltr'>sed</span> <span class='ocrx_word' id='word_1_308' title='bbox 1390 2652 1484 2680; x_wconf 86' lang='lat' dir='ltr'>deest.</span> 
     </span>
     <span class='ocr_line' id='line_1_39' title="bbox 172 2684 1485 2724; baseline 0.001 -11"><span class='ocrx_word' id='word_1_309' title='bbox 172 2693 219 2721; x_wconf 88' lang='lat'>29.</span> <span class='ocrx_word' id='word_1_310' title='bbox 240 2686 280 2714; x_wconf 91' lang='lat' dir='ltr'>B:</span> <span class='ocrx_word' id='word_1_311' title='bbox 301 2688 383 2713; x_wconf 83' lang='lat' dir='ltr'>tuam</span> <span class='ocrx_word' id='word_1_312' title='bbox 403 2686 498 2714; x_wconf 86' lang='lat' dir='ltr'>deest.</span> <span class='ocrx_word' id='word_1_313' title='bbox 570 2684 613 2713; x_wconf 84' lang='lat'>33.</span> <span class='ocrx_word' id='word_1_314' title='bbox 628 2688 672 2714; x_wconf 90' lang='lat' dir='ltr'>A:</span> <span class='ocrx_word' id='word_1_315' title='bbox 688 2695 749 2714; x_wconf 89' lang='lat' dir='ltr'>non</span> <span class='ocrx_word' id='word_1_316' title='bbox 764 2687 929 2714; x_wconf 79' lang='lat' dir='ltr'>avertaris.</span> <span class='ocrx_word' id='word_1_317' title='bbox 1001 2686 1049 2721; x_wconf 86' lang='lat'>34.</span> <span class='ocrx_word' id='word_1_318' title='bbox 1062 2687 1092 2715; x_wconf 90' lang='lat' dir='ltr'>A</span> <span class='ocrx_word' id='word_1_319' title='bbox 1105 2686 1135 2715; x_wconf 93' lang='lat' dir='ltr'>in</span> <span class='ocrx_word' id='word_1_320' title='bbox 1151 2695 1265 2722; x_wconf 77' lang='lat' dir='ltr'>marg-z</span> <span class='ocrx_word' id='word_1_321' title='bbox 1281 2687 1485 2724; x_wconf 77' lang='lat' dir='ltr'>Augustinus.</span> 
     </span>
    </p>
   </div>
   <div class='ocr_carea' id='block_1_6' title="bbox 173 2769 1484 2860">
    <p class='ocr_par' dir='ltr' id='par_1_9' title="bbox 173 2769 1484 2860">
     <span class='ocr_line' id='line_1_40' title="bbox 173 2769 1484 2848; baseline 0 -46"><span class='ocrx_word' id='word_1_322' title='bbox 173 2816 183 2847; x_wconf 70' lang='lat' dir='ltr'>l</span> <span class='ocrx_word' id='word_1_323' title='bbox 244 2769 296 2802; x_wconf 83' lang='lat'>26.</span> <span class='ocrx_word' id='word_1_324' title='bbox 322 2770 441 2848; x_wconf 60' lang='lat' dir='ltr'>Mgtth.</span> <span class='ocrx_word' id='word_1_325' title='bbox 467 2772 509 2811; x_wconf 87' lang='lat' dir='ltr'>V,</span> <span class='ocrx_word' id='word_1_326' title='bbox 537 2769 684 2812; x_wconf 78' lang='lat'><strong>38—42.</strong></span> <span class='ocrx_word' id='word_1_327' title='bbox 781 2772 833 2812; x_wconf 79' lang='lat'>34.</span> <span class='ocrx_word' id='word_1_328' title='bbox 860 2772 911 2803; x_wconf 92' lang='lat' dir='ltr'>De</span> <span class='ocrx_word' id='word_1_329' title='bbox 937 2781 1100 2803; x_wconf 89' lang='lat' dir='ltr'>sermone</span> <span class='ocrx_word' id='word_1_330' title='bbox 1124 2771 1267 2803; x_wconf 88' lang='lat' dir='ltr'>Domini</span> <span class='ocrx_word' id='word_1_331' title='bbox 1293 2771 1329 2803; x_wconf 90' lang='lat' dir='ltr'>in</span> <span class='ocrx_word' id='word_1_332' title='bbox 1354 2771 1484 2811; x_wconf 89' lang='lat' dir='ltr'>Monte,</span> 
     </span>
     <span class='ocr_line' id='line_1_41' title="bbox 187 2827 411 2860; baseline 0.004 -12"><span class='ocrx_word' id='word_1_333' title='bbox 187 2839 195 2848; x_wconf 90' lang='lat'><strong>.</strong></span> <span class='ocrx_word' id='word_1_334' title='bbox 221 2827 249 2848; x_wconf 89' lang='lat' dir='ltr'>c.</span> <span class='ocrx_word' id='word_1_335' title='bbox 275 2827 308 2859; x_wconf 86' lang='lat' dir='ltr'>p.</span> <span class='ocrx_word' id='word_1_336' title='bbox 339 2828 348 2849; x_wconf 84' lang='lat'>1</span> <span class='ocrx_word' id='word_1_337' title='bbox 380 2827 411 2860; x_wconf 81' lang='lat'>9.</span> 
     </span>
    </p>
   </div>
   <div class='ocr_carea' id='block_1_7' title="bbox 1709 205 1782 254">
    <p class='ocr_par' dir='ltr' id='par_1_10' title="bbox 1709 205 1782 254">
     <span class='ocr_line' id='line_1_42' title="bbox 1709 205 1782 254; baseline 0.014 -13"><span class='ocrx_word' id='word_1_338' title='bbox 1709 205 1782 254; x_wconf 84' lang='lat'>189</span> 
     </span>
    </p>
   </div>
   <div class='ocr_carea' id='block_1_8' title="bbox 1550 1895 1744 1924">
    <p class='ocr_par' dir='ltr' id='par_1_11' title="bbox 1550 1895 1744 1924">
     <span class='ocr_line' id='line_1_43' title="bbox 1550 1895 1744 1924; baseline 0.005 -1"><span class='ocrx_word' id='word_1_339' title='bbox 1550 1895 1744 1924; x_wconf 79' lang='lat' dir='ltr'>Retaliation.</span> 
     </span>
    </p>
   </div>
   <div class='ocr_carea' id='block_1_9' title="bbox 1536 2357 1739 2419">
    <p class='ocr_par' dir='ltr' id='par_1_12' title="bbox 1536 2357 1739 2419">
     <span class='ocr_line' id='line_1_44' title="bbox 1536 2357 1739 2392; baseline 0.005 -9"><span class='ocrx_word' id='word_1_340' title='bbox 1536 2357 1739 2392; x_wconf 75' lang='lat' dir='ltr'>Augustine‘s</span> 
     </span>
     <span class='ocr_line' id='line_1_45' title="bbox 1549 2396 1724 2419; baseline 0.011 -2"><span class='ocrx_word' id='word_1_341' title='bbox 1549 2396 1724 2419; x_wconf 86' lang='lat' dir='ltr'>comment:</span> 
     </span>
    </p>
   </div>
  </div>
 </body>
</html>
