2003 3322
221 225 311 253 CAP.
331 216 439 270 xm]
736 227 877 258 PRIMA
903 227 1029 258 PARs.

217 341 352 384 postea
371 346 455 370 cum
478 333 680 384 suggestio
705 333 905 382 repetitur,
930 333 1056 369 maior
1070 333 1295 369 accenditur
1313 334 1533 380 delectacio,

222 404 291 441 que
322 399 447 429 tamen
481 392 607 428 adhuc
640 391 758 427 multo
791 391 918 427 minor
940 398 995 428 est
1019 403 1131 439 quam
1166 391 1232 427 illa
1266 403 1336 439 que
1367 393 1535 429 assiduis

212 449 337 498 factis
369 449 536 486 vertitur
566 449 601 485 in
635 449 957 485 consuetudinem.
990 449 1078 484 Hoc
1111 449 1208 484 enim
1244 449 1395 486 vincere
1428 451 1533 500 diffi-

221 508 404 544 cillimum
438 514 513 544 est:
545 514 580 543 et
610 513 736 542 tamen
769 507 890 555 ipsam
924 507 1042 542 eciam
1077 507 1400 554 consuetudinem,
1433 509 1467 544 si
1495 520 1537 544 se

188 565 377 614 5quisque
407 577 480 602 non
514 565 706 614 desperet,
740 572 775 600 et
807 564 987 600 miliciam
1022 564 1273 600 christianam
1308 578 1379 601 non
1404 566 1533 614 refor-

222 623 351 670 midet,
384 623 468 659 ideo
491 623 575 659 Deo
609 623 703 658 duce
730 630 765 658 et
787 622 965 658 adiutore
995 623 1197 671 superabit
1226 630 1261 658 et
1292 623 1346 659 sic
1364 636 1439 672 per
1461 624 1537 659 Dei

218 681 397 730 graciam
431 681 465 716 in
490 693 629 745 pacem
664 680 871 729 pristinam
911 687 946 716 et
991 680 1166 716 ordinem
1208 687 1242 716 et
1281 680 1342 716 vir
1379 681 1534 717 Christo

220 745 256 774 et
286 739 426 775 mulier
458 739 541 775 viro
572 738 791 775 subzczetur.

281 796 387 832 Sicut
430 808 527 847 ergo
571 796 694 832 tribus
736 796 928 846 gradibus
966 796 1017 832 ad
1050 803 1250 845 peccatum
1291 808 1366 845 pei
1371 803 1532 842 venitur,
1548 804 1647 831 Three
1669 804 1759 831 kinds
1780 804 1814 830 of

168 868 206 889 10
219 861 482 905 suggestione,
516 854 770 892 delectacione
801 861 836 889 et
867 854 1124 901 consensione,
1156 854 1207 889 ita
1241 853 1359 902 ipsius
1384 862 1532 903 peccati

219 919 305 948 sunt
337 919 417 948 tres
448 911 666 961 differencie
702 912 738 947 in
778 911 907 957 corde,
942 912 977 947 in
1007 912 1135 961 facto,
1175 912 1211 947 in
1250 912 1531 957 consuetudine,

220 977 414 1019 tamquam
448 977 527 1006 tres
565 977 729 1006 mortes:
761 982 834 1005 una
867 970 977 1018 quasi
1018 970 1053 1005 in
1093 970 1219 1016 domo,
1259 970 1298 1005 id
1335 976 1402 1015 est,
1448 982 1531 1006 cum

221 1028 339 1065 corde
371 1027 607 1065 consentitur
640 1027 807 1072 libidini,·
838 1028 963 1063 altera
998 1027 1073 1063 iam
1092 1028 1253 1076 prolata
1277 1028 1387 1076 quasi
1418 1035 1532 1063 extra

215 1093 388 1136 portam,
433 1098 517 1122 cum
562 1086 597 1121 in
633 1086 789 1134 sactum
830 1085 1010 1134 procedit
1049 1085 1203 1134 affeccio
1249 1086 1309 1121 vel
1351 1086 1533 1132 assensio,

168 1144 339 1180 15tercia
372 1156 456 1180 cum
491 1144 527 1179 in
559 1145 660 1180 male
691 1143 973 1180 consuetudinis
1005 1150 1199 1192 tamquam
1240 1143 1342 1179 mole
1378 1151 1533 1180 terrena

215 1202 412 1252 premitur
443 1202 605 1245 animus,
639 1201 748 1250 quasi
778 1201 814 1236 in
846 1201 1025 1250 sepulcro
1058 1201 1132 1236 iam
1161 1208 1312 1250 puteus.
1353 1201 1436 1245 Que
1458 1201 1533 1237 tria

219 1272 365 1310 genera
406 1267 651 1296 mortuorum
687 1259 892 1295 Dominum
928 1259 1176 1295 resuscitasse
1214 1259 1382 1308 quisquis
1419 1271 1534 1295 evan·

104 1323 183 1364 370ο
219 1317 365 1368 gelium
405 1317 547 1368 legerit
584 1317 773 1367 agnoscit.
817 1317 871 1353 Et
889 1312 1038 1381 ''forte
1069 1317 1290 1353 considerat
1328 1329 1422 1365 quas
1455 1317 1532 1365 dif-

212 1375 414 1424 ferencias
446 1375 583 1412 habeat
615 1387 693 1412 vox
724 1375 842 1411 eciam
882 1375 964 1424 ipsa
1004 1375 1280 1421 resuscitantis,
1325 1387 1409 1411 cum
1442 1375 1536 1410 alibi

166 1448 206 1468 20
222 1434 332 1469 dzczt:
364 1434 498 1469 Puella
527 1445 660 1484 surge,
695 1433 807 1469 alibi:
838 1433 989 1469 Iuvenis
1013 1433 1081 1468 tibi
1106 1433 1211 1469 dico:
1243 1433 1393 1483 Surge,·
1423 1433 1535 1468 alibi:

221 1491 426 1540 Insremuit
458 1491 597 1540 spiritu
635 1498 669 1527 et
701 1491 836 1541 flevit;
879 1498 914 1527 et
957 1503 1096 1527 rursus
1134 1463 1344 1539 fremuit,D
1356 1497 1391 1526 et
1425 1498 1534 1539 post:

220 1549 371 1585 Deinde
403 1561 492 1585 voce
523 1561 667 1599 magna
701 1549 895 1595 clamavit,
928 1549 1082 1601 Laqare
1115 1549 1200 1584 veni
1219 1549 1353 1597 foras.

283 1607 536 1656 Quapropter
594 1607 743 1643 nomine
800 1606 1061 1643 mechancium
1112 1606 1175 1655 qui
1234 1606 1305 1642 lzoc
1365 1606 1533 1655 capitulo

221 1672 577 1701 commemorantur
608 1677 756 1701 omnem
790 1665 987 1700 carnalem
1027 1672 1062 1700 et
1100 1676 1248 1700 omnem
1290 1664 1532 1700 libidinosam

165 1726 204 1758 25
222 1723 570 1772 concupiscenciam
604 1729 755 1772 oportet
786 1722 961 1772 intelligi.
1008 1722 1103 1758 Cum
1136 1723 1234 1758 enim
1267 1729 1344 1758 tam
1378 1722 1534 1758 assidue

222 1781 485 1817 idololatriam
517 1781 715 1830 scriptura
736 1780 1046 1830 fornicacionem
1081 1780 1195 1826 dicat,
1229 1780 1375 1816 Paulus
1407 1787 1532 1816 autem

221 1839 416 1888 apostolus
437 1839 648 1875 avariciam
673 1832 894 1875 idololatrie
914 1839 1063 1874 nomine
1085 1839 1264 1887 appellet,
1287 1838 1369 1886 quis
1393 1838 1535 1874 dubitet

221 1909 368 1933 omnem
395 1897 537 1932 malam
562 1896 914 1946 concupiscenciam
939 1903 1042 1932 recte
1053 1896 1363 1943 fornicacionem
1389 1896 1533 1939 vocari,

220 1955 370 2003 quando
404 1955 531 1990 anima
565 1955 739 2004 neglecta
772 1955 858 2004 lege
888 1954 1083 2003 superiori
1104 1966 1175 2002 qua
1199 1954 1354 2003 regitur
1375 1953 1534 2002 inferio-

164 2016 206 2049 30
222 2025 308 2048 rum
348 2019 577 2048 naturarum
611 2012 719 2061 turpi
749 2013 944 2061 voluptate
976 2012 1084 2060 quasi
1121 2012 1297 2048 mercede
1324 2012 1533 2060 prostituta

221 2070 517 2119 corrumpitur?
559 2069 611 2105 Et
655 2070 739 2106 ideo
789 2070 956 2120 quisquis
998 2070 1193 2106 carnalem
1240 2069 1532 2107 delectacionem

220 2128 409 2164 adversus
453 2135 597 2164 rectam
643 2128 875 2164 voluntatem
918 2140 1028 2164 suam
1074 2127 1186 2163 sentit
1230 2127 1421 2164 rebellare
1460 2139 1535 2176 per

221 2186 530 2222 consuetudinem
542 2193 807 2235 peccatorum,
831 2185 937 2222 cuius
951 2185 1134 2221 indomite
1157 2185 1340 2221 violencia
1363 2185 1534 2221 trahitur

222 2243 257 2279 in
301 2243 574 2292 captivitatem,
623 2244 768 2280 recolat
812 2250 993 2292 quantum
1033 2250 1161 2292 potest
1205 2243 1354 2291 qualem
1396 2254 1533 2291 pacem

165 2301 414 2350 35peccando
452 2301 626 2338 amiserit
663 2308 699 2337 et
737 2302 948 2337 exclamet:
991 2301 1138 2349 Infelix
1176 2313 1249 2350 ego
1286 2301 1412 2347 homo,
1452 2300 1534 2348 quis

222 2371 281 2395 me
312 2359 489 2396 liberabit
521 2360 566 2395 de
598 2371 763 2409 corpore
801 2359 938 2395 mortis
977 2358 1118 2395 huius?
1174 2358 1319 2394 Gracia
1352 2358 1428 2394 Dei
1459 2370 1534 2407 per

291 2527 314 2554 5.
336 2527 380 2555 A.
410 2527 555 2562 disperet.
663 2527 691 2554 6.
714 2528 757 2554 A:
788 2528 841 2554 illo
861 2527 947 2554 duce.
1056 2535 1082 2561 7.
1103 2527 1147 2554 A:
1169 2534 1248 2562 pace
1272 2526 1406 2566 pristina
1431 2529 1532 2562 atque

223 2569 261 2589 12.
283 2563 327 2589 A:
361 2562 391 2589 in
419 2562 511 2589 domo
538 2562 637 2590 deeszt
671 2563 780 2589 lacuna
806 2562 836 2589 in
864 2561 933 2589 cod.
1042 2570 1083 2593 14.
1118 2562 1162 2588 A:
1195 2561 1244 2589 vel
1272 2561 1411 2588 assensio
1439 2561 1532 2588 deest.

223 2595 263 2623 18.
279 2596 323 2624 A.
344 2596 430 2633 legit.
502 2604 549 2624 20.
565 2597 608 2624 A:
630 2601 657 2624 et
667 2596 810 2633 fremuit.
884 2604 929 2628 ’.>.4
945 2596 990 2623 A.
1012 2599 1043 2623 et
1054 2596 1260 2623 libidinosam.
1333 2603 1377 2630 27.
1394 2597 1437 2635 A:
1459 2603 1534 2635 apo-

221 2631 316 2658 stolus
336 2631 428 2658 deest.
536 2630 582 2659 30.
603 2633 632 2659 A
651 2631 681 2659 in
703 2639 816 2667 marg:
849 2630 931 2659 Nota
952 2631 1034 2666 quod
1053 2631 1151 2658 omnis
1177 2631 1259 2657 mala
1280 2630 1533 2666 concupiscencia

222 2668 352 2693 vocatur
361 2664 555 2703 fornicaczsso

293 2747 325 2780 6,
363 2749 386 2780 I.
426 2748 505 2780 Cor.
541 2749 597 2789 XI,
639 2748 672 2789 3;
722 2748 812 2791 Eph.
845 2749 886 2788 V,
927 2749 979 2782 23.
1152 2758 1204 2779 20.
1244 2748 1349 2779 Marci
1387 2748 1429 2788 V,
1478 2758 1533 2788 41.

225 2805 278 2827 21.
317 2795 432 2826 Lucae
468 2795 541 2835 VII,
584 2806 638 2835 14:
681 2795 892 2828 Adolescens
931 2795 992 2826 tibi
1035 2794 1131 2832 dico;
1188 2795 1232 2826 ib.
1269 2794 1347 2826 Joh.
1385 2794 1440 2834 XI,
1481 2795 1533 2827 33.

226 2851 278 2873 22.
304 2840 421 2872 Matth.
446 2841 580 2881 XXVII,
606 2840 661 2882 46.
775 2840 827 2873 26.
854 2841 942 2883 Eph.
970 2841 1011 2880 V,
1041 2840 1069 2872 5.
1173 2840 1225 2873 35.
1251 2841 1355 2872 Rom.
1382 2841 1452 2880 VII,
1481 2850 1533 2880 24.

1530 855 1536 861 ·
1566 839 1628 871 sin:
1650 838 1679 865 in
1702 838 1797 869 beart,

1589 873 1617 900 in
1639 873 1726 906 deed,
1747 873 1776 900 in

1642 893 1734 935 habii.
