2003 3322
208 238 291 272 4¹4

223 353 248 373 2.
269 346 336 373 The
357 346 466 372 orders

235 381 345 407 should
368 381 460 415 speak

226 420 279 441 out
298 415 411 450 gladly,
432 423 465 441 as

251 449 340 476 other
362 457 440 483 poor

226 485 337 519 priests
356 484 471 511 would.

206 1212 229 1241 3.
251 1214 356 1241 Friars
371 1214 481 1241 should

231 1249 266 1276 be
287 1249 414 1284 diligent
435 1249 464 1276 in

206 1284 386 1346 piilwlisslqilifflg.
404 1284 482 1311 their

230 1571 260 1595 4.
281 1562 349 1589 Tlie
369 1563 452 1597 Pope

219 1598 318 1624 would
341 1598 408 1631 gire
429 1605 468 1632 up

284 1632 403 1667 issuing

239 1667 446 1701 indulgences.

229 2544 254 2572 5.
277 2545 375 2580 Popes
396 2545 454 2571 and

216 2580 344 2615 bisliops
365 2580 466 2606 would

205 2615 261 2640 live
283 2615 391 2650 poorly
412 2614 471 2641 and

205 2657 291 2677 cease
310 2654 340 2676 to
362 2651 416 2677 rob
432 2650 481 2676 tlte

284 2686 403 2720 people.

908 232 1027 265 opus
1052 231 1387 264 EVANGELICUM
1574 220 1680 274 [CAP.
1702 230 1809 258 xrv1.

556 340 603 374 Et
643 349 685 373 ex
725 337 864 373 eadem
907 336 982 372 fide
1021 336 1217 383 scripture
1256 336 1436 384 sequitur
1480 338 1656 373 secundo
1701 339 1809 384 quod

498 396 569 432 hec
614 403 719 431 secte
763 402 937 442 quatuor
982 403 1019 430 et
1063 406 1200 430 earum
1240 393 1396 441 singula
1436 396 1655 441 gaudenter
1693 407 1811 443 super

497 465 537 489 se
570 452 769 500 acciperet
801 452 907 488 istud
946 463 1060 497 onus,
1102 464 1191 487 cum
1226 452 1372 488 caritas
1406 452 1553 488 Christi
1592 453 1809 500 compellit,

498 520 539 547 ut
582 512 810 547 sacerdotes
849 509 983 546 dicant
1021 510 1172 557 populo
1218 509 1423 545 racionem
1464 510 1556 546 fidei
1601 510 1810 558 scripture,

497 578 539 605 ut
572 568 667 604 dicit
702 570 854 613 Petrus,
890 576 926 604 et
959 567 1188 615 specialiter
1221 567 1260 603 in
1296 568 1369 603 hoc
1404 576 1567 615 puncto,
1607 569 1656 604 ad
1691 570 1844 616 quem5

496 639 653 663 sensum
682 626 862 662 Christus
897 625 1048 661 dixerat
1082 627 1129 661 de
1163 637 1283 672 pane:
1318 624 1404 661 Hoc
1428 633 1482 661 est
1504 638 1645 675 corpus
1667 638 1813 671 meum,-

496 684 622 720 immo
655 683 788 720 cuncti
826 682 1115 732 possessionati
1149 684 1196 719 de
1230 683 1304 719 hiis
1337 683 1454 719 sectis
1487 693 1659 731 quatuor
1692 697 1811 732 appe-

495 751 625 779 terent
658 754 791 789 regem
825 754 940 777 suum
976 743 1024 776 de
1057 740 1133 777 illis
1172 742 1247 777 hoc
1281 749 1415 788 petere
1449 743 1521 777 sub
1554 754 1658 789 pena
1691 742 1810 778 amis-

496 800 619 836 sionis
642 800 824 836 omnium
847 812 1011 836 suorum
1035 798 1334 847 temporalium,
1360 798 1452 847 quia
1476 799 1600 845 (testis
1624 800 1673 836 sit
1690 802 1809 844 Deus)

496 858 551 894 sic
575 858 720 894 vellent
751 859 822 894 sub
853 870 955 905 pena
990 856 1129 893 mortis
1162 856 1230 894 alii
1263 869 1461 905 pauperes
1493 859 1734 904 sacerdotes,
1769 867 1806 894 et
1831 869 1868 889 10

496 916 563 953 alii
597 917 645 952 de
684 915 759 952 hiis
799 915 917 952 sectis
950 924 1124 963 quatuor
1164 915 1436 952 mendicantes
1470 924 1705 963 appeterent
1738 917 1810 952 sub

496 987 598 1022 pena
631 973 858 1011 amissionis
892 986 960 1009 sue
992 973 1088 1021 legis
1121 973 1220 1010 illud
1254 973 1383 1019 idem3
1424 975 1530 1021 quod
1564 973 1595 1010 si
1629 986 1739 1021 reges
1774 982 1810 1009 et

495 1032 697 1080 principes
729 1032 944 1068 voluerunt
977 1032 1025 1067 de
1058 1032 1285 1079 sumptibus
1315 1032 1456 1068 harum
1480 1040 1678 1067 sectarum
1705 1032 1809 1068 istud

496 1090 708 1138 diligenter
746 1089 961 1138 inquirere,
1002 1090 1159 1126 cederet
1199 1092 1248 1127 ad
1288 1090 1482 1126 honorem
1517 1089 1588 1126 Dei
1629 1098 1666 1126 et
1704 1089 1811 1125 utili-

496 1157 618 1185 tatem
655 1147 819 1184 ecclesie
853 1146 1074 1185 militantis.
1831 1148 1866 1179 15

556 1209 602 1242 Et
637 1219 680 1242 ex
712 1206 797 1242 istis
820 1206 978 1242 videtur
1012 1205 1136 1242 tercio
1160 1207 1268 1254 quod
1292 1206 1433 1242 fratres
1464 1204 1812 1242 communicarent

497 1264 708 1313 diligenter
746 1263 833 1300 aliis
874 1263 913 1299 in
953 1263 1027 1300 ista
1068 1264 1236 1300 materia
1275 1277 1389 1300 suam
1424 1264 1556 1300 fidem.
1606 1263 1671 1300 Sic
1704 1263 1807 1299 enim

495 1323 633 1359 volunt
666 1334 863 1371 pauperes
895 1321 1116 1369 presbyteri
1149 1322 1323 1358 scribere
1355 1321 1545 1358 fratribus
1579 1334 1669 1357 cum
1704 1321 1811 1357 suffi-

496 1380 616 1417 cienti
661 1379 866 1417 evidencia
906 1380 945 1415 id
984 1381 1093 1427 quod
1134 1381 1320 1425 credunt3
1368 1393 1456 1416 cum
1504 1392 1597 1427 ergo
1642 1380 1716 1415 hoc
1761 1379 1809 1415 sit

496 1439 755 1484 racionabile,
791 1450 914 1486 quare
948 1450 1028 1474 non
1060 1437 1116 1473 sic
1148 1438 1326 1474 facerent
1360 1438 1500 1474 fratres
1527 1437 1708 1473 fidelibus
1738 1438 1810 1473 sub
1827 1448 1869 1468 20

495 1496 721 1545 sumptibus
753 1496 833 1532 suis
866 1495 964 1531 illud
997 1495 1102 1531 idem
1137 1505 1174 1532 et
1208 1508 1251 1532 ex
1284 1497 1423 1533 eodem
1460 1495 1552 1531 fidei
1585 1494 1810 1543 principio?

554 1556 709 1600 Quarto
742 1553 924 1602 sequitur
957 1556 1063 1601 quod
1096 1556 1298 1590 Romanus
1332 1553 1507 1602 pontifex
1540 1555 1687 1589 nedum
1722 1565 1810 1600 per-

497 1613 632 1649 ficeret
665 1612 843 1649 caritatis
877 1611 1024 1647 intuitu
1058 1611 1156 1647 illud
1190 1624 1292 1660 opus
1326 1613 1394 1648 sed
1429 1611 1649 1647 dimitteret
1681 1610 1810 1646 indul-

495 1671 654 1718 gencias
670 1680 706 1707 et
722 1671 849 1706 bullas
866 1670 1010 1717 quibus
1026 1670 1219 1717 populum
1237 1670 1394 1717 spoliat,
1407 1669 1499 1717 quia
1512 1670 1586 1705 hoc
1603 1678 1659 1705 est
1672 1678 1810 1705 contra

497 1730 652 1777 regulas
683 1728 875 1764 caritatis.
910 1728 1115 1775 Numquid
1151 1728 1352 1764 credimus
1385 1729 1492 1775 quod
1528 1727 1565 1763 in
1600 1727 1808 1763 caritatem
1828 1727 1866 1759 25

495 1796 609 1823 sonat
650 1787 871 1823 concedere
911 1785 1038 1821 bullas
1072 1794 1139 1821 aut
1172 1785 1392 1834 privilegia,
1435 1794 1477 1820 ut
1512 1784 1694 1821 homines
1727 1785 1810 1820 sine

495 1857 615 1881 causa
668 1843 904 1881 racionabili
957 1842 1144 1879 occidant
1198 1844 1323 1879 multa
1371 1843 1495 1879 millia
1542 1843 1811 1890 populorum?

495 1916 587 1939 nam
622 1902 677 1939 sic
711 1903 848 1946 homo,
880 1914 961 1937 non
986 1904 1103 1946 Deus,
1128 1901 1209 1937 vult
1233 1902 1281 1937 de
1304 1900 1449 1938 talibus
1468 1900 1663 1949 nequiciis
1685 1900 1812 1937 vindi-

496 1961 597 2006 cari3
632 1970 669 1997 et
704 1961 844 1996 eodem
882 1961 1002 1996 modo
1037 1959 1183 1995 dicitur
1216 1961 1263 1995 de
1304 1959 1421 1995 bullis
1460 1960 1531 1994 sub
1570 1958 1714 2007 quibus
1755 1958 1811 1994 in-

495 2018 705 2067 dulgencie
738 2019 1032 2063 conceduntur3
1066 2030 1159 2053 nam
1183 2017 1214 2052 si
1240 2030 1343 2065 papa
1373 2016 1409 2053 in
1435 2025 1633 2064 potestate
1667 2017 1811 2052 habeat
1829 2017 1870 2048 30

495 2076 770 2124 indulgencias
808 2076 907 2112 tales
947 2077 996 2112 ad
1035 2084 1172 2111 votum
1216 2077 1449 2121 concedere,
1498 2083 1592 2110 tunc
1625 2082 1812 2122 peccaret

495 2135 669 2182 graviter
701 2133 777 2170 nisi
810 2135 927 2170 talem
963 2133 1212 2181 spiritualem
1245 2132 1507 2169 elemosinam
1539 2132 1813 2168 indifferenter

495 2193 619 2240 gratis
665 2193 917 2239 concederet,
964 2204 1053 2227 cum
1100 2192 1175 2227 hoc
1220 2200 1354 2238 posset
1400 2190 1589 2236 faciliter,
1643 2199 1679 2225 et
1725 2202 1811 2237 pre-

495 2250 671 2287 stancius
705 2250 807 2286 foret
841 2262 960 2298 quam
997 2248 1133 2285 omnia
1157 2248 1396 2297 temporalia
1430 2248 1547 2284 huius
1583 2247 1734 2283 mundi.
1770 2248 1809 2283 Si

496 2318 629 2345 autem
670 2307 708 2343 in
748 2308 832 2344 istis
871 2307 920 2343 sit
954 2308 1051 2343 falsa
1091 2316 1128 2343 et
1161 2306 1423 2354 sophisticata
1456 2306 1672 2354 pretensio,
1706 2318 1811 2352 papa
1829 2303 1867 2336 ’55

496 2379 537 2403 ex
576 2366 612 2403 vi
653 2365 769 2402 huius
809 2365 995 2414 principii
1034 2365 1140 2401 istud
1181 2364 1414 2410 dimitteret,
1460 2377 1549 2400 cum
1590 2364 1809 2400 secundum

494 2424 762 2472 Augustinum
809 2436 927 2460 nemo
972 2422 1272 2459 racionabiliter
1315 2431 1533 2470 appeteret,
1579 2430 1621 2457 ut
1659 2420 1733 2457 sibi
1772 2420 1811 2456 in

496 2482 664 2519 materia
699 2482 789 2518 fidei
823 2490 1088 2518 concernente
1121 2481 1289 2517 salutem
1325 2481 1457 2516 anime
1490 2479 1695 2517 illudatur.

554 2542 601 2576 Et
635 2552 678 2576 ex
711 2541 851 2576 eodem
887 2539 1068 2587 sequitur
1101 2538 1242 2586 quinto
1276 2540 1383 2586 quod
1424 2550 1504 2574 non
1542 2537 1671 2573 solum
1705 2548 1811 2584 papa

495 2600 562 2634 sed
617 2597 743 2634 dotati
797 2597 974 2645 episcopi
1021 2609 1236 2644 pauperem
1287 2596 1409 2633 vitam
1461 2595 1636 2631 viverent
1686 2593 1869 2631 instar40

566 2798 584 2816 1.
606 2791 634 2817 A
655 2789 684 2816 in
708 2797 821 2824 marg.:
844 2796 872 2816 2.
954 2796 997 2827 12..
1014 2789 1055 2815 A:
1078 2788 1191 2825 legien-
1255 2788 1297 2814 16.
1318 2788 1345 2814 A
1367 2787 1396 2814 in
1419 2793 1533 2821 mamm:
1553 2794 1586 2820 3.
1668 2792 1716 2826 ‘²²2
1732 2785 1759 2811 A
1780 2784 1809 2811 in

496 2833 609 2864 marg:
631 2831 662 2857 4.
737 2832 779 2856 22,
796 2823 837 2851 23.
851 2824 897 2863 ‚3³
940 2826 1091 2864 evincet-at,
1166 2830 1205 2849 2).
1226 2821 1323 2860 Codd
1340 2832 1343 2848 :
1366 2821 1449 2857 quod
1464 2822 1557 2848 deest.
1631 2819 1676 2847 28.
1693 2819 1809 2847 cood.:

492 2867 518 2885 st
540 2859 639 2886 homo.
714 2858 759 2885 30.
783 2858 821 2885 13:
844 2859 896 2885 llln
940 2859 1117 2885 dimdteret.
1191 2856 1237 2883 3z».
1259 2858 1285 2883 A
1307 2865 1335 2883 m
1359 2864 1472 2890 marg:
1494 2856 1523 2883 5.
