2003 3322
204 212 282 248 362

196 971 224 998 A
244 971 326 1010 good
346 970 463 1010 prelate

220 1006 280 1033 xvlll
302 1006 402 1033 de51re
422 1011 452 1033 to

902 221 1021 253 opus
1045 221 1382 254 EVANGELICUM
1551 211 1659 266 [CAP.
1679 221 1802 250 xxxn.

488 327 569 364 suis
613 328 801 376 operibus
846 327 1037 375 iudicare,
1083 328 1171 377 quis
1208 329 1476 366 Antichristus
1523 338 1580 366 est
1623 329 1689 366 ille
1734 329 1803 378 qui

488 398 571 422 non
608 385 756 422 sineret
794 387 990 433 populum
1029 386 1209 424 iudicare
1248 388 1296 423 de
1335 387 1415 424 suis
1456 387 1659 435 operibus,
1707 389 1802 423 dum

489 443 645 480 notorie
678 443 756 480 sint
789 456 988 492 perversa.
1023 446 1131 481 Idem
1162 445 1268 481 enim
1302 454 1405 482 esset
1434 446 1634 494 prelatum
1666 445 1804 482 vendi-

489 514 580 538 care
613 503 688 538 hoc
721 501 971 550 privilegium
1007 511 1046 540 et
1077 502 1242 539 innuere
1275 504 1386 551 quod
1417 503 1587 552 ipsemet
1627 503 1678 539 sit
1710 504 1804 551 dya-

488 559 603 596 bolus
655 559 865 596 induratus
916 569 954 596 et
1005 574 1087 598 non
1139 560 1380 598 christianus
1439 561 1681 609 corrigibilis
1732 565 1838 610 per5

489 618 791 665 correpcionem
843 618 1074 665 fraternam,
1127 620 1197 655 sed
1248 620 1356 667 quod
1406 619 1456 655 sit
1509 628 1715 667 exemptus
1767 628 1805 656 et

488 675 760 723 privilegiatus
804 689 827 712 a
874 675 1038 713 diabolo
1082 678 1134 713 ad
1177 678 1418 714 trahendum
1466 677 1666 714 subiectos
1711 689 1804 713 suos

488 735 857 783 quomodocunque
878 734 1050 771 voluerit
1072 735 1123 771 ad
1151 734 1367 772 infernum.
1398 734 1510 772 Licet
1532 748 1626 783 ergo
1649 735 1801 783 populo

487 791 668 828 subiecto
712 791 890 830 iudicare
934 801 1016 829 tam
1062 793 1109 829 de
1153 792 1333 830 bonitate
1370 806 1492 842 quam
1542 792 1702 830 malicia
1743 792 1804 829 sui

487 849 644 897 prelati,
677 849 770 887 licet
801 850 842 887 in
875 851 1066 887 cathedra
1098 850 1276 888 iudiciali
1304 859 1513 900 tamquam
1538 851 1690 888 Pilatus
1721 863 1804 887 non
1824 866 1863 887 10

488 908 636 944 sedeat.

547 965 792 1002 Conceditur
834 974 971 1003 tamen
1015 968 1125 1015 quod
1169 965 1364 1015 contingit
1406 966 1588 1003 subditos
1632 967 1680 1003 de
1724 965 1804 1003 suis

199 1023 650 1075 bejudged‚sincepselatis
694 1032 846 1060 temere
890 1023 1081 1070 iudicare,
1128 1033 1165 1061 et
1202 1025 1281 1061 tale
1319 1020 1514 1061 iudicium
1546 1025 1803 1061 solummodo

209 1080 240 1102 to
252 1075 352 1114 judge
371 1076 456 1103 leads

197 1114 227 1137 to
251 1110 370 1138 imitate
390 1110 473 1138 what

262 1144 289 1172 is
309 1146 401 1180 good.

210 2256 280 2283 Paul
302 2257 449 2291 appealecl

277 2295 308 2317 to
328 2292 377 2327 lay

239 2325 406 2361 judgment.

488 1081 745 1129 prohibetur3
780 1090 817 1118 et
850 1083 897 1118 de
930 1082 1000 1118 tali
1032 1082 1184 1119 iudicio
1216 1091 1357 1131 arguet
1389 1082 1572 1119 Christus
1605 1083 1803 1119 mundum

486 1138 527 1176 in
561 1139 670 1176 finali
703 1139 866 1185 iudicio,
914 1142 1078 1188 quando
1105 1141 1293 1190 princeps
1329 1141 1464 1177 mundi
1500 1140 1690 1177 iudicatus
1735 1148 1803 1187 est,
1824 1144 1861 1177 15

486 1206 529 1234 ut
552 1197 699 1234 dicitur
714 1199 803 1234 Joh.
820 1199 917 1244 XVI,
942 1211 952 1234 1
971 1211 1002 1235 1.
1027 1199 1162 1247 Opera
1186 1211 1279 1247 ergo
1302 1198 1446 1246 prelati
1470 1200 1618 1235 debent
1641 1210 1725 1235 esse
1747 1198 1804 1235 ita

485 1255 646 1292 notoria
678 1264 798 1304 atque
832 1257 952 1302 bona,
987 1258 1095 1304 quod
1129 1258 1247 1293 debet
1283 1256 1409 1293 instar
1431 1256 1581 1294 Christi
1613 1265 1803 1304 appetere

486 1315 596 1361 quod
634 1314 808 1362 populus
846 1315 895 1350 de
932 1313 1029 1363 ipsis
1067 1314 1218 1351 iudicet
1257 1323 1296 1351 ct
1327 1315 1461 1351 trahat
1499 1314 1540 1351 in
1573 1314 1802 1362 exemplum

486 1370 753 1408 imitatorium
788 1380 826 1408 et
857 1371 984 1420 fugiat
1016 1372 1211 1409 iudicium
1246 1372 1520 1418 temerarium,
1561 1372 1656 1422 quia
1687 1371 1804 1409 aliter

486 1429 694 1466 innuendo
734 1431 842 1478 quod
881 1431 1054 1478 populus
1091 1443 1173 1467 non
1212 1430 1360 1467 iudicet
1398 1431 1445 1467 de
1484 1430 1566 1467 suis
1597 1429 1801 1478 operibus,
1820 1443 1861 1465 20

487 1487 583 1524 dicit
615 1488 736 1525 tacite
768 1489 878 1536 quod
909 1489 1083 1537 populus
1114 1502 1196 1525 non
1229 1490 1346 1525 debet
1384 1488 1517 1536 ipsum
1550 1488 1591 1525 in
1623 1487 1803 1525 moribus

487 1545 652 1592 imitari,
676 1545 770 1594 quia
788 1558 976 1583 concessa
998 1546 1231 1583 imitacione
1250 1546 1417 1584 concedi
1432 1555 1592 1595 oportet
1607 1546 1802 1582 iudicium

486 1603 684 1640 imitantis
727 1606 836 1653 quod
880 1604 1030 1641 incedit
1067 1617 1138 1653 per
1174 1605 1281 1642 viam
1326 1614 1477 1641 rectam
1525 1605 1575 1641 ad
1613 1604 1801 1652 patriam,

486 1660 612 1698 immo
651 1661 724 1698 etsi
762 1662 858 1699 dicit
898 1662 939 1699 in
982 1663 1087 1699 facto
1125 1664 1235 1712 quod
1277 1662 1447 1710 ipsemet
1485 1662 1534 1699 sit
1566 1661 1748 1699 diabolus
1781 1675 1803 1700 a

487 1716 645 1756 cunctis·
684 1719 869 1757 fidelibus
913 1720 1140 1769 fugiendus,
1184 1722 1315 1758 adhuc
1360 1722 1478 1757 debet
1522 1720 1656 1757 dicere
1694 1721 1803 1768 quod
1819 1722 1859 1756 25

486 1778 660 1825 populus
705 1777 856 1815 iudicet
901 1779 949 1815 de
993 1778 1074 1815 suis
1124 1778 1239 1815 malis
1287 1778 1491 1827 operibus,
1536 1790 1585 1814 ne
1624 1779 1673 1815 ab
1705 1778 1802 1826 ipsis

486 1835 768 1884 exemplariter
811 1836 862 1873 sit
906 1837 1107 1873 seductus.
1152 1837 1280 1873 Multa
1319 1845 1454 1873 autem
1494 1845 1586 1873 sunt
1619 1836 1802 1884 exempla

483 1905 561 1941 que
584 1903 728 1930 sonant
750 1893 791 1930 in
814 1894 932 1931 istam
956 1894 1217 1941 sentenciam,
1246 1903 1289 1931 ut
1311 1894 1478 1931 Matthei
1501 1895 1582 1941 VII,
1613 1894 1674 1941 15,
1706 1893 1802 1931 dicit

484 1951 685 1988 Christus:
718 1952 913 1989 Attendite
933 1953 1095 2001 afalsis
1122 1953 1337 2002 prophetis,
1370 1953 1436 2002 qui
1466 1952 1620 1988 veniunt
1650 1953 1703 1988 ad
1734 1965 1801 1988 vos

483 2009 519 2044 in
544 2010 778 2046 vestimentis
805 2011 947 2058 ovium,
979 2011 1209 2047 intrinsecus
1241 2018 1367 2047 autem
1399 2017 1487 2047 sunt
1518 2010 1601 2059 lupi
1621 2022 1798 2059 rapaces.
1817 2014 1859 2046 30

482 2068 516 2102 A
542 2068 747 2116 fructibus
790 2080 924 2105 eorum
969 2069 1211 2120 cognoscetis
1251 2081 1325 2105 eos.
1373 2070 1421 2105 Et
1460 2069 1546 2105 Joh.
1579 2068 1711 2115 XVIII,
1747 2068 1796 2104 23

482 2125 663 2173 precepit
708 2126 905 2162 Dominus
952 2128 1000 2163 de
1044 2139 1084 2163 se
1128 2126 1234 2175 ipso:
1281 2127 1325 2162 Si
1365 2127 1465 2163 male
1510 2127 1658 2162 locutus
1700 2138 1798 2172 sum,

483 2184 739 2220 testimonium
780 2184 943 2233 perhibe
988 2185 1034 2220 de
1077 2185 1193 2221 malo.
1240 2186 1288 2220 Et
1326 2185 1414 2220 Act.
1455 2185 1571 2229 XXV,
1612 2196 1658 2220 10
1704 2183 1800 2220 dicit

483 2242 630 2277 Paulus
653 2243 769 2278 Festo
793 2241 916 2278 iudici
946 2242 1135 2279 seculari:
1168 2243 1230 2278 Ad
1252 2242 1424 2278 tribunal
1454 2241 1598 2278 cesaris
1629 2249 1702 2288 sto,
1736 2242 1800 2278 ubi

482 2306 633 2348 oportet
671 2312 730 2336 me
767 2300 945 2338 iudicari.
987 2300 1120 2336 Judeis
1163 2313 1235 2336 non
1280 2300 1405 2347 nocui,
1448 2300 1546 2336 sicut
1590 2307 1628 2336 tu
1662 2299 1797 2335 melius
1814 2302 1853 2335 35

482 2357 593 2394 nosti.
629 2358 673 2393 Si
702 2357 800 2394 enim
834 2358 947 2394 nocui
976 2366 1042 2395 aut
1071 2358 1231 2408 dignum
1266 2365 1392 2394 morte
1424 2357 1570 2406 aliquid
1589 2357 1687 2406 feci,
1721 2369 1794 2393 non

482 2427 617 2451 recuso
650 2416 765 2452 mori.
801 2417 1018 2460 Quomodo
1051 2415 1172 2464 igitur
1193 2424 1379 2452 renueret
1408 2428 1513 2464 papa
1536 2415 1596 2452 vel
1619 2416 1797 2463 prelatus

483 2472 627 2521 aliquis
685 2473 856 2510 iudicari
911 2487 982 2521 per
1039 2473 1213 2510 iudicem
1271 2474 1508 2519 secularem,
1575 2485 1666 2509 cum
1718 2474 1796 2509 Vas

482 2530 697 2568 eleccionis
719 2530 847 2568 instar
878 2531 1060 2580 magistri
1089 2531 1149 2568 sui
1174 2531 1320 2568 Christi
1345 2531 1513 2568 iudicari
1537 2530 1593 2567 sic
1616 2530 1797 2579 eligentis

482 2588 658 2636 appeciit
691 2601 731 2626 se
764 2589 898 2626 taliter
930 2589 1113 2626 iudicari.
1148 2591 1197 2626 Et
1229 2589 1285 2626 sic
1318 2589 1358 2626 in
1391 2589 1501 2626 finali
1534 2588 1683 2625 iudicio
1715 2601 1795 2625 non
1809 2601 1855 2633 40

553 2788 572 2806 1.
596 2780 633 2807 B:
655 2780 797 2807 iudicare
817 2779 909 2807 deest.
1019 2789 1047 2813 4.
1070 2781 1112 2807 A:
1130 2780 1349 2816 pravilegium.
1453 2789 1478 2815 7.
1500 2781 1545 2807 A:
1564 2780 1796 2816 pravilegiatus

482 2814 615 2841 diabolo.
689 2814 715 2841 8.
738 2815 777 2841 ss:
799 2815 963 2842 voluerint.
1038 2823 1084 2849 24,
1106 2815 1146 2842 25.
1170 2815 1208 2842 B:
1229 2823 1248 2842 a
1269 2815 1377 2842 cuntis.
1452 2822 1498 2850 29.
1519 2816 1563 2843 A:
1585 2823 1645 2850 que
1658 2816 1793 2843 veniunt.

481 2848 522 2882 35,
543 2848 588 2876 30.
609 2850 652 2876 A:
673 2850 755 2876 sicut
773 2865 804 2868 —
824 2850 918 2877 nocui
937 2850 1031 2877 deest.
1104 2858 1155 2884 40.
1176 2851 1221 2877 A:
1242 2852 1369 2885 appetzt.
