2062 3327
207 253 295 281 CAP.
321 243 420 297 ναι]
717 255 856 286 PRIMA
883 255 1010 286 PARs.

263 365 411 400 Textus
463 371 598 399 autem
652 361 889 399 Crisostomi
952 362 1090 398 habet:
1150 362 1264 398 Beati
1320 363 1517 399 mansueti.

207 422 445 467 Mansuetus,
478 420 620 468 inquit,
645 432 763 469 neque
794 420 926 455 irritat
958 420 1102 455 malum
1136 432 1253 469 neque
1284 420 1466 456 irritatur
1498 433 1519 457 a

207 480 308 516 malo
348 491 464 527 neque
501 479 690 515 adversus
726 490 809 514 eum
851 478 1029 527 prevalet
1066 490 1181 514 causa
1222 478 1374 527 peccati
1404 490 1521 526 neque

207 538 395 573 adversus
438 537 603 572 alterum
648 547 698 572 ex
720 536 786 572 illo
831 536 1002 572 nascitur
1049 548 1164 572 causa
1202 536 1402 585 peccandi.
1444 537 1521 572 Sed

176 595 335 646 fimagis
356 601 551 631 contentus
588 601 643 630 est
670 594 848 630 iniuriam
879 594 964 643 pati
993 606 1104 643 quam
1128 594 1281 642 facere.
1316 594 1416 630 Nam
1450 594 1523 630 nisi

208 660 403 690 contentus
424 652 554 700 fuerit
591 652 703 688 homo
740 659 779 687 ut
816 659 1012 698 noceatur,
1051 664 1241 701 nunquam
1281 658 1409 701 potest
1441 664 1522 688 esse

207 712 287 748 sine
333 717 506 760 peccato,
559 710 644 758 quia
682 709 779 746 sicut
825 709 1001 761 {izannia
1046 722 1250 758 numquam
1297 710 1432 746 desunt
1484 710 1519 746 in

208 781 322 820 agro,
354 768 408 805 sic
439 780 506 804 nec
538 768 673 804 desunt
705 767 928 803 irritatores
961 768 995 803 in
1029 768 1182 805 mundo.
1222 768 1293 804 Ille
1331 775 1386 804 est
1423 780 1521 818 ergo

210 839 299 864 vere
330 825 644 874 mansuetus-qui
674 837 758 861 cum
796 832 921 861 motus
950 826 1081 874 fuerit
1112 838 1179 862 nec
1211 826 1357 876 cogitat
1379 827 1522 875 facere

157 894 195 915 10
210 885 352 921 malum
381 896 448 920 nec
471 883 587 932 facit.

266 945 314 978 Et
347 942 480 990 quoad
528 942 746 978 seeundum
786 942 950 978 verbum
989 941 1045 977 sic
1084 941 1281 990 loquitur:
1332 942 1520 987 Quoniam

208 1001 281 1050 ipsi
323 1000 591 1036 hereditabunt
642 1007 801 1035 terram.
849 999 938 1036 Sine
989 999 1101 1035 dubio
1152 1007 1299 1036 terram
1345 1000 1520 1036 vivorum

209 1059 255 1095 de
287 1071 359 1107 qua
390 1058 576 1107 scriptum
608 1065 682 1094 est:
719 1057 846 1094 Credo
870 1058 1001 1094 videre
1034 1058 1130 1093 bona
1155 1058 1315 1094 Domini
1345 1058 1380 1094 in
1413 1066 1521 1094 terra

209 1116 432 1153 vivencium.
473 1116 595 1152 Terra
627 1122 753 1151 autem
787 1116 866 1162 hec,
899 1116 995 1152 sicut
1023 1115 1177 1164 quidam
1213 1116 1356 1164 dicunt,
1389 1128 1520 1165 quam-

157 1173 192 1206 15
210 1174 272 1210 diu
306 1181 360 1210 est
391 1174 426 1209 in
460 1173 530 1209 hoc
561 1180 676 1220 statu,
709 1180 816 1209 terra
860 1181 915 1210 est
955 1181 1211 1220 mortuorum,
1244 1174 1330 1223 quia
1364 1174 1525 1210 vanitati

208 1232 375 1269 subiecta
414 1238 491 1276 est;
528 1243 613 1267 cum
646 1238 771 1267 autem
812 1232 973 1268 liberata
1004 1231 1134 1280 fuerit
1173 1232 1220 1268 de
1257 1232 1523 1281 corrupcionis

208 1290 393 1326 servitute
425 1290 460 1324 in
484 1289 697 1326 libertatem
719 1289 850 1340 glorie
869 1289 1048 1339 filiorum
1083 1290 1170 1336 Dei,
1192 1290 1241 1326 sit
1263 1297 1369 1326 terra
1394 1290 1521 1326 viven-

210 1348 322 1395 cium,
380 1355 419 1383 ut
465 1347 704 1383 iimnortales
754 1347 967 1383 hereditent
1017 1347 1287 1384 immortalem.
1344 1348 1521 1384 Alterum

209 1412 461 1455 exponentem
495 1405 576 1455 legi
606 1405 715 1453 quasi
735 1405 856 1441 celum
880 1405 915 1441 in
945 1417 1017 1454 quo
1040 1405 1251 1441 habitaturi
1270 1413 1357 1442 sunt
1387 1406 1522 1452 sancti,

154 1474 195 1495 20
211 1464 363 1499 dicatur
394 1470 501 1499 terra
526 1463 700 1499 vivorum
724 1464 826 1512 quod
842 1470 1023 1512 quantum
1046 1464 1098 1499 ad
1120 1463 1317 1514 regionem
1351 1471 1522 1500 nostram

210 1521 435 1570 inferiorem
469 1521 589 1557 celum
628 1528 696 1569 est,
740 1528 921 1569 quantum
960 1522 1012 1557 ad
1051 1521 1149 1557 illud
1185 1522 1363 1571 superius
1401 1522 1522 1558 celum

211 1586 320 1616 terra
355 1579 507 1617 dicitur.

267 1636 345 1673 Alii
374 1644 500 1673 autem
540 1636 669 1672 dicunt
712 1637 814 1685 quod
856 1649 998 1686 corpus
1042 1645 1216 1674 nostrum
1256 1645 1363 1674 terra
1403 1645 1459 1674 est
1490 1646 1524 1674 et

211 1695 391 1744 quamdiu
423 1694 590 1731 subiacet
622 1694 740 1730 morti
758 1702 867 1730 terra
897 1702 952 1731 est
974 1703 1229 1731 mortuorum.
1269 1696 1364 1732 Cum
1397 1703 1523 1732 autem

155 1753 332 1802 25fuerit
363 1753 689 1801 transformatum
730 1759 765 1788 et
803 1752 1005 1801 conforme
1033 1753 1190 1802 factum
1224 1766 1365 1803 corpus
1396 1754 1525 1804 glorie

216 1811 374 1857 Christi,
408 1811 480 1847 erit
512 1818 619 1846 terra
654 1810 829 1846 vivorum
868 1818 903 1846 et
935 1812 1203 1847 hereditabunt
1234 1824 1315 1847 eam
1350 1820 1521 1848 eternam

211 1869 333 1905 eterni
363 1875 398 1904 et
429 1868 669 1918 spiritualem
701 1875 736 1904 et
766 1875 938 1904 sanctam
971 1869 1194 1918 spirituales
1225 1876 1260 1906 et
1291 1870 1423 1906 sancti.

1756 250 1804 286 25

267 1925 434 1962 Videtur
466 1935 599 1963 autem
632 1925 728 1962 istos
772 1935 929 1962 sanctos
961 1925 1168 1964 intendere
1201 1929 1309 1976 quod
1343 1928 1524 1965 Christus
1540 1936 1699 1964 Meekness
1720 1936 1746 1964 is
1767 1936 1815 1963 the

211 1984 353 2021 excitat
386 1984 449 2021 hie
482 1985 531 2021 ad
566 1983 754 2020 miticiam
790 1997 867 2031 que
897 1992 955 2020 est
989 1984 1140 2021 fructus
1174 1985 1411 2023 humilitatis
1443 1999 1525 2022 non
1567 2007 1606 2034 hu

1618 1972 1690 1999 fruit
1710 1973 1742 1999 ot

1612 2007 1710 2043 mility
1729 2006 1788 2034 and

155 2042 339 2078 3osolum
384 2041 424 2078 in
467 2042 603 2078 anima
647 2043 697 2078 ad
757 2041 922 2078 iniurias
966 2042 1204 2090 paciendum
1254 2045 1321 2080 sed
1366 2043 1407 2080 in
1440 2057 1524 2081 cor-
1540 2042 1590 2068 ¹¹¹⁶
1610 2042 1693 2069 ‘³³⁸¹‘
1716 2041 1816 2069 which

211 2112 308 2148 pore
341 2101 391 2136 ad
424 2099 693 2148 equanimiter
725 2100 1011 2136 sufferendum.
1046 2103 1095 2137 Et
1128 2102 1176 2138 de
1208 2110 1314 2139 terra
1346 2101 1525 2151 loquitur

210 2170 286 2206 que
316 2166 374 2194 est
403 2158 546 2194 celum.
580 2160 681 2194 Nam
711 2157 808 2194 illud
837 2159 1001 2195 verbum
1032 2160 1128 2195 Gen.
1154 2162 1181 2206 Ι,
1219 2172 1229 2195 1
1268 2161 1309 2195 In
1333 2160 1526 2209 principio

210 2215 356 2252 creavit
387 2217 494 2252 Deus
526 2216 646 2252 celum
677 2223 712 2251 et
740 2223 887 2252 terram
926 2229 1022 2253 sane
1065 2216 1251 2266 intelligit
1275 2230 1345 2266 per
1377 2226 1524 2255 terram

212 2274 462 2322 corporalem
496 2282 681 2310 naturam
708 2286 784 2321 que
810 2275 930 2311 habet
962 2274 1016 2310 ibi
1049 2274 1203 2312 diversa
1236 2275 1424 2322 nomina;
1457 2277 1525 2312 sed

155 2337 194 2368 35
211 2332 258 2367 de
291 2332 419 2368 forma
442 2331 682 2368 variaeionis
704 2333 917 2368 verborum
943 2341 1000 2369 est
1023 2332 1208 2370 dubietas
1232 2334 1340 2381 apud
1365 2334 1525 2370 multos.

211 2389 398 2425 Creditur
430 2398 565 2426 tamen
598 2390 706 2438 quod
751 2390 933 2426 Christus
979 2403 1090 2427 more
1135 2404 1206 2428 suo
1250 2391 1376 2440 priori
1408 2391 1527 2428 infert

212 2459 256 2483 ex
289 2448 363 2483 hac
395 2447 541 2484 virtute
575 2448 834 2484 commodum
867 2450 973 2497 quod
1011 2448 1214 2486 videretur
1255 2449 1526 2486 mundialibus

212 2517 296 2541 esse
329 2506 377 2541 ab
412 2505 527 2541 huius
559 2504 717 2542 virtutis
763 2518 884 2553 opere
930 2506 1100 2543 maxime
1135 2508 1381 2555 elongatum.
1416 2507 1528 2544 Sicut

213 2562 320 2598 enim
355 2572 571 2611 paupertas
604 2562 771 2612 spiritus
804 2565 1022 2601 secundum
1049 2566 1298 2602 mundanum
1332 2578 1527 2614 apparen-

287 2751 306 2770 1.
328 2744 357 2770 A
378 2743 407 2770 in
430 2752 544 2779 marg:
569 2744 782 2772 Crisostomus.
885 2745 910 2773 5.
931 2746 975 2773 A:
997 2754 1066 2773 nam
1085 2746 1121 2773 si.
1226 2753 1263 2774 12.
1284 2747 1331 2774 A:
1353 2747 1414 2783 ipsi
1433 2747 1527 2774 deest.

214 2785 260 2812 29.
287 2777 405 2806 Codd.:
427 2778 489 2805 liec.

300 2882 327 2903 1.
354 2872 455 2915 Opus
481 2873 631 2915 Imperf.‚
658 2873 680 2905 1.
708 2884 736 2906 c.
762 2884 795 2916 p.
823 2873 900 2918 789.
1001 2876 1050 2908 13.
1076 2875 1131 2906 Ps.
1155 2876 1275 2916 XXVI,
1306 2876 1357 2908 13,

1553 2077 1603 2103 the
1625 2076 1711 2104 mcek
1732 2076 1807 2103 shall

1602 2111 1714 2138 inhesit
1734 2111 1760 2138 is

1616 2146 1741 2174 heaven.
