2003 3322
163 222 240 259 386
852 229 970 260 opos
996 228 1331 260 EVANGELICUM
1467 215 1573 268 [CAP.
1594 225 1762 253 xxxvm.

446 337 676 385 plerumque
722 335 853 380 noxia,
893 335 939 369 de
976 335 1108 382 quibus
1152 342 1278 370 tamen
1325 334 1520 369 nonnichil
1564 334 1764 369 dicendum

451 402 525 430 est:
562 394 631 430 sed
671 394 742 429 hoc
778 393 901 441 ipsum
940 393 1191 441 aperiendum
1233 400 1267 428 et
1305 392 1593 441 explicandum,
1640 398 1679 426 ut
1711 391 1764 426 in-

450 452 553 500 quiri
583 452 674 487 talia
708 463 781 487 non
815 457 1001 500 oporteat.
1036 450 1097 484 De
1119 451 1233 485 rebus
1256 461 1347 485 vero
1377 450 1530 485 utilibus
1559 449 1767 497 aliquando

161 515 294 554 Christ's
314 515 437 549 dealing
450 510 502 546 ad
524 510 564 545 id
586 509 895 558 respondendum
920 515 974 544 est
996 508 1098 556 quod
1119 508 1435 557 interrogamur:
1465 507 1563 542 sicut
1578 506 1769 543 Dominus

195 550 399 621 quegiibzers.
440 568 554 617 fecit,
596 580 681 603 cum
715 579 798 602 eum
835 566 1029 602 Sadducei
1061 566 1107 601 de
1139 566 1301 601 muliere
1332 565 1654 615 interrogassent,
1699 564 1801 612 que5

449 633 592 675 septem
629 625 734 661 viros
766 625 910 669 habuit,
944 624 1052 660 cuius
1083 635 1216 659 eorum
1249 623 1285 658 in
1320 622 1611 659 resurreccione
1623 622 1767 670 futura

450 691 560 721 esset.
614 682 829 732 Respondit
872 682 926 718 eis
969 682 1071 730 quod
1121 681 1157 716 in
1206 680 1495 716 resurreccione
1536 680 1594 716 illi
1652 691 1770 728 neque

451 742 589 778 nubent
640 752 758 789 neque
807 751 953 776 uxores
998 740 1135 774 ducent
1172 739 1242 775 sed
1278 746 1389 774 erunt
1430 738 1526 774 sicut
1564 738 1696 788 angeli
1734 737 1769 772 in

451 800 555 846 celis,
586 799 649 834 ubi
676 799 747 834 lux
774 805 809 834 et
826 809 914 846 pax
935 804 970 833 et
990 797 1194 847 gaudium,
1219 796 1411 842 eternitas,
1434 796 1635 842 securitas,
1659 795 1769 831 beata

440 858 629 906 felicitas.
681 856 899 904 Aliquando
943 862 1069 890 autem
1116 855 1181 890 ille
1218 854 1282 903 qui
1324 854 1557 904 interrogat,
1603 853 1769 888 interro-
1790 864 1829 884 10

450 916 607 966 gandus
639 922 694 950 est
725 914 844 960 aliud,
878 914 980 961 quod
1012 920 1137 948 tamen
1169 912 1203 948 si
1235 912 1393 958 dixerit,
1434 911 1515 960 ipse
1545 911 1618 947 sibi
1649 911 1700 946 ad
1732 911 1772 945 id

452 974 553 1022 quod
585 972 861 1022 interrogavit,
901 972 1145 1020 respondeat.
1193 970 1236 1005 Si
1265 977 1391 1005 autem
1426 969 1554 1005 dicere
1592 968 1771 1014 noluerit,

453 1044 526 1067 non
560 1031 714 1066 videtur
746 1030 799 1065 eis
830 1028 894 1078 qui
924 1030 1065 1065 adsunt
1097 1028 1291 1074 iniustum,
1332 1028 1366 1063 si
1396 1034 1431 1063 et
1469 1027 1549 1076 ipse
1581 1027 1683 1075 quod
1714 1026 1769 1061 in-

453 1089 674 1139 terrogavit
713 1100 786 1123 non
825 1087 969 1122 audiat.
1024 1087 1125 1122 Nam
1167 1093 1201 1122 et
1239 1085 1298 1120 illi
1318 1085 1382 1133 qui
1411 1085 1770 1134 interrogaverunt,

453 1154 682 1196 temptantes
720 1153 849 1181 utrum
890 1145 1128 1180 reddendum
1170 1150 1267 1179 esset
1299 1143 1497 1189 tributum,
1536 1141 1829 1192 interrogati15

453 1213 540 1242 sunt
578 1204 696 1250 aliud,
736 1204 777 1238 id
809 1210 875 1250 est,
917 1203 1024 1238 cuius
1055 1203 1215 1238 haberet
1246 1213 1424 1236 nummus
1456 1200 1678 1251 imaginem,
1711 1199 1776 1248 qui

454 1264 500 1298 ab
539 1262 631 1312 ipsis
658 1262 841 1311 prolatus
878 1268 955 1297 est:
992 1268 1026 1296 et
1059 1260 1145 1308 quia
1180 1260 1366 1295 dixerunt
1398 1260 1499 1307 quod
1539 1257 1776 1307 interrogati

455 1328 579 1367 erant,
624 1321 663 1355 id
701 1327 768 1366 est,
819 1319 975 1355 Cesaris
1012 1318 1221 1368 imaginem
1261 1317 1403 1353 habere
1447 1328 1657 1363 nummum,
1701 1315 1776 1364 ipsi

455 1390 602 1428 quoque
653 1377 727 1414 sibi
778 1377 852 1425 ipsi
906 1376 1192 1425 quodammodo
1246 1375 1530 1424 responderunt
1583 1374 1623 1409 id
1673 1373 1775 1422 quod

456 1437 665 1472 Dominum
700 1435 1064 1485 interrogaverant3
1106 1434 1231 1481 itaque
1269 1433 1333 1468 ille
1366 1444 1416 1468 ex
1448 1444 1582 1468 eorum
1616 1443 1773 1480 respon-
1791 1444 1833 1464 20

455 1495 560 1531 sione
605 1494 656 1529 ita
706 1493 894 1529 conclusit
939 1492 1087 1528 dicens:
1139 1491 1305 1526 Reddite
1348 1502 1446 1540 ergo
1497 1489 1633 1526 Cesari
1674 1489 1775 1537 quod

456 1553 535 1589 eius
581 1559 637 1588 est
681 1559 716 1587 et
760 1551 845 1586 Deo
890 1550 992 1599 quod
1034 1550 1114 1585 eius
1160 1556 1227 1585 est.
1279 1548 1375 1583 Cum
1420 1555 1548 1583 autem
1589 1547 1775 1596 princeps

455 1611 702 1647 sacerdotum
726 1616 761 1644 et
782 1609 953 1645 seniores
980 1607 1119 1657 populi
1148 1607 1471 1656 interrogassent,
1504 1606 1539 1640 in
1564 1617 1635 1653 qua
1664 1612 1773 1653 pote-

456 1676 553 1704 state
575 1668 643 1703 illa
655 1668 827 1715 faceret,
861 1665 1124 1715 interrogavit
1156 1677 1219 1700 eos
1243 1665 1289 1700 de
1317 1664 1545 1712 baptismate
1565 1661 1777 1706 Johannis,·

457 1734 492 1762 et
523 1739 607 1762 cum
641 1725 786 1761 nollent
819 1724 959 1769 dicere,
1005 1724 1107 1772 quod
1138 1730 1275 1758 contra
1313 1734 1354 1757 se
1387 1721 1463 1757 dici
1494 1721 1685 1766 videbant,
1731 1720 1777 1755 de
1793 1724 1832 1755 25

454 1785 629 1820 Johanne
661 1791 786 1818 autem
821 1782 916 1817 nihil
948 1782 1041 1817 mali
1064 1781 1192 1816 dicere
1213 1780 1403 1815 auderent
1421 1786 1589 1827 propter
1611 1778 1774 1814 circum-

456 1849 620 1878 stantes:
666 1841 749 1877 Nec
788 1852 874 1890 ego,
914 1840 1019 1875 vobis
1053 1839 1191 1884 dicam,
1231 1837 1361 1886 inquit,
1403 1838 1438 1871 in
1478 1849 1550 1885 qua
1585 1842 1778 1884 potestate

458 1901 526 1935 hec
538 1900 665 1948 facio,
700 1899 802 1947 quod
826 1898 1077 1934 iustissimum
1101 1896 1284 1945 apparuit
1307 1894 1656 1930 circumstantibus.
1693 1893 1778 1929 Hoc

458 1958 555 1993 enim
579 1970 618 1993 se
646 1957 794 1993 nescire
818 1956 1015 2001 dixerunt,
1049 1955 1149 2003 quod
1181 1966 1253 1989 non
1288 1953 1515 1997 nesciebant,
1549 1952 1618 1988 sed
1651 1951 1779 1987 dicere

458 2016 649 2051 nolebant.
696 2015 748 2050 Et
791 2026 930 2049 revera
975 2013 1115 2048 iustum
1163 2018 1258 2055 erat,
1305 2018 1344 2046 ut
1383 2010 1447 2058 qui
1489 2010 1561 2045 sibi
1604 2009 1779 2045 volebant
1796 2012 1837 2043 30

459 2073 690 2122 responderi
720 2073 822 2120 quod
853 2072 1209 2121 interrogaverant,
1239 2068 1354 2117 prius
1386 2068 1657 2117 ipsifacerent
1677 2067 1780 2115 quod

459 2144 557 2181 erga
601 2143 641 2167 se
675 2130 774 2180 fieri
813 2129 1076 2178 postulabant.
1129 2128 1242 2171 Quod
1284 2126 1319 2162 si
1343 2126 1546 2174 fecissent,
1593 2124 1667 2173 ipsi
1708 2123 1781 2160 sibi

460 2190 586 2238 utique
630 2188 932 2237 respondissent.
979 2187 1058 2235 Ipsi
1101 2185 1199 2221 enim
1245 2185 1430 2219 miserant
1475 2183 1526 2218 ad
1566 2183 1779 2218 Jolzannem

460 2255 661 2295 querentes
684 2246 767 2294 quis
790 2252 900 2291 esset,
935 2245 994 2280 vel
1011 2244 1148 2293 pocius
1176 2242 1250 2291 ipsi
1281 2242 1387 2277 missi
1418 2248 1529 2276 erant
1559 2240 1781 2277 sacerdotes

461 2312 496 2340 et
536 2305 680 2350 Levite,
722 2310 902 2352 putantes
946 2302 1048 2351 quod
1097 2302 1178 2350 ipse
1219 2307 1316 2335 esset
1353 2299 1545 2343 Christus,
1594 2310 1678 2333 cum
1719 2297 1783 2332 ille
1801 2301 1838 2330 vv

461 2363 617 2412 negavit
648 2374 688 2398 se
720 2374 800 2397 esse
832 2368 867 2396 et
900 2360 1067 2396 Domino
1100 2358 1356 2394 testimonium
1385 2356 1597 2405 perhibuit,
1633 2356 1679 2390 de
1709 2367 1781 2403 quo

461 2420 677 2456 testimonio
721 2420 756 2455 si
797 2418 973 2468 confiteri
1015 2417 1166 2461 vellent,
1212 2416 1286 2464 ipsi
1327 2427 1367 2450 se
1412 2415 1593 2450 docerent
1633 2413 1668 2448 in
1709 2425 1781 2460 qua

457 2485 649 2527 potestate
700 2477 767 2512 illa
801 2477 960 2525 faceret
1010 2475 1211 2510 Christus:
1270 2473 1372 2521 quod
1416 2472 1528 2520 quasi
1578 2470 1783 2507 nescientes

462 2537 821 2585 interrogaverant,
856 2542 895 2570 ut
926 2532 1219 2581 calumpniandi
1248 2531 1394 2566 aditum
1429 2529 1658 2579 reperirent.

532 2701 556 2721 2.
584 2693 691 2721 Recte:
724 2700 778 2719 cur
809 2691 937 2726 inquiri.
1046 2698 1060 2722 4
1107 2690 1152 2716 A:
1183 2691 1377 2723 interrogant
1497 2694 1524 2717 7.
1544 2686 1588 2712 A:
1616 2685 1665 2711 illi
1691 2684 1783 2711 deest.

465 2736 504 2761 ¹4·
527 2730 571 2756 A:
593 2728 716 2755 audeat.
793 2734 833 2761 19.
856 2727 900 2753 A:
923 2734 979 2760 zpst
999 2711 1136 2751 omitted.
1220 2731 1264 2749 20.
1287 2724 1330 2749 A:
1353 2722 1407 2748 illt.
1489 2720 1534 2748 36.
1558 2720 1594 2746 13:
1618 2722 1646 2746 ct
1666 2719 1784 2746 dicere.

536 2801 562 2832 5.
590 2799 706 2831 Matth.
728 2799 829 2838 XXH,
858 2799 909 2829 23.
940 2798 1022 2828 Mar.
1043 2797 1113 2827 XII.
1146 2806 1193 2837 19.
1225 2795 1306 2825 Luc.
1336 2794 1408 2831 XX,
1438 2792 1489 2825 28,
1584 2802 1631 2832 14.
1662 2789 1779 2821 Matth.

464 2848 563 2886 XXII,
579 2847 626 2878 Μ’).
673 2846 848 2876 21.ib.21.
901 2845 952 2877 23.
969 2842 1074 2874 Matth
1102 2842 1188 2880 ΧΧΙ,
1208 2842 1257 2873 23.
1310 2850 1361 2881 27.
1379 2840 1421 2870 ib.
1439 2849 1490 2880 27.
1537 2837 1778 2879 33..10h.1,19.
