2003 3322
170 234 248 261 2οο
865 230 983 261 opus
1009 229 1344 261 EVANGELICUM
1569 217 1675 270 [CAP.
1697 226 1774 253 μιν.

457 345 492 372 et
525 349 566 373 ea
600 338 797 372 voluntate
835 336 1012 382 vindicet,
1055 348 1127 385 qua
1168 344 1285 385 pater
1329 336 1364 371 in
1398 336 1528 385 filium
1562 336 1773 384 parvulum

456 407 566 443 quem
613 407 689 443 per
739 401 875 430 etatem
937 394 1063 430 odisse
1114 394 1281 429 nondum
1329 400 1470 442 potest.
1523 393 1625 428 Hinc
1677 393 1773 428 enim

457 452 698 501 aptissimum
753 452 974 500 exemplum
1019 452 1138 487 datur
1178 464 1251 500 quo
1294 451 1389 487 satis
1432 458 1622 500 appareat
1661 462 1777 499 posse

455 517 655 559 peccatum
688 522 823 545 anszore
840 509 976 558 pocius
999 509 1191 545 vindicari
1210 522 1324 558 quam
1349 509 1573 558 impunitum
1599 508 1774 556 relinqui,

459 575 499 603 ut
551 568 659 603 illum
713 568 749 602 in
799 579 909 616 quem
962 567 1130 603 vindicat
1182 580 1254 603 non
1303 579 1404 616 pena
1467 567 1647 602 miserum
1708 567 1809 602 sedf)

459 625 710 674 correpcione
736 625 825 661 velit
848 625 1012 671 beatum,
1041 632 1209 673 paratus
1241 632 1380 669 tamen,
1414 624 1448 660 si
1474 636 1568 673 opus
1595 624 1656 671 sit,
1682 636 1775 673 equo

459 683 586 719 animo
597 683 717 732 plura
741 683 913 718 tolerare
927 683 973 718 ab
992 683 1058 718 illo
1081 683 1190 718 illata
1206 695 1313 731 quem
1338 682 1418 717 vult
1440 694 1520 718 esse
1542 689 1774 728 correctum,

458 741 539 777 sive
570 741 605 776 in
638 753 722 777 eum
755 741 895 776 habeat
921 747 1151 789 potestatem
1175 740 1377 776 coercendi
1406 740 1485 776 sive
1518 752 1589 776 non
1623 740 1771 775 habeat.

462 801 545 835 Hec
577 798 836 846 Augustinus.

187 864 397 903 Christus-law
419 872 434 902 a
518 855 687 892 Videtur
720 865 852 893 autem
888 855 1009 892 istum
1043 865 1225 892 sanctum
1267 868 1311 892 ex
1351 855 1425 891 hiis
1458 855 1587 892 verbis
1625 854 1773 891 Christi
1795 871 1831 890 10

188 900 429 962 cgngpglegcfgwot
462 914 673 962 concipere
706 915 816 962 quod
849 914 922 950 hec
954 914 1014 949 lex
1047 913 1180 961 gracie
1220 914 1313 950 data
1346 913 1386 950 in
1429 922 1564 949 monte
1606 925 1688 949 non
1722 912 1774 949 sit

461 971 666 1009 contraria
710 972 787 1020 legi
832 971 956 1008 veteri
1002 972 1070 1008 sed
1118 971 1259 1008 melior
1304 980 1342 1007 et
1388 971 1637 1019 complecior
1680 970 1774 1019 quia

464 1029 783 1080 misericordior3
816 1031 925 1078 quod
960 1030 1138 1066 declarat
1164 1029 1393 1077 specialiter
1416 1031 1464 1066 de
1487 1042 1591 1077 pena
1613 1028 1774 1065 talionis

463 1101 585 1137 quam
627 1088 666 1124 in
714 1087 994 1124 misericordia
1040 1087 1281 1124 christianus
1327 1089 1446 1124 debet
1490 1088 1772 1135 superaddere,

463 1159 553 1182 curn
588 1146 653 1182 ille
687 1146 754 1194 qui
788 1146 882 1183 facit
917 1145 1218 1182 misericordius
1251 1145 1345 1182 facit
1378 1145 1535 1181 iustius.
1586 1145 1774 1181 Declarat
1795 1148 1831 1180 15

463 1214 596 1241 autem
633 1205 709 1241 hoc
742 1204 924 1240 Christus
963 1204 1003 1239 in
1044 1204 1227 1251 exemplo
1267 1203 1433 1251 triplici:
1480 1203 1612 1251 primo
1649 1203 1774 1251 magis

465 1262 675 1298 manifesta
719 1262 895 1298 vindicta
938 1262 1108 1310 capitur,
1152 1261 1219 1298 ubi
1267 1261 1507 1298 christianus
1555 1270 1597 1297 ut
1639 1262 1775 1297 dextra

464 1320 626 1357 maxilla
659 1320 895 1368 percutitur,
930 1319 970 1355 in
1002 1319 1114 1356 cuius
1147 1320 1369 1356 remedium
1401 1319 1582 1355 Christus
1605 1319 1775 1367 precipit

465 1379 515 1414 ad
548 1391 709 1414 sensum
745 1377 970 1427 expositum
995 1379 1103 1426 quod
1135 1379 1300 1425 prebeat
1333 1377 1552 1414 sinistram.
1588 1378 1774 1414 Secundo

465 1436 691 1472 coloracius
725 1445 783 1473 est
816 1435 947 1472 fidelis
979 1436 1020 1472 in
1052 1435 1189 1472 anima
1214 1444 1459 1483 persecutus,
1495 1436 1588 1471 dum
1614 1444 1773 1483 preten-
1791 1448 1833 1468 20

466 1494 573 1530 ditur
606 1495 826 1530 secundum
860 1495 966 1542 leges
995 1495 1194 1530 humanas
1219 1506 1302 1530 esse
1325 1493 1525 1530 iusticiam
1553 1502 1771 1540 executam,

465 1553 534 1588 sed
582 1552 676 1600 quia
721 1552 866 1589 mentis
911 1551 1182 1600 tranquillitas
1226 1560 1284 1589 est
1329 1551 1471 1588 melior
1516 1564 1636 1600 quam
1684 1551 1773 1588 talis

467 1611 691 1657 contencio,
726 1610 817 1648 ideo
851 1611 967 1647 docet
1001 1610 1184 1647 Christus
1218 1611 1323 1646 bona
1356 1610 1515 1646 fortune
1547 1609 1773 1657 relinquere

467 1677 504 1704 et
541 1681 624 1705 non
668 1668 723 1704 sic
767 1668 808 1705 in
853 1667 1002 1705 iudicio
1054 1667 1224 1705 seculari
1270 1669 1527 1713 contendere,
1569 1675 1606 1704 et
1645 1667 1774 1704 maius

466 1726 751 1763 inconveniens
784 1727 893 1775 quod
926 1735 1161 1775 sequeretur
1201 1738 1244 1762 ex
1277 1727 1351 1762 hac
1385 1725 1533 1763 Christi
1570 1725 1776 1762 sentencia
1792 1730 1832 1761 25

466 1785 568 1820 foret
596 1786 705 1832 quod
739 1784 875 1820 fideles
909 1793 1039 1820 essent
1073 1784 1276 1821 exonerati
1313 1785 1526 1832 perdentes
1559 1783 1775 1831 superflua,

465 1854 543 1890 que
589 1844 683 1878 dum
728 1842 851 1890 gratis
904 1843 1133 1879 desererent
1179 1842 1394 1891 implerent
1447 1841 1651 1878 meritorie
1705 1842 1779 1878 hoc

468 1901 702 1936 mandatum
737 1899 901 1936 Domini
934 1901 1217 1937 consultivum.

211 1977 236 2004 It
257 1976 360 2003 would
384 1976 423 2002 be*
525 1960 580 1994 Ex
612 1957 689 1994 isto
724 1970 813 1995 cum
838 1957 940 1994 veris
964 1958 1129 2007 quidam
1164 1958 1327 1995 eliciunt
1351 1960 1459 2006 quod
1493 1959 1643 1994 bonum
1677 1965 1781 1994 esset

194 2012 274 2074 ,32ssss
295 2011 426 2073 ὲξοῑιὲξζῇ
469 2028 549 2052 non
589 2028 672 2052 esse
712 2015 752 2052 in
791 2015 958 2052 ecclesia
997 2017 1125 2064 legem
1167 2016 1337 2062 civilem,
1387 2029 1475 2052 cum
1524 2015 1651 2052 fidelis
1698 2028 1780 2051 non
1796 2019 1837 2052 30

281 2082 349 2108 law.
469 2075 585 2110 debet
618 2075 862 2111 contendere
894 2075 962 2110 sed
992 2074 1075 2122 pati
1109 2073 1274 2111 iniurias
1308 2074 1348 2110 in
1381 2073 1673 2122 temporalibus
1706 2072 1780 2110 sibi

469 2132 607 2168 factas.

177 2209 248 2236 And
270 2209 327 2236 still
351 2208 445 2235 better
526 2192 581 2226 Ex
600 2190 744 2238 quibus
769 2202 859 2226 cum
880 2189 1140 2237 generalitate
1164 2190 1280 2226 huius
1304 2189 1461 2226 consilii
1484 2190 1602 2238 plane
1626 2189 1781 2226 videtur

196 2244 428 2314 ῑῐζὸῐῐὲῗὶῐξὸζνιξζῇ
470 2249 578 2296 quod
611 2248 715 2295 leges
749 2247 883 2284 civiles
915 2261 998 2284 non
1023 2248 1173 2284 directe
1196 2247 1427 2297 proficiunt,
1462 2260 1598 2295 ymmo
1621 2256 1780 2293 nocent,

275 2318 359 2353 asxto
471 2314 507 2342 et
542 2306 668 2342 multo
709 2305 834 2354 magis
872 2306 979 2353 leges
1018 2307 1181 2354 papales
1221 2305 1478 2342 contenciose
1519 2306 1625 2343 circa
1664 2307 1782 2342 bene·
1799 2308 1839 2341 35

238 2349 395 2375 beneficos.
471 2363 561 2400 ficia
595 2372 841 2400 curatorum.
883 2366 930 2399 Et
963 2372 1073 2412 patet
1106 2377 1226 2413 quam
1262 2363 1435 2412 graviter
1473 2372 1642 2412 peccant
1675 2376 1783 2412 pres-

471 2421 597 2469 byteri
631 2421 700 2470 qui
734 2422 893 2458 discunt
927 2422 997 2458 has
1030 2422 1149 2470 leges,
1196 2422 1360 2458 dimissa
1407 2422 1492 2469 lege
1528 2421 1704 2467 Domini,
1745 2429 1782 2457 et

470 2479 586 2527 longe
620 2479 779 2527 gravius
813 2479 880 2528 qui
914 2482 1163 2516 contendunt
1198 2481 1419 2516 secundum
1461 2480 1531 2516 has
1564 2480 1669 2528 leges
1703 2479 1782 2515 sive

470 2539 689 2573 secundum
747 2537 990 2574 tradiciones
1043 2537 1272 2586 imperiales
1325 2537 1405 2574 sive
1458 2538 1636 2585 papales,
1691 2550 1780 2574 cum

471 2604 637 2643 propter
681 2596 779 2632 tales
826 2595 1061 2632 maledictas
1106 2595 1392 2632 contenciones
1437 2596 1514 2631 hoc
1568 2595 1780 2632 consilium
1798 2602 1842 2633 40

471 2653 635 2689 Domini
669 2653 719 2689 sit
752 2653 942 2701 sopitum.

542 2810 582 2836 16.
616 2809 732 2837 Codd.:
764 2809 865 2844 primo
897 2809 965 2841 nbi:
996 2810 1024 2836 A
1056 2809 1085 2836 in
1120 2818 1232 2844 marg:
1270 2817 1290 2836 1.
1408 2817 1448 2844 19.
1482 2811 1511 2837 A
1545 2809 1573 2836 in
1608 2818 1722 2844 marga
1757 2817 1784 2837 2.

472 2852 514 2877 27,
537 2846 581 2871 A:
603 2845 769 2876 deserunt;
790 2844 828 2871 13:
850 2844 1003 2871 deserent.
