2003 3322
169 228 242 272 146
865 231 982 263 OPUS
1008 229 1344 262 EVANGELmuM
1550 217 1658 271 [CAP.
1679 226 1755 254 xm.

173 347 238 385 The
259 346 425 381 adversm-y
449 345 683 381 nostrorum,
727 350 839 386 quam
889 338 951 372 diu
997 337 1158 372 vivimus
1201 336 1237 372 in
1281 336 1352 372 hac
1396 335 1472 371 vita
1518 331 1617 385 (vita
1660 335 1756 372 enim

196 390 221 408 ¹⁵
239 381 392 450 gnlgrffirgian
449 396 615 432 omnium
661 396 854 431 hominum
900 395 1110 431 communis
1152 401 1209 430 est
1246 394 1322 430 vita
1361 394 1432 429 ista
1477 392 1646 429 carnalis
1684 405 1759 442 per

450 466 561 502 quam
591 465 719 489 omnes
751 453 922 489 homines
950 459 1162 499 transeunt,
1195 451 1282 488 boni
1302 459 1337 487 et
1359 448 1471 503 malz)
1503 450 1625 486 sciens
1646 462 1757 499 quam

446 511 708 560 periculosum
742 518 797 547 est
828 511 861 546 si
892 523 987 546 unus
1019 522 1069 546 ex
1104 510 1265 546 inimicis
1288 521 1385 559 pace
1416 521 1487 544 non
1502 508 1617 557 facta
1630 508 1760 558 fuerit

453 576 650 613 mortuus;
694 581 779 604 nam
821 576 970 617 postea,
1013 568 1047 604 si
1086 567 1277 604 voluerint
1318 578 1453 616 pacem
1488 566 1643 615 facere,
1687 578 1759 602 non

448 632 620 676 possunt,
653 638 737 662 cum
762 626 918 674 fuerint
948 626 1131 675 separati.
1181 625 1223 661 Si
1252 632 1377 661 autem
1411 623 1591 673 quamdiu
1624 624 1660 660 in
1700 624 1759 660 via

453 684 564 721 liuius
597 685 670 720 vite
701 697 752 729 es,
798 696 869 720 non
899 683 1051 732 seceris
1084 695 1221 732 pacem
1260 694 1344 718 cum
1385 682 1614 718 adversario
1652 693 1759 731 quem

453 742 573 779 lesisti
602 743 670 778 sed
702 741 762 778 hic
794 742 1031 777 inimicantes
1051 753 1123 790 per
1144 747 1308 776 mortem
1331 740 1452 776 ieritis
1483 746 1570 776 ante
1600 740 1761 775 iudicem

459 800 669 843 Christian,
708 800 840 836 tradet
875 807 910 836 te
947 799 1116 845 Christo,
1150 798 1376 835 convincens
1408 805 1444 834 te
1481 809 1588 834 reum
1622 797 1761 833 iudicio

453 859 544 903 eius,
579 866 613 894 et
644 858 763 894 iudex
796 858 924 893 tradet
947 865 982 893 te
1009 857 1198 904 ministro,
1231 856 1271 891 id
1302 863 1369 903 est,
1402 856 1542 907 angelo
1570 867 1760 905 penarum

453 916 606 952 crudeli
636 923 671 951 et
702 916 766 951 ille
799 916 921 951 mittet
952 922 987 951 te
1019 915 1055 950 in
1088 925 1286 950 carcerem
1318 914 1505 964 gehenne.

199 995 405 1024 Chrvsostom
512 973 586 1009 Hic
620 973 734 1009 multi
768 973 995 1020 intelligunt
1024 973 1130 1008 hunc
1153 979 1335 1008 sanctum
1359 970 1605 1008 contrarium
1631 972 1764 1018 Augu-

176 1030 206 1057 in
227 1025 429 1075 exbounding
454 1031 570 1077 stino,
616 1032 709 1067 dum
748 1031 830 1068 vult
869 1043 939 1078 per
977 1029 1250 1067 adversarium
1291 1029 1354 1074 (de
1387 1041 1466 1078 quo
1499 1028 1762 1077 evangelium)

215 1073 222 1081 ,
244 1066 249 1078 «
414 1074 419 1078 ,

173 1065 414 1127 ἴῂᾞεᾶἐνῗῑξὲῗιτ)
454 1089 676 1137 intelligere
716 1088 920 1125 hominem
956 1090 1249 1134 adversantem,
1283 1088 1394 1135 quod
1426 1086 1671 1135 Augustinus
1704 1098 1765 1122 ex-

183 1139 419 1203 {ggeZucfflSttrizrey
456 1158 592 1195 presse
614 1147 844 1195 impugnat3
868 1148 937 1183 sed
954 1159 1027 1183 nos
1050 1158 1132 1182 non
1148 1145 1390 1193 ambigimus
1407 1144 1502 1193 quin
1516 1143 1765 1193 Augustinus

455 1205 495 1241 in
518 1205 593 1241 isto
618 1205 739 1241 sensit
763 1204 971 1251 catholice,
1006 1217 1095 1240 cum
1128 1204 1232 1240 enim
1257 1204 1332 1239 hoc
1357 1203 1592 1239 mandatum
1618 1201 1765 1238 Christi

456 1263 504 1299 sit
543 1263 804 1299 indiffinitum
845 1271 882 1299 et
920 1262 975 1299 sic
1014 1262 1199 1310 generale
1238 1262 1288 1297 ad
1327 1273 1466 1297 omnes
1506 1260 1687 1297 homines
1725 1272 1765 1297 se

456 1321 642 1367 extendit,
667 1321 874 1369 supposito
897 1320 1018 1370 igitur
1033 1321 1140 1368 quod
1163 1320 1381 1356 habeamus
1404 1319 1566 1355 fratrem
1582 1326 1764 1355 nostrum

456 1380 728 1416 adversarium
780 1379 848 1427 qui
896 1387 954 1415 est
997 1377 1190 1426 prescitus
1240 1377 1281 1412 in
1330 1376 1496 1413 crimine
1541 1376 1764 1422 induratus,

455 1437 557 1474 absit
602 1449 674 1473 nos
715 1438 875 1473 credere
921 1439 1047 1472 Deum
1088 1434 1429 1483 sapientissimum
1470 1435 1662 1471 mandare
1694 1446 1766 1470 nos

456 1496 524 1531 tali
558 1495 771 1531 maledicto
805 1494 958 1531 homini
992 1493 1228 1530 consentire.
1274 1494 1380 1529 Deus
1420 1492 1525 1529 enim
1566 1491 1767 1529 ordinavit

457 1553 688 1589 eternaliter
704 1553 813 1601 quod
844 1552 935 1589 talis
968 1551 1008 1588 in
1040 1551 1196 1587 inferno
1221 1559 1414 1599 perpetuo
1438 1550 1638 1599 punietur,
1663 1549 1766 1587 sicut

458 1610 569 1647 scivit
603 1610 833 1647 eternaliter
866 1612 974 1659 quod
1007 1622 1126 1646 nemo
1167 1609 1221 1644 illi
1263 1608 1564 1645 racionabiliter
1602 1620 1767 1645 consen-

458 1669 568 1715 tiret;
588 1670 793 1717 quomodo
810 1681 902 1715 ergo
920 1667 1144 1716 preciperet
1164 1666 1345 1703 Christus
1362 1666 1535 1715 aliquem
1560 1665 1764 1702 hominem

458 1726 527 1763 tali
561 1726 721 1763 diabolo
756 1725 1006 1762 consentire?
1059 1726 1151 1761 Ideo
1184 1725 1319 1761 sanior
1352 1733 1390 1761 et
1422 1723 1649 1772 generalior
1677 1720 1681 1779 Ι
1710 1732 1768 1760 est

460 1784 658 1832 exposicio
691 1783 914 1832 Augustini.
950 1785 1026 1820 Sed
1060 1783 1161 1819 forte
1193 1782 1249 1818 sic
1281 1781 1466 1830 intelligit
1497 1781 1768 1818 Crisostornus

459 1843 565 1891 quod
598 1842 765 1890 quilibet
801 1842 1005 1878 offendens
1044 1841 1085 1876 in
1123 1841 1284 1877 fratrem
1320 1853 1435 1876 suum
1476 1840 1593 1876 debet
1626 1839 1689 1876 hic
1728 1839 1768 1875 in

458 1901 519 1937 via
554 1909 748 1949 quantum
784 1900 823 1936 in
856 1899 942 1947 ipso
977 1908 1034 1935 est
1066 1899 1308 1943 satisfacere,
1356 1898 1450 1947 quia
1483 1897 1599 1934 aliter
1632 1897 1671 1933 in
1705 1897 1769 1934 die

459 1957 596 1994 iudicii
635 1958 707 1994 erit
746 1957 855 1994 testis
895 1970 1030 1993 coram
1070 1956 1262 1993 tribunali
1301 1955 1444 1992 iudicis
1483 1957 1574 1991 Jesu
1619 1954 1768 1992 Christi

460 2018 507 2052 de
540 2025 705 2064 peccato
745 2029 813 2052 sue
852 2015 982 2052 finalis
1020 2013 1317 2062 impenitencie‚
1356 2014 1436 2050 sive
1474 2012 1768 2061 predestinatus

461 2073 578 2110 fuerit
611 2073 691 2110 sive
724 2074 1099 2121 condempnandus.

518 2133 595 2168 Sed
628 2132 837 2180 supposito
870 2144 987 2168 sensu
1022 2130 1221 2167 catholico
1255 2129 1464 2178 utriusque
1487 2129 1655 2165 istorum
1679 2140 1770 2176 pro-

461 2202 677 2238 sequamur
709 2190 875 2226 ulterius
915 2188 1159 2225 sentenciam
1202 2187 1318 2223 huius
1352 2186 1486 2224 Greci:
1540 2186 1591 2222 Et
1635 2187 1699 2235 qui
1734 2185 1769 2221 in

461 2248 531 2284 hoc
561 2248 701 2293 seculo,
735 2247 865 2296 inquit
899 2247 1184 2292 Crisostomus,
1217 2247 1251 2281 si
1276 2257 1412 2295 pacem
1436 2245 1614 2294 fecisses,
1649 2244 1768 2280 eciam

460 2305 690 2356 gravissimi
732 2307 860 2354 operis
899 2312 1059 2354 poteras
1107 2305 1281 2353 accipere
1324 2303 1625 2353 indulgenciam,
1674 2302 1771 2338 sicut

461 2364 647 2413 scriptum
681 2371 755 2399 est:
812 2362 995 2399 Charitas
1028 2363 1151 2411 operit
1190 2362 1470 2397 multitudinem
1506 2367 1768 2410 peccatorum.

464 2422 505 2456 Si
534 2422 652 2457 semel
683 2421 984 2470 condempnatus
1011 2420 1157 2469 fueris,
1203 2419 1341 2455 missus
1380 2419 1415 2454 in
1456 2430 1653 2454 carcerem
1695 2417 1769 2453 iam

464 2492 534 2515 non
579 2480 702 2515 solum
750 2479 796 2514 de
841 2479 1033 2528 gravibus
1066 2478 1235 2527 peccatis
1272 2478 1340 2512 sed
1379 2477 1496 2512 eciam
1532 2488 1608 2524 pro
1656 2475 1771 2511 verbo

464 2537 588 2573 ocioso
622 2538 724 2585 quod
756 2537 904 2572 locutus
936 2548 986 2582 es,
1020 2536 1060 2571 id
1091 2542 1158 2581 est,
1191 2535 1225 2571 si
1256 2534 1390 2570 Racha
1423 2534 1539 2570 alicui
1571 2533 1708 2569 dixisti
1738 2539 1772 2568 et

536 2725 573 2744 12.
616 2718 643 2743 Α
683 2716 711 2743 in
751 2724 864 2750 marga
904 2715 1068 2743 Johannes.
1212 2713 1253 2741 33.
1287 2715 1314 2741 A
1347 2714 1375 2741 in
1410 2721 1523 2749 marg:
1560 2712 1771 2740 CrtsostomuS.

464 2752 509 2779 30.
534 2753 569 2778 B:
591 2754 706 2787 operes.
796 2750 840 2785 37,
861 2750 904 2777 38.
929 2751 965 2777 B:
987 2759 1056 2777 nam
1077 2758 1136 2777 non
1155 2750 1261 2776 solum.

536 2847 587 2882 36.
616 2848 637 2879 Ι.
665 2848 751 2878 retr.
778 2847 833 2887 iv,
859 2846 890 2878 8.

1783 868 1819 888 10

1785 1145 1820 1178 15

1783 1447 1824 1469 20

1814 1727 1895 1769 370⁸

1786 2016 1827 2048 30

1787 2303 1826 2337 35
