2003 3322
186 227 263 271 248

881 234 1000 265 opus
1025 234 1365 266 EVANGELffiUM
1596 223 1703 277 [CAP.
1724 232 1777 260 ιν.

192 349 401 385 Ahypocrite
421 347 446 375 is
469 339 612 388 inquit,
656 341 710 376 sic
748 340 845 376 velle
877 340 1112 377 innotescere
1154 341 1251 376 sicut
1281 341 1478 392 ypocrite.
1526 341 1780 389 Manifestum

181 393 239 412 one
260 385 330 411 who
351 388 414 411 acts
440 391 455 409 a

281 422 358 454 part.

211 2036 391 2063 Prevalence
412 2035 446 2062 of

233 2070 409 2106 hypocrisy.

470 405 523 434 est
556 405 683 434 autem
708 398 922 448 ypocritas
954 410 1026 434 non
1053 399 1155 446 quod
1181 398 1301 434 oculis
1324 398 1562 448 pretendunt
1584 398 1781 434 hominum

471 455 510 491 id
546 456 665 494 eciam
699 456 818 492 corde
847 463 1016 506 gestare.
1063 457 1159 491 Sunt
1190 456 1288 492 enim
1314 456 1503 506 ypocrite
1533 456 1783 492 simulatores

471 521 665 562 tamquam
702 514 1029 563 pronunciatores
1065 514 1281 549 alienarum
1320 526 1584 562 personarum
1616 514 1714 550 sicut
1746 514 1782 549 in

463 571 618 619 fabulis
650 571 861 607 theatricis.
896 572 983 607 Non
1013 571 1110 607 enim
1136 572 1201 620 qui
1220 571 1305 621 agit
1321 579 1457 620 partes
1479 571 1815 622 Agamemnonis5

471 629 506 664 in
540 629 720 679 tragedia
753 629 860 665 verbi
879 629 1018 679 gracia
1040 629 1120 665 sive
1141 629 1302 665 alicuius
1324 630 1486 665 alterius
1507 629 1558 664 ad
1580 629 1782 665 historiam

472 687 531 722 vel
564 687 748 735 fabulam
788 698 858 735 que
895 687 1031 737 agitur
1065 687 1308 735 pertinentis,
1354 699 1443 723 vere
1482 687 1562 736 ipse
1600 694 1668 733 est,
1713 688 1783 723 sed

469 744 627 780 simulat
665 757 749 781 eum
792 752 826 780 et
856 745 1047 795 ypocrita
1087 745 1240 780 dicitur.
1288 745 1350 780 Sic
1389 745 1424 780 in
1463 745 1621 781 ecclesia
1655 745 1715 781 vel
1745 745 1781 780 in

470 802 575 837 omni
606 802 682 838 vita
715 803 894 848 humana,
934 802 1101 851 quisquis
1131 815 1172 838 se
1210 803 1291 838 vult
1324 802 1449 838 videri
1478 803 1580 851 quod
1611 815 1684 839 non
1716 809 1785 849 est,

463 860 655 910 ypocrita
701 867 768 896 est.
823 860 988 896 Simulat
1031 861 1129 896 enim
1175 860 1329 905 iustum,
1375 873 1447 896 non
1485 861 1651 906 exhibet,
1696 860 1783 909 quia
1804 872 1842 893 10

470 924 590 953 totum
619 918 802 966 fructum
841 918 876 953 in
917 918 1031 954 laude
1068 918 1262 954 hominum
1307 918 1429 967 ponit,
1473 930 1584 967 quam
1622 925 1785 967 possunt

472 975 591 1011 eciam
645 976 870 1012 simulantes
917 976 1135 1025 percipere,
1195 976 1284 1012 dum
1328 976 1483 1024 fallunt
1535 988 1598 1012 eos
1651 975 1785 1024 quibus

473 1033 652 1069 videntur
695 1034 785 1069 boni
825 1041 860 1069 et
903 1035 949 1069 ab
994 1034 1048 1070 eis
1091 1035 1315 1070 laudantur.
1366 1035 1443 1070 Sed
1486 1034 1582 1070 tales
1609 1034 1703 1082 fuci
1737 1034 1784 1069 ab

473 1091 688 1140 inspectore
720 1092 851 1128 cordis
886 1092 968 1127 Deo
1001 1093 1216 1128 mercedem
1251 1104 1323 1128 non
1357 1091 1559 1140 accipiunt,
1604 1093 1674 1128 sed
1696 1091 1783 1139 fal-

473 1149 569 1185 lacie
606 1161 672 1186 sue
713 1150 966 1199 supplicium:
1004 1151 1153 1198 quare?
1185 1150 1271 1198 quia
1304 1150 1350 1185 ab
1384 1149 1612 1195 hominibus,
1653 1149 1784 1198 inquit,
1805 1150 1840 1182 1'2

474 1215 701 1255 receperunt
745 1208 960 1244 mercedem
1005 1220 1128 1254 suam,
1173 1208 1427 1256 temporalem
1473 1214 1507 1243 et
1552 1220 1689 1243 vanam
1734 1208 1786 1242 ad

473 1265 644 1313 ipsorum
664 1266 941 1313 perdicionem.
973 1266 1197 1301 Rectissime
1220 1273 1345 1302 autem
1379 1265 1431 1301 eis
1465 1265 1635 1301 dicetur:
1667 1266 1783 1301 Rece-

475 1323 550 1359 dite
581 1336 602 1358 a
636 1335 695 1358 me
720 1323 803 1373 filii
839 1323 989 1369 mortis,
1022 1324 1104 1373 filii
1135 1324 1286 1372 inquam
1320 1331 1449 1359 eterne
1482 1323 1786 1372 dampnacionis,

474 1381 647 1429 operarii
691 1381 836 1426 dolosi,·
879 1382 994 1417 aliam
1034 1382 1132 1417 enim
1173 1394 1285 1430 quam
1326 1393 1448 1417 meam
1486 1381 1659 1431 gloriam
1697 1393 1786 1430 que-

473 1439 588 1485 sistis,
630 1439 778 1488 perditi
813 1440 915 1485 estis,
960 1440 1046 1487 quia
1086 1446 1173 1475 ante
1210 1446 1360 1488 tempus
1380 1438 1601 1489 floruistis,·
1652 1451 1786 1475 nomen
1803 1449 1844 1469 20

475 1509 599 1533 meum
645 1497 830 1533 habuistis
873 1498 941 1533 sed
985 1510 1102 1546 opera
1142 1510 1225 1533 mea
1271 1510 1342 1533 non
1372 1497 1541 1545 fecistis.
1587 1497 1653 1532 Illi
1689 1509 1787 1547 ergo

470 1563 730 1603 perceperunt
767 1556 983 1591 mercedem
1021 1568 1145 1601 suam,
1190 1555 1254 1603 qui
1290 1568 1362 1591 non
1395 1555 1440 1591 ob
1474 1555 1583 1590 aliud
1614 1554 1787 1591 elemosi-

475 1625 561 1648 nam
625 1613 764 1660 aciunt,
811 1613 884 1649 nisi
922 1620 962 1648 ut
991 1613 1266 1663 glorificentur
1296 1614 1342 1648 ab
1376 1613 1609 1649 hominibus:
1652 1624 1725 1649 non
1756 1612 1791 1648 si

473 1671 747 1721 glorificentur
784 1672 830 1706 ab
870 1671 1098 1717 hominibus,
1145 1671 1214 1707 sed
1251 1671 1335 1707 ideo
1365 1670 1523 1719 faciunt
1562 1678 1601 1706 ut
1632 1670 1786 1721 glorifi-

475 1735 622 1775 centur,
655 1728 751 1764 sicut
784 1729 962 1777 superius
994 1736 1204 1765 tractatum
1239 1735 1307 1766 est.
1351 1729 1455 1764 Laus
1487 1728 1584 1764 enim
1619 1729 1788 1764 humana
1804 1728 1843 1760 25

476 1798 549 1822 non
571 1786 702 1835 appeti
720 1799 742 1822 a
766 1794 869 1822 recte
881 1787 1069 1835 faciente,
1098 1787 1167 1823 sed
1187 1786 1294 1835 sequi
1315 1787 1423 1822 debet
1446 1793 1548 1822 recte
1559 1786 1787 1834 facientem,

477 1851 515 1879 ut
547 1844 605 1879 illi
629 1844 853 1894 proficiant,
886 1845 950 1893 qui
979 1845 1097 1880 eciam
1132 1844 1279 1880 imitari
1305 1851 1469 1893 possunt
1490 1845 1593 1892 quod
1616 1844 1787 1887 laudant,

476 1914 548 1938 non
584 1909 622 1937 nt
655 1902 715 1938 hic
741 1910 852 1951 putet
883 1902 1030 1952 aliquid
1062 1915 1124 1938 eos
1152 1903 1341 1951 prodesse
1373 1914 1456 1938 cum
1491 1902 1663 1938 laudant.
1705 1904 1788 1938 Hec

475 1959 734 2008 Augustinus.

533 2018 700 2054 Videtur
732 2026 866 2054 autem
901 2019 1006 2055 hunc
1035 2027 1218 2054 sanctum
1240 2017 1451 2054 intendere
1476 2019 1584 2066 quod
1607 2016 1788 2066 ypocrite
1803 2020 1846 2051 30

476 2076 696 2112 fundantur
735 2075 774 2112 in
813 2076 1001 2121 falsitate,
1050 2089 1140 2112 cum
1182 2084 1378 2124 appetunt
1410 2075 1535 2113 videri
1567 2076 1676 2124 quod
1707 2088 1787 2112 non

476 2142 585 2182 sunt3
620 2142 657 2170 et
690 2146 781 2170 cum
806 2134 856 2170 sit
879 2146 1036 2170 summe
1059 2133 1208 2171 odibile
1231 2134 1387 2171 veritati
1410 2146 1487 2182 que
1511 2133 1786 2179 est‘Christus‚

475 2200 584 2239 patet
623 2200 819 2240 quantum
854 2192 1036 2228 Christus
1075 2192 1160 2228 odit
1199 2192 1436 2240 ypocrisim;
1484 2200 1521 2228 et
1560 2191 1652 2228 hinc
1691 2191 1787 2228 dicit

477 2250 763 2296 Crisostomus,
787 2250 1001 2286 falsitatem
1025 2250 1290 2298 ypocriticam
1315 2250 1589 2298 reprobando:
1623 2257 1691 2286 aut
1717 2262 1786 2297 ap-

476 2320 616 2355 parere
650 2309 757 2356 quod
786 2304 789 2359 Ι
819 2320 858 2344 es
892 2317 961 2345 aut
985 2317 1069 2344 esto
1092 2309 1201 2357 quod
1225 2320 1407 2356 appares.
1441 2307 1630 2355 Ypocrite
1653 2315 1787 2344 autern
1828 2305 1909 2341 380d

476 2374 693 2414 utrumque
726 2365 879 2412 odiunt,
927 2366 1020 2415 quia
1054 2366 1243 2402 deficeret
1276 2366 1331 2402 eis
1364 2366 1404 2402 in
1436 2374 1608 2414 utroque
1637 2364 1788 2401 falsitas

476 2436 556 2472 qua
588 2423 790 2461 affectant.
823 2426 925 2460 Cum
959 2433 1091 2461 autem
1116 2424 1312 2472 ypocrisis
1335 2423 1540 2460 inducitur
1564 2435 1608 2459 ex
1630 2435 1790 2459 summa

477 2483 633 2518 cautela
683 2481 845 2528 diaboli,
900 2482 1018 2530 pauci
1062 2483 1123 2518 vel
1166 2482 1265 2518 nulli
1311 2490 1402 2518 sunt
1445 2481 1621 2519 viventes
1663 2480 1788 2518 vitam

547 2647 567 2666 1.
599 2640 627 2667 A
659 2639 689 2666 in
723 2647 836 2673 marg:
872 2639 918 2666 De
950 2639 1180 2667 elemosinariis
1210 2654 1241 2658 —
1272 2639 1318 2666 De
1339 2639 1504 2674 ypocritis.
1613 2638 1637 2666 5.
1672 2637 1787 2665 Codd.:

476 2673 692 2706 Agammonis.
727 2673 864 2701 Correxi.
993 2674 1020 2701 6.
1055 2674 1093 2701 B:
1127 2675 1184 2709 qui
1212 2674 1262 2701 ad.
1385 2681 1424 2701 10.
1458 2675 1502 2700 A:
1534 2673 1658 2700 simulat
1689 2673 1787 2700 twice.

478 2708 516 2736 18.
539 2710 582 2735 A:
611 2712 717 2736 eterne
736 2709 836 2736 twice.
945 2715 987 2735 22.
1009 2710 1052 2744 Α;
1083 2709 1121 2735 ab
1141 2708 1239 2735 aliud.
1348 2707 1391 2741 23,
1412 2715 1459 2741 24.
1480 2709 1524 2735 A:
1558 2715 1620 2735 non
1639 2708 1668 2734 si
1685 2723 1718 2727 -—
1736 2707 1792 2734 sed

477 2744 572 2770 deest.
666 2744 710 2770 26.
732 2745 776 2770 A:
798 2744 926 2778 appetit.
1020 2744 1066 2770 28.
1087 2745 1130 2770 A:
1151 2743 1272 2779 aliquid
1292 2743 1345 2770 eis.
1366 2743 1471 2770 Recte:
1494 2750 1546 2770 eos
1563 2742 1624 2769 sibi
1636 2742 1789 2778 prodesse

476 2786 574 2813 quem.
649 2777 694 2805 30.
716 2779 743 2806 Α
765 2778 794 2805 in
817 2786 931 2813 marg.:
951 2778 1121 2805 Jolzannes.

551 2860 599 2891 ¹7-
629 2850 745 2882 Matth.
775 2851 845 2890 VII,
875 2851 927 2882 23.
