2003 3322
150 245 227 290 340
845 252 963 285 opos
988 252 1324 284 EVANGELICUM
1513 241 1618 296 [CAP.
1641 251 1751 278 xxxa.

431 366 519 394 sunt
551 359 663 404 enim,
696 366 736 393 ut
769 359 815 394 de
845 359 958 402 rebus
981 359 1194 394 minoribus
1228 359 1377 395 maiora
1402 360 1751 408 persuaderentur,

432 416 530 452 sicut
552 417 650 452 illud
671 424 725 452 est
749 416 795 451 de
817 416 941 452 iudice
963 416 1027 464 qui
1047 428 1115 452 nec
1138 417 1263 452 Deum
1288 417 1445 453 timebat
1468 429 1534 453 nec
1558 417 1749 453 hominem

434 474 641 510 verebatur
681 481 716 509 et
756 481 882 509 tamen
914 481 1033 509 semet
1064 486 1153 523 sepe
1191 474 1456 523 interpellanti
1492 475 1604 511 vidue
1641 475 1753 511 cessit

433 539 473 567 ut
505 532 584 568 eius
621 544 776 568 causam
818 532 1096 577 consideraret,
1142 544 1214 567 non
1256 540 1424 581 propter
1457 533 1640 581 pietatem
1686 540 1753 568 aut

433 590 713 630 humanitatem
735 590 805 626 sed
826 601 872 625 ne
895 590 1038 626 tedium
1057 597 1278 639 pateretur.
1312 591 1399 626 Non
1423 591 1520 626 enim
1546 591 1612 627 illo
1637 591 1751 626 modo
1768 592 1784 624 5

434 648 499 684 ille
530 648 650 684 iudex
682 647 843 684 iniustus
870 659 1081 696 personam
1115 647 1193 683 Dei
1222 648 1436 697 allegorice
1473 649 1645 694 sustinet,
1683 649 1751 684 sed

433 713 560 741 tamen
593 713 776 754 quantum
809 706 930 750 Deus,
975 705 1038 754 qui
1068 706 1188 741 bonus
1221 712 1256 741 et
1288 706 1411 742 iustus
1442 714 1511 752 est,
1546 714 1654 742 curet
1687 707 1751 742 de-

429 771 638 813 precantes
666 776 718 808 se,
754 764 840 799 hinc
870 763 1018 799 convici
1048 763 1239 799 Dominus
1262 764 1393 810 voluit,
1423 765 1525 812 quod
1547 777 1613 800 nec
1636 765 1750 800 homo

434 821 597 858 iniustus
629 834 692 857 eos
713 821 779 871 qui
799 822 907 857 illum
928 822 1110 870 precibus
1132 822 1297 858 assiduis
1320 822 1483 857 tundunt
1508 823 1568 858 vel
1584 829 1752 871 propter

434 880 592 925 tedium,
622 887 749 928 potest
782 887 1036 916 contemnere.
1771 892 1809 912 10

170 945 392 984 chrysostom:
494 937 767 974 Crisostomus
801 947 934 975 autem
971 950 1091 986 super
1124 937 1201 974 isto
1234 947 1341 974 textu
1375 938 1431 975 sic
1463 938 1661 987 loquitur:
1697 939 1750 985 Si,

143 979 302 1041 „2051¹}2{
320 988 415 1048 {¹22⁰ss
436 994 578 1043 inquit,
612 996 822 1046 cogitando
855 997 1047 1032 modicam
1078 1003 1231 1045 partem
1266 997 1426 1046 corpori
1448 1004 1575 1033 vestro
1606 997 1752 1033 addere

167 1054 405 1111 ‘ffirffssgrtffijt
437 1066 510 1089 non
544 1055 722 1103 potestis,
761 1055 950 1103 quomodo
982 1055 1191 1104 cogitando
1230 1055 1413 1090 salvandi
1453 1055 1542 1091 estis
1579 1055 1614 1090 in
1659 1062 1747 1090 toto.

247 1124 320 1146 rest.
437 1111 544 1149 Deus
576 1112 640 1160 qui
670 1120 705 1148 te
736 1124 787 1148 ex
820 1112 959 1148 nichilo
992 1113 1139 1148 creavit
1172 1112 1207 1147 in
1242 1120 1351 1148 utero
1383 1120 1418 1148 et
1451 1114 1497 1148 de
1515 1113 1690 1161 periculo
1717 1120 1751 1148 et

436 1183 520 1206 cum
550 1170 726 1219 periculo
758 1177 973 1206 nascentem
1015 1171 1062 1206 de
1101 1178 1210 1206 utero
1250 1170 1387 1206 matris
1426 1171 1567 1220 eripuit
1605 1178 1640 1206 te
1677 1183 1750 1206 non
1772 1170 1807 1202 15

434 1229 558 1264 solum
592 1241 665 1264 non
698 1229 931 1278 cogitantem
967 1228 1037 1263 sed
1068 1240 1185 1277 neque
1215 1228 1409 1271 scientem,
1444 1229 1551 1265 Deus
1589 1228 1653 1276 qui
1677 1240 1752 1277 per

434 1287 612 1337 singulos
645 1286 725 1322 dies
757 1287 993 1322 incrementa
1026 1286 1206 1335 corporis
1229 1287 1285 1321 tui
1305 1294 1339 1322 et
1360 1287 1551 1335 sapiencie
1572 1294 1634 1322 tue
1647 1286 1752 1334 facv't

434 1352 470 1380 te
502 1357 575 1380 non
599 1344 858 1394 intelligente:
892 1344 935 1379 Si
955 1356 1053 1394 ergo
1077 1344 1112 1379 in
1136 1352 1172 1379 te
1194 1344 1275 1393 ipso
1299 1344 1437 1380 cotidie
1455 1344 1749 1393 providenciam

434 1410 635 1451 operatur,
668 1403 857 1451 quomodo
891 1403 926 1437 in
960 1402 1187 1438 necessariis
1218 1402 1292 1438 tuis
1324 1403 1496 1438 cessabit.

498 1460 750 1497 Considerate
783 1460 863 1495 lilia
895 1460 1004 1510 agri,
1044 1460 1234 1508 quomodo
1273 1460 1308 1495 in
1347 1468 1521 1509 tempore
1559 1467 1750 1509 oportuno
1767 1471 1808 1491 20

434 1526 624 1554 crescunt.
666 1519 856 1567 Tempore
887 1525 1030 1554 statuto
1044 1518 1284 1566 formantur
1315 1518 1350 1553 in
1375 1518 1604 1566 frondibus,
1638 1518 1749 1554 vesti-

434 1584 552 1612 untur
583 1577 766 1622 candore,
799 1577 1009 1625 implentur
1040 1576 1238 1621 odoribus,
1272 1583 1306 1611 et
1337 1577 1440 1625 quod
1478 1584 1585 1611 terra
1625 1576 1753 1611 radici

434 1647 506 1670 non
561 1635 722 1670 dederat
779 1646 896 1683 neque
954 1634 1074 1669 radix
1130 1634 1207 1670 illis
1271 1634 1378 1669 Deus
1437 1634 1513 1670 illis
1571 1633 1753 1669 invisibili

434 1693 662 1741 operacione
695 1692 880 1742 largitur.
915 1692 1048 1740 Neque
1080 1691 1172 1740 plus
1211 1691 1294 1727 istis
1326 1699 1361 1727 et
1394 1692 1518 1728 minus
1549 1691 1650 1737 aliis,
1682 1692 1751 1727 sed

434 1751 469 1786 in
503 1750 676 1786 omnibus
709 1750 843 1786 eadem
871 1749 1124 1799 providencie
1141 1749 1344 1798 plenitudo
1376 1757 1571 1796 servatur,
1605 1757 1646 1785 ut
1677 1748 1807 1785 non25

434 1821 456 1843 a
488 1820 529 1844 se
560 1808 652 1857 ipsis
684 1815 773 1843 nata
808 1820 925 1857 neque
950 1815 1085 1844 eventu
1105 1809 1220 1856 facta
1239 1814 1439 1857 putentur,
1471 1809 1540 1844 sed
1562 1808 1640 1843 Dei
1653 1819 1749 1856 pro-

436 1866 608 1901 videncia
642 1866 915 1916 intelligantur
947 1878 1028 1902 esse
1061 1865 1261 1914 disposita.
1307 1866 1507 1915 Numquid
1543 1865 1752 1901 laborant?

434 1924 633 1972 Numquid
676 1924 793 1960 nent?
837 1924 1024 1967 Dicendo,
1058 1937 1130 1960 non
1163 1924 1366 1969 seminant,
1418 1924 1612 1973 intelligit,
1646 1923 1751 1959 viros

434 1982 651 2030 confortat;
694 1982 853 2017 dicendo
886 1989 1026 2027 autem,
1060 1994 1177 2030 neque
1209 1989 1309 2027 nent,
1342 1981 1524 2031 intelligit
1556 1981 1749 2027 mulieres,

434 2040 611 2088 quoniam
646 2041 819 2075 virorum
855 2040 931 2075 vita
965 2040 1296 2085 seminacionibus,
1346 2040 1550 2074 mulierum
1584 2039 1749 2089 lanificio
1766 2040 1808 2071 30

433 2105 686 2134 sustentatur.

494 2156 626 2204 Neque
671 2156 854 2192 'Salomon
899 2155 935 2191 in
980 2155 1084 2191 omni
1125 2156 1257 2205 gloria
1296 2168 1365 2191 sua
1404 2156 1459 2191 sic
1503 2155 1747 2190 vestiebatur.

441 2214 539 2257 Quia
588 2214 772 2250 Salomon
812 2213 884 2249 etsi
924 2226 996 2250 non
1043 2214 1249 2249 laborabat
1286 2225 1403 2262 neque
1440 2213 1629 2249 sollicitus
1666 2219 1750 2248 erat

433 2272 526 2320 quid
558 2272 730 2317 vestiret,
763 2278 888 2307 tamen
924 2272 984 2307 vel
1015 2271 1166 2307 iubebat
1185 2272 1245 2307 vel
1267 2271 1492 2320 disponebat
1515 2271 1575 2306 vel
1594 2270 1746 2306 sciebat.

440 2329 512 2365 Ubi
527 2337 652 2365 autem
677 2329 794 2366 iussio
818 2336 853 2364 et
876 2330 1092 2378 disposicio,
1117 2330 1196 2364 illic
1219 2337 1253 2364 et
1276 2329 1583 2365 ministrancium
1608 2328 1749 2376 offensa
1767 2327 1806 2361 35

424 2387 660 2436 frequenter
692 2387 886 2423 invenitur
917 2395 952 2423 et
984 2387 1143 2423 iubentis
1175 2387 1376 2422 iracundia
1406 2387 1641 2434 frequenter
1681 2397 1749 2421 ex-

434 2445 587 2480 citatur.
636 2446 718 2481 Hec
755 2453 880 2481 autem
921 2446 1090 2481 nesciunt
1122 2445 1312 2493 quomodo
1344 2445 1399 2480 sic
1431 2451 1643 2480 ornantur:
1689 2443 1752 2478 Illi

434 2503 605 2538 homines
637 2504 920 2546 ministrabant,
961 2504 1042 2539 istis
1075 2504 1193 2539 Deus.

504 2680 523 2699 1.
545 2673 589 2698 A:
610 2671 863 2705 persuderenlur.
951 2669 976 2697 3.
998 2672 1041 2697 A:
1065 2671 1277 2697 reiterabatur.
1366 2671 1394 2696 6.
1416 2670 1459 2696 A:
1482 2669 1575 2697 iudex
1595 2671 1625 2696 et
1643 2669 1748 2696 iustus.

434 2714 459 2741 7.
482 2708 525 2733 A:
548 2707 603 2741 qui
618 2714 711 2732 sanus
731 2709 759 2732 el
773 2706 870 2732 iustus
885 2708 937 2732 est.
1013 2714 1046 2732 11.
1068 2707 1095 2732 A
1110 2706 1138 2732 in
1157 2713 1271 2739 marga
1295 2704 1512 2732 Crisostomus.
1588 2712 1625 2731 12.
1644 2704 1681 2730 Bt
1695 2703 1749 2730 ad-

433 2742 547 2768 uthere.
623 2741 662 2768 18.
678 2741 698 2766 Η
710 2750 715 2767 ,·
729 2741 872 2767 continue
906 2740 1128 2767 rovidencianz.
1187 2747 1228 2773 ις).
1244 2741 1271 2766 Α
1284 2749 1288 2766 :
1301 2739 1482 2766 cessabitur.
1557 2738 1598 2765 23.
1613 2740 1654 2766 A:
1669 2739 1749 2765 enim

433 2777 526 2802 deest.
600 2783 646 2809 29.
662 2775 698 2802 13:
712 2775 862 2810 intelligit
894 2779 964 2801 cest.
1040 2774 1079 2801 35.
1093 2776 1137 2801 A:
1153 2775 1198 2801 vel
1208 2775 1385 2809 disposicio.
1453 2773 1499 2801 36.
1512 2774 1538 2800 A
1550 2772 1750 2809 :frequenter

433 2811 508 2837 after
529 2810 693 2837 iracundia
715 2810 810 2836 deest.
884 2809 928 2837 38.
949 2811 993 2836 A:
1016 2809 1098 2836 Deus
1119 2809 1210 2836 deest.

504 2880 532 2901 2.
562 2870 676 2901 Lucae
702 2870 823 2909 XVIII,
852 2879 881 2901 2.
985 2880 1033 2900 11.
1061 2870 1127 2910 Op.
1156 2870 1252 2910 Imp„
1279 2880 1310 2910 p.
1338 2867 1415 2899 818.
