2062 3327
65 567 129 609 357

139 868 175 889 10

138 1152 173 1185 15

133 2309 173 2343 35

193 223 282 250 CAP.
303 214 385 267 xii]
707 225 845 256 PRIMA
875 225 1001 257 PARS.
1753 223 1802 270 37

193 331 377 380 defendat
408 339 443 367 et
482 331 674 383 practizet
718 331 794 367 Dei
840 332 1026 368 iusticiam
1060 343 1126 368 nec
1157 331 1237 368 sine
1270 332 1335 368 illa
1370 334 1510 370 virtute
1544 342 1634 381 ¹The
1655 348 1762 379 gentry

192 397 247 427 est
278 389 360 438 quis
391 401 524 425 eorum
559 389 734 425 dominus
764 390 833 425 sed
864 389 1050 426 tirannus.
1093 390 1185 426 Ideo
1218 390 1420 428 laudanda
1454 401 1510 428 est
1526 378 1805 441 {ffls'ffg'sl¹ss1¹35¹t¹¹g¹g

192 449 366 497 quedam
400 446 579 483 virtualis
604 448 854 484 consuetudo
888 447 1061 484 militum
1098 447 1138 483 in
1171 448 1244 484 hac
1277 457 1404 496 parte,
1440 451 1508 498 qui
1559 447 1697 510 foGflrgqedl
1720 456 1760 475 on

192 515 234 542 ut
268 504 362 542 fidei
395 504 661 541 consenciunt
693 506 803 553 quod
826 518 905 542 non
938 506 1042 542 valet
1074 508 1324 543 consuetudo
1357 507 1509 544 ordinis
1602 491 1619 509 Ο
1657 491 1670 509 s
1703 491 1759 510 aw.

191 564 272 601 sive
306 571 425 608 secte,
459 562 535 599 nisi
568 562 607 598 in
640 563 724 611 lege
758 563 830 600 Dei
863 563 912 600 sit
944 564 1123 600 fundata.
1151 560 1154 617 Ι

247 624 295 658 Et
329 633 372 658 ex
404 620 480 658 isto
514 621 621 657 fideli
646 621 847 670 principio
878 622 1004 658 multa
1035 622 1211 667 eliciunt,
1246 622 1378 670 primo
1399 625 1507 671 quod
1569 645 1673 673 Hence
1693 647 1763 682 they

191 681 342 717 clerum
377 678 573 716 cesarium
614 687 657 715 ut
689 692 836 727 papam
883 689 919 717 et
952 693 1045 717 suos
1077 680 1258 716 subditos
1292 681 1508 718 auctorita·
1543 680 1732 743 fisfmlpmvle
1752 681 1803 743 0fd

190 738 268 775 tive
298 751 379 774 non
424 738 652 786 approbant
697 739 767 774 sed
811 750 901 774 cum
948 738 1182 775 tollerancia
1216 740 1398 776 modesta
1431 722 1787 778 suf-cxxiiilcizoffisecgile

190 797 333 833 ferunt.
380 796 564 832 Secundo
610 797 719 844 quod
764 796 834 832 has
891 805 970 833 tres
1016 805 1143 833 sectas
1187 809 1258 845 per
1302 797 1508 834 diabolum
1542 786 1787 848 Jffisffessssetsfflt

190 854 441 891 introductas
475 855 656 890 modeste
701 853 908 900 dirimunt,
956 863 1167 903 querentes
1200 856 1420 903 prudenter
1451 856 1509 892 in·
1535 856 1772 918 .⁶³{¹¹¹⁰·'{⁵¹}ew

191 911 494 949 troduccionem
528 924 663 949 earum
694 924 716 948 a
740 913 928 960 Domino,
964 922 1000 949 et
1034 913 1242 950 deficiente
1275 913 1343 950 illa
1376 927 1398 950 a
1431 927 1510 963 qua
1534 895 1703 953 autiogog.
1725 899 1790 917 rom

191 970 391 1008 credimus
436 983 555 1007 omne
600 971 765 1016 bonum,
811 983 892 1007 non
934 972 1082 1008 habent
1122 971 1418 1008 conscienciam
1454 976 1510 1017 (ut

190 1041 263 1065 nec
297 1029 457 1075 debent)
491 1027 784 1076 possessionem
833 1041 972 1066 eorum
1021 1038 1057 1065 et
1091 1029 1170 1066 alia
1204 1031 1308 1066 bona
1343 1030 1510 1066 mobilia

191 1087 411 1136 prudenter
444 1087 694 1123 subtrahere.

247 1144 391 1181 Tercio
436 1157 530 1181 vero
576 1145 724 1181 habent
769 1143 887 1180 istam
920 1145 1184 1192 prudenciam
1220 1158 1310 1181 cum
1345 1145 1509 1182 discolis
1571 1169 1659 1204 They
1679 1172 1756 1196 treat

190 1202 487 1239 recencioribus
539 1202 579 1239 in
632 1201 842 1239 ecclesiam
896 1201 1146 1249 introductis,
1213 1203 1365 1240 scilicet
1418 1217 1507 1240 cum
1570 1204 1755 1266 gqiarsssxgvith

190 1260 465 1298 venditoribus
497 1260 705 1298 veniarum
742 1269 778 1297 et
812 1260 1015 1308 fratribus,
1050 1261 1143 1310 quia
1172 1261 1409 1309 permittunt
1442 1275 1508 1299 eos
1593 1243 1749 1267 iscrtnon.

192 1319 324 1356 dicere
357 1319 438 1355 suis
471 1318 700 1356 tenentibus
734 1318 853 1354 fidem
901 1319 1157 1365 catholicam,
1191 1320 1260 1356 sed
1293 1319 1509 1368 prohibent

192 1377 380 1414 collectas
413 1378 473 1414 vel
506 1377 668 1425 rapinas
701 1389 840 1413 eorum
888 1385 925 1412 et
958 1378 1220 1425 postmodum
1255 1378 1287 1413 si
1321 1387 1508 1426 oporteat

192 1435 355 1472 mittunt
387 1435 470 1483 regi
504 1435 535 1472 si
568 1448 634 1471 rex
656 1434 750 1471 velit
772 1434 840 1471 illa
863 1434 991 1483 spolia
1012 1436 1073 1472 vel
1097 1437 1203 1484 quod
1228 1448 1322 1472 suus
1355 1448 1509 1484 pauper

190 1494 362 1542 populus
394 1493 482 1542 ipsa
514 1494 705 1530 rehabeat
738 1492 840 1529 sicut
873 1492 997 1540 prius,
1023 1493 1116 1542 quia
1151 1503 1305 1530 certum
1341 1496 1508 1531 credunt

190 1561 232 1588 ut
265 1551 399 1597 fidem,
437 1553 545 1600 quod
579 1551 610 1587 si
634 1550 924 1599 spoliacionem
950 1551 1060 1588 illam
1085 1551 1217 1600 primo
1251 1551 1509 1589 intenderent

190 1618 228 1646 et
250 1622 331 1646 non
353 1610 523 1646 salutem
549 1609 682 1646 anime
713 1609 804 1645 talis
836 1609 989 1657 populi,
1014 1618 1106 1646 sunt
1131 1610 1334 1647 manifesti
1358 1610 1507 1647 diaboli

189 1668 249 1704 vel
281 1667 464 1716 discipuli
497 1667 746 1714 Antichristi,
793 1675 830 1703 et
861 1667 1104 1704 laudabilius
1137 1668 1240 1704 foret
1271 1668 1380 1716 ipsos
1415 1682 1508 1716 pru-

191 1727 330 1763 denter
353 1727 558 1762 destruere
582 1738 703 1774 quam
720 1726 917 1773 predones
941 1726 1123 1774 publicos
1146 1726 1259 1763 villas
1283 1739 1507 1774 pauperum

190 1785 453 1821 destruentes.
500 1785 578 1821 Sed
627 1797 717 1820 cum
763 1796 844 1819 non
893 1793 1113 1831 procurant
1159 1785 1327 1821 salutem
1375 1784 1508 1822 anime

189 1841 314 1878 immo
342 1841 482 1890 populi
508 1842 620 1890 egeni
645 1854 763 1890 quem
787 1841 963 1888 visitant,
990 1842 1162 1890 depositi
1186 1843 1234 1879 ab
1259 1844 1334 1879 hac
1367 1843 1508 1891 rapina

191 1900 405 1937 multocius
458 1909 613 1937 cessant
665 1900 770 1936 hunc
822 1900 1016 1948 populum
1057 1900 1277 1948 ypocritice
1330 1900 1504 1937 visitare.

191 1958 328 1994 Curati
360 1970 452 1995 vero
486 1958 662 1995 dicentes
695 1959 767 1994 sub
802 1957 1044 1994 auctoritate
1078 1971 1180 2006 pape
1214 1958 1293 1995 sive
1327 1959 1507 2007 episcopi

189 2016 329 2052 talium
363 2016 608 2053 discolorum
642 2015 808 2064 negocia
832 2016 1008 2064 dirigunt
1031 2028 1238 2053 sermones
1273 2017 1323 2053 ad
1356 2030 1505 2065 papam

190 2075 401 2111 tractando
426 2075 474 2111 de
496 2074 777 2122 indulgenciis,
804 2076 1047 2111 assumendo
1071 2083 1113 2111 ut
1139 2075 1257 2111 fidem
1284 2076 1392 2123 quod
1426 2088 1507 2112 non

190 2141 281 2169 sunt
333 2132 586 2180 indulgencie
637 2133 687 2169 ad
732 2132 837 2169 istud
890 2132 1143 2181 propositum
1190 2132 1266 2169 nisi
1320 2146 1507 2170 concesse

189 2190 337 2227 fuerint
370 2203 391 2226 a
425 2190 590 2227 domino
622 2192 713 2226 Jesu
746 2189 926 2236 Christo;
962 2199 997 2227 et
1022 2204 1109 2227 cum
1146 2190 1431 2239 sophisticacio
1466 2192 1506 2228 in

190 2248 265 2284 ista
298 2248 469 2285 materia
501 2261 594 2297 sepe
628 2248 770 2295 evenit,
818 2258 992 2296 querunt
1025 2251 1096 2285 sub
1131 2261 1233 2296 pena
1267 2249 1505 2286 reieccionis

190 2307 266 2343 hoc
298 2306 588 2343 testimonium.

247 2363 362 2400 Fides
396 2364 500 2401 enim
535 2364 732 2413 scripture
778 2373 835 2401 est
873 2364 1075 2401 sufficiens
1108 2365 1158 2401 ad
1193 2366 1410 2413 regendam
1445 2377 1506 2402 ec-
1546 2373 1611 2412 The
1633 2376 1768 2408 apostles

191 2421 353 2459 clesiam
388 2422 647 2469 militantem3
681 2423 750 2459 sed
782 2435 865 2458 non
896 2423 1031 2471 legunt
1054 2424 1161 2471 quod
1185 2422 1309 2471 aliqui
1332 2423 1505 2471 apostoli
1544 2409 1778 2479 ‘iffdffl‘gengggg't

191 2480 290 2517 tales
323 2480 599 2528 indulgencias
633 2490 927 2518 concesserunt.

250 2537 456 2586 Similiter,
502 2551 593 2575 cum
638 2538 775 2575 fideles
809 2538 936 2575 curati
981 2539 1125 2574 debent
1164 2539 1300 2586 lugere
1334 2540 1381 2574 de
1414 2551 1504 2586 spo-

131 2609 176 2639 40
191 2595 431 2633 liacionibus
464 2609 627 2633 suorum
654 2609 879 2644 pauperum
904 2595 1157 2632 subditorum
1184 2605 1221 2632 et
1255 2598 1302 2632 de
1336 2605 1502 2644 peccato

260 2752 289 2780 6.
315 2754 343 2780 A
370 2753 401 2780 in
430 2761 542 2788 marg:
572 2762 594 2780 1.
715 2761 742 2788 9.
771 2754 799 2781 A
826 2754 856 2780 in
885 2761 999 2789 marg:
1028 2761 1056 2780 2.
1178 2762 1218 2780 ιο.
1246 2754 1288 2780 A:
1323 2753 1502 2788 pendenter.

192 2795 230 2821 12,
254 2787 290 2815 13.
313 2788 349 2815 B:
372 2791 403 2814 ut
423 2796 470 2815 ne.
545 2788 581 2815 15.
602 2788 631 2815 A
651 2788 680 2815 in
702 2796 818 2823 marg:
839 2796 872 2823 3.
947 2796 986 2822 17.
1008 2789 1051 2815 A:
1074 2786 1281 2824 sifi-utribus]
1304 2788 1343 2814 ib.
1360 2789 1399 2815 B:
1421 2788 1505 2823 quod

188 2822 377 2857 permittunt.
458 2822 505 2850 26.
526 2824 554 2850 A
574 2823 604 2850 in
626 2831 739 2858 marg:
762 2831 853 2850 unum
871 2823 995 2850 verbum
1014 2831 1147 2850 erasum.
1221 2822 1265 2858 37.
1287 2825 1330 2850 A:
1351 2824 1405 2850 sed
1424 2822 1506 2858 quod

191 2865 250 2884 non
272 2857 399 2893 legunt;
418 2859 446 2884 A
466 2857 496 2884 in
518 2866 631 2893 marg:
656 2865 678 2884 1.
752 2856 797 2892 39.
819 2859 862 2885 A:
884 2857 1065 2892 cumjl'des;
1085 2858 1110 2884 A
1133 2858 1162 2884 in
1184 2866 1298 2893 marg.:
1324 2865 1351 2884 2.
