2003 3322
160 250 232 282 152

193 656 252 685 &Vc
271 662 383 684 cannot

186 693 324 720 estimato
344 693 394 719 the

212 727 320 761 degree
340 727 374 754 ot*

215 762 367 801 wrongful

199 801 325 824 consent
346 805 375 824 ln

232 832 347 865 others,

204 1475 259 1494 nor
280 1467 377 1494 define

162 1502 264 1529 which
286 1502 350 1530 sins
371 1510 421 1529 are

229 1537 350 1564 mortal.

851 251 969 283 OPUS
994 251 1329 283 EVANGELICUM
1528 239 1635 293 [(ΣΑΡ-
1657 248 1748 276 XLII·

445 359 654 396 Christum.
708 359 764 394 Ita
797 357 894 394 enim
929 369 1012 393 cum
1045 369 1085 393 se
1116 357 1307 405 infelicem
1338 357 1547 403 exclamat,
1580 357 1749 408 lugendo

440 417 623 467 implorat
655 415 907 453 consolatoris
940 415 1159 451 miserantis
1187 415 1391 451 auxilium.
1425 415 1506 451 Nec
1523 428 1675 464 parvus
1696 423 1751 452 est

439 476 490 511 ad
532 475 801 511 beatitudinem
846 485 1032 519 accessus,
1084 473 1257 522 cognicio
1301 473 1539 521 infelicitatis
1581 485 1668 518 sue;
1717 481 1752 510 et

440 534 543 569 ideo:
575 532 688 569 Beati
718 532 782 581 qui
812 533 959 582 lugent,
992 531 1169 579 quoniam
1202 531 1276 580 ipsi
1305 531 1619 567 consolabuntur.
1667 533 1752 568 Hec

440 590 699 639 Augustinus.
1769 589 1785 622 5

498 648 666 685 Videtur
710 656 844 684 autern
890 646 1009 683 istum
1055 654 1238 682 sanctum
1294 647 1499 683 doctorem
1545 646 1663 694 plane
1716 656 1753 683 et

443 706 642 743 subtiliter
674 717 870 753 exponere
902 705 1023 741 istum
1056 713 1226 750 textum3
1273 716 1345 740 nec
1384 713 1441 741 est
1479 704 1595 741 nobis
1628 704 1753 752 possi-

444 765 520 801 bile
552 764 615 801 hic
648 763 688 800 in
719 763 782 800 via
815 774 1055 810 cognoscere
1088 774 1227 798 omnes
1259 763 1405 809 gradus
1445 774 1661 799 consensus
1692 764 1753 799 vel

444 821 725 859 delectacionis
775 820 998 869 culpabilis,
1056 833 1145 856 cum
1199 832 1301 856 unus
1340 820 1390 856 sit
1434 820 1474 856 in
1513 817 1583 857 tali
1627 823 1753 868 gradu

444 879 726 917 delectacionis
759 879 957 915 sensibilis
991 887 1027 915 et
1060 890 1277 915 consensus
1310 879 1431 926 quod,
1477 878 1508 914 si
1548 891 1637 915 cum
1676 879 1754 915 illis
1775 891 1812 911 10

443 938 605 986 paribus
644 937 828 974 habuerit
867 949 1027 973 omnem
1074 936 1391 984 oportunitatem
1437 944 1474 972 et
1517 936 1752 974 facilitatem

442 996 588 1033 obiecti
613 995 815 1044 peccantis
847 996 1061 1043 nephando
1093 994 1204 1042 operi
1235 993 1480 1030 consentiret
1512 1003 1549 1031 et
1582 995 1755 1043 expleret

442 1054 482 1090 in
515 1066 648 1102 opere,
690 1054 781 1090 licet
819 1053 950 1089 statim
993 1061 1084 1101 post
1122 1061 1160 1089 et
1200 1061 1292 1088 ante
1332 1054 1378 1088 de
1413 1052 1685 1089 delectacione
1719 1063 1755 1090 et

442 1124 639 1149 consensu
674 1111 906 1148 huiusmodi
939 1111 1184 1147 condoleret.
1230 1110 1340 1146 Alius
1381 1118 1516 1146 autem
1557 1111 1756 1148 consentit

443 1170 509 1206 alii
557 1169 689 1206 medio
734 1171 784 1206 ad
828 1178 1038 1217 peccatum
1085 1168 1315 1204 huiusmodi
1354 1169 1669 1216 perpetrandum
1715 1169 1812 1205 in15

442 1237 623 1276 tempore
656 1227 801 1264 maiori
832 1228 894 1263 vel
927 1226 1087 1274 minori,
1132 1226 1388 1274 frequencius
1426 1227 1488 1263 vel
1525 1226 1673 1273 rarius3
1719 1236 1757 1264 et

442 1286 483 1323 in
514 1286 599 1322 istis
631 1294 723 1322 sunt
755 1285 871 1322 multi
904 1286 1049 1333 gradus
1088 1296 1199 1321 more
1231 1284 1293 1320 vel
1333 1284 1617 1321 delectacionis
1655 1298 1756 1333 quos

442 1357 523 1381 non
556 1352 613 1380 est
645 1343 761 1380 facile
794 1342 948 1380 homini
981 1342 1192 1390 explicare.
1233 1343 1325 1379 Ideo
1361 1342 1549 1390 magister
1580 1343 1756 1391 optimus

444 1402 546 1439 sicut
569 1401 790 1450 prescindit
823 1401 863 1437 in
884 1401 944 1437 ira
977 1400 1264 1437 antecedencia
1296 1401 1347 1437 ad
1369 1409 1595 1448 peccatum,
1630 1400 1685 1438 sic
1718 1401 1758 1437 in

444 1460 582 1497 illicita
628 1458 961 1508 concupiscencia
1004 1459 1189 1507 prohibet
1232 1458 1365 1495 media
1403 1460 1454 1495 ad
1486 1459 1816 1507 peccandum320

445 1531 517 1554 nec
549 1517 666 1554 video
699 1519 906 1566 quomodo
939 1517 988 1553 sit
1020 1516 1291 1565 theologicum
1333 1515 1506 1553 diffinire
1538 1516 1626 1565 quis
1665 1529 1759 1553 con-

445 1588 584 1613 sensus
616 1575 665 1612 sit
689 1584 900 1623 peccatum
936 1576 1105 1611 mortale
1139 1583 1206 1611 aut
1229 1574 1317 1623 quis
1341 1583 1552 1622 peccatum
1582 1574 1758 1611 hominis

441 1634 608 1681 veniale,
641 1633 735 1682 quia
769 1642 922 1670 certum
948 1642 1005 1669 est
1028 1634 1137 1681 quod
1170 1632 1202 1669 si
1236 1633 1358 1669 homo
1391 1644 1435 1669 ex
1468 1632 1759 1669 consuetudine

442 1691 637 1740 peccandi
672 1691 972 1740 dampnabitur,
1017 1700 1184 1739 peccata
1216 1691 1319 1727 levia
1353 1691 1403 1727 ad
1437 1699 1608 1727 mortem
1644 1690 1759 1727 indu-

444 1750 580 1786 cencia
612 1759 705 1786 sunt
739 1749 945 1795 mortalia3
992 1749 1082 1785 ideo
1121 1748 1258 1785 omnia
1298 1748 1430 1785 media
1463 1750 1513 1785 ad
1545 1757 1757 1796 peccatum
1775 1747 1813 1780 25

444 1807 574 1844 finalis
620 1807 904 1855 impenitencie
950 1806 1189 1843 inducencia
1235 1819 1324 1842 cum
1377 1806 1614 1843 fortitudine
1667 1816 1758 1842 sunt

442 1866 625 1911 vitanda3
673 1865 763 1902 ideo
814 1878 903 1902 cum
956 1864 1129 1912 surrepit
1170 1864 1260 1901 talis
1300 1864 1519 1901 delectacio
1565 1864 1756 1909 indebita,

444 1933 500 1960 est
533 1936 624 1960 cum
659 1924 878 1971 prudencia
912 1924 1151 1959 refrenanda
1191 1931 1229 1959 et
1266 1922 1431 1959 iteracio
1473 1922 1758 1959 delectacionis

444 1981 676 2018 huiusmodi
709 1991 766 2018 est
806 1980 1042 2030 diligencius
1081 1982 1344 2029 precavenda.
1391 1983 1439 2016 Et
1478 1981 1553 2017 hoc
1593 1980 1756 2029 quidam

443 2039 672 2087 intelligunt
716 2052 787 2087 per
831 2039 929 2075 illud
975 2039 1123 2075 Psalmi
1171 2039 1373 2084 CXXXVI,
1415 2050 1458 2085 9:
1511 2039 1657 2074 Beatus
1697 2039 1816 2087 quino

443 2098 585 2135 tenebit
617 2105 651 2133 et
682 2097 817 2133 allidet
843 2097 1035 2147 parvulos
1065 2109 1155 2133 suos
1188 2097 1239 2132 ad
1264 2104 1431 2146 petram.

502 2157 585 2192 Hec
609 2164 742 2192 autem
779 2164 835 2191 est
869 2156 1118 2192 consuetudo
1143 2154 1248 2191 beati
1272 2155 1380 2202 quod
1402 2162 1536 2190 teneat
1561 2153 1758 2202 cogitatus

444 2226 535 2250 suos
559 2214 745 2261 parvulos
778 2214 828 2249 ad
852 2222 1006 2261 petram
1042 2212 1196 2249 iusticie
1230 2220 1266 2248 et
1299 2212 1437 2248 allidat
1470 2224 1537 2249 eos
1570 2211 1626 2248 sic
1651 2212 1759 2260 quod

445 2280 629 2308 extenuet
662 2283 730 2307 eos
762 2272 823 2307 vel
857 2279 1093 2319 corrumpat
1117 2272 1166 2307 ad
1191 2270 1393 2306 Christum
1418 2278 1572 2318 petram
1602 2268 1758 2306 iusticie

444 2329 485 2365 in
518 2330 593 2365 hoc
617 2330 719 2374 loco,
754 2341 844 2365 cum
870 2328 978 2365 dicat
1001 2330 1109 2377 quod
1132 2328 1263 2365 omnis
1288 2327 1356 2376 qui
1378 2327 1523 2364 viderit
1548 2327 1755 2364 mulierem
1775 2326 1814 2358 35

445 2388 495 2423 ad
528 2387 894 2435 concupiscendum
920 2399 1008 2423 eam
1032 2387 1111 2423 iam
1137 2387 1344 2422 mechatus
1374 2395 1431 2422 est
1464 2397 1550 2422 eam
1576 2385 1615 2421 in
1639 2386 1758 2422 corde

445 2458 529 2481 suo.
584 2444 660 2482 Ubi
707 2445 810 2481 enim
858 2444 1011 2481 homini
1057 2444 1232 2481 occurrit
1270 2443 1523 2492 oportunitas
1562 2455 1603 2480 se
1642 2443 1758 2480 aliter

445 2502 670 2551 occupandi
711 2511 748 2539 et
793 2512 929 2539 tamen
967 2502 1090 2551 gratis
1131 2501 1239 2550 eligit
1278 2502 1412 2538 videre
1454 2501 1661 2537 mulierem
1708 2502 1758 2537 ad

514 2700 539 2719 2.
560 2694 604 2720 A:
626 2694 803 2720 miserantis
823 2694 916 2721 deest.
1025 2694 1052 2721 6.
1074 2695 1101 2721 A
1122 2694 1151 2720 in
1174 2701 1287 2728 marg.:
1313 2693 1491 2725 Jolmnnes,-
1522 2692 1562 2719 ib.
1583 2693 1627 2720 A:
1657 2694 1759 2719 autem

446 2728 540 2765 deest.
633 2736 673 2761 14,
696 2729 733 2755 15.
756 2730 799 2755 A:
821 2729 906 2755 modi
925 2728 1018 2755 deest.
1115 2727 1158 2755 33.
1182 2729 1219 2755 B:
1252 2728 1369 2755 allidet.
1443 2726 1486 2761 37.
1517 2728 1560 2754 A:
1593 2727 1649 2754 Ubi
1677 2735 1757 2759 non;

446 2762 486 2789 lb.
509 2764 551 2789 A:
574 2763 693 2790 homini
711 2763 806 2802 deest.
880 2762 924 2790 38.
945 2764 988 2791 A:
1011 2766 1042 2790 et
1059 2763 1130 2790 inde
1148 2763 1261 2798 gratis.

516 2868 546 2897 4.
575 2857 693 2888 Matth.
723 2858 761 2897 V,
791 2859 818 2889 5.
