2003 3322
147 209 223 246 382

206 332 355 359 Answer:

165 366 228 394 Not
250 375 265 393 a
287 366 395 401 pope's

143 402 233 436 bulls,
249 402 326 428 buta
338 400 419 435 good

143 437 324 464 conscience
339 440 421 462 must

177 471 283 507 justify
303 479 338 497 us
358 470 388 497 in

217 506 266 532 the
286 506 344 532 last

193 539 365 576 judgment.

177 1434 280 1461 These
301 1434 381 1460 bulls

192 1469 269 1496 with
290 1469 371 1495 their

142 1505 260 1539 images
282 1504 317 1531 of
334 1504 419 1531 Peter

196 1538 366 1601 Sahnodullgaxgle

144 1608 350 1670 throwgriento
370 1609 420 1636 the

820 223 938 254 OPUS
963 222 1299 254 EVANGELICUM
1467 210 1573 265 [CAP.
1594 218 1746 248 xxxvii.

489 327 608 364 Tales
645 336 737 364 sunt
777 328 892 364 multi
931 328 1111 365 obiectus
1150 330 1198 365 de
1240 341 1342 377 pape
1383 328 1572 377 operibus
1605 328 1748 365 iustifi-

435 385 571 421 candis
624 386 691 435 qui
744 387 851 434 apud
903 386 1062 422 fidelem
1108 386 1277 423 sciolum
1330 400 1411 423 non
1464 387 1594 423 forent
1640 386 1747 435 digni

435 443 644 480 memoria.
679 445 773 480 Ideo
803 457 893 480 cum
923 446 1143 481 secundum
1173 444 1293 481 fidem
1318 444 1512 493 evangelii
1539 445 1748 495 generacio

433 502 612 538 adultera
641 502 754 552 signa
783 503 922 551 querit,
964 502 1091 539 fidelis
1124 515 1205 538 non
1239 505 1419 539 crederet
1451 502 1569 539 bullis
1601 502 1748 539 talibus

432 559 592 608 scriptis
636 560 757 608 signis
803 560 1035 609 ypocriticis
1080 561 1141 596 vel
1186 560 1324 609 sigillis
1368 562 1436 596 sed
1489 569 1749 608 cognosceret

431 619 540 665 quod
573 618 613 654 in
645 618 874 655 sinceritate
897 618 1146 655 consciencie
1180 618 1418 667 purgabitur
1439 618 1480 655 in
1509 618 1573 655 die
1597 618 1748 665 iudicii,

430 688 511 711 non
544 689 614 724 per
647 677 789 713 bullas.
836 678 951 713 Unde
987 679 1049 722 (ut
1082 676 1246 725 quidam
1281 677 1466 722 innuunt)
1509 677 1615 713 bulle
1648 676 1748 712 tales

430 746 512 769 non
555 735 686 771 valent
730 734 761 770 si
806 747 887 770 non
928 734 1243 783 dampnabiliter
1277 736 1326 771 ad
1366 736 1439 771 hec
1478 736 1558 771 duo
1597 734 1749 770 scilicet

431 793 481 827 ad
510 792 811 829 subversionem
842 793 1037 841 evangelii
1062 802 1098 829 et
1121 794 1171 829 ad
1195 792 1475 829 extollenciam
1499 792 1748 829 Antichristi.

429 851 488 885 Ad
514 850 814 887 subversionem
839 851 1001 899 quidem
1027 851 1235 899 evangelii,
1261 851 1355 900 quia
1379 851 1560 887 Christus
1584 851 1749 886 mandat

430 916 512 943 tam
547 908 737 945 divinitus
771 922 892 958 quarn
926 909 1159 945 humanitus
1189 910 1297 957 quod
1330 909 1458 945 fidelis
1492 910 1628 945 credat
1650 908 1749 945 vivis

431 965 564 1002 fratris
593 967 653 1003 sui
683 967 873 1015 operibus
904 967 1012 1003 iuxta
1042 967 1140 1003 illud
1169 967 1361 1003 Johannis
1385 969 1431 1017 X,
1459 966 1529 1003 38:
1560 967 1750 1016 Operibus

431 1025 588 1060 credite.
642 1025 912 1061 Antichristus
971 1025 1102 1061 innuit
1161 1027 1270 1074 quod
1324 1025 1498 1061 dimissis
1557 1024 1749 1073 operibus

431 1082 559 1118 fidelis
612 1083 784 1131 pastoris
835 1083 961 1119 laicus
1005 1085 1122 1120 debet
1174 1085 1224 1120 ad
1271 1084 1399 1119 bullas
1452 1083 1550 1119 tales
1596 1095 1666 1131 per
1710 1094 1750 1118 se

431 1139 653 1187 intendere,
702 1154 792 1177 cum
838 1141 902 1177 ille
947 1142 1051 1177 bulle
1097 1153 1168 1189 per
1212 1154 1252 1177 se
1297 1141 1502 1177 sufficiunt
1547 1149 1583 1176 et
1627 1152 1751 1188 opera

432 1208 793 1248 quantumcunque
826 1199 1057 1247 evangelica
1101 1212 1183 1236 non
1223 1199 1441 1247 proficiunt
1486 1198 1570 1235 sine
1615 1198 1749 1245 bullis,

431 1259 499 1293 sed
524 1259 730 1305 quomodo
754 1266 980 1294 cassaretur
1002 1257 1239 1294 testificacio
1268 1257 1401 1305 operis
1425 1270 1543 1306 quam
1570 1256 1750 1293 Christus

432 1315 633 1353 ordinavit
672 1315 861 1352 divinitus
901 1325 938 1352 et
977 1316 1190 1353 mandacio
1230 1315 1343 1352 istius
1382 1315 1492 1352 verbi
1532 1314 1751 1362 evangelici

433 1375 541 1422 quod
573 1374 754 1422 precepit
787 1373 1020 1410 humanitus
1053 1374 1084 1410 si
1117 1387 1198 1410 non
1232 1386 1302 1422 per
1324 1374 1446 1410 talem
1471 1373 1748 1409 extollenciam

432 1431 680 1469 Antichristi.
735 1434 810 1469 Sed
865 1434 1235 1481 quomodocunque
1278 1431 1549 1468 Antichristus
1593 1431 1751 1467 locutus

434 1489 565 1536 fuerit,
599 1503 722 1538 opera
756 1490 987 1538 evangelica
1019 1491 1151 1527 valent
1184 1491 1234 1526 ad
1267 1502 1434 1538 regnum
1469 1490 1648 1526 celorum
1683 1490 1751 1525 ad-

434 1547 675 1596 quirendum
701 1557 738 1584 et
761 1550 867 1585 nude
891 1549 996 1585 bulle
1028 1557 1184 1585 mortue
1215 1561 1304 1584 cum
1329 1547 1484 1596 frigidis
1507 1546 1752 1595 imaginibus

436 1606 541 1642 Petri
586 1615 623 1643 et
669 1607 782 1643 Pauli
826 1608 960 1643 valent
1005 1606 1276 1643 communiter
1322 1607 1371 1642 ad
1415 1618 1564 1654 penam
1608 1605 1751 1642 tartari

434 1673 672 1712 perpetuam
706 1665 1016 1713 acquirendam3
1050 1665 1140 1701 ideo
1174 1665 1323 1701 habent
1356 1664 1491 1700 fideles
1526 1664 1628 1700 hanc
1657 1676 1752 1699 con-

434 1722 687 1759 suetudinem
722 1724 843 1771 quod‚
888 1723 972 1759 visa
1015 1723 1097 1759 vita
1143 1722 1275 1759 clerici
1320 1734 1503 1770 expresse
1548 1720 1751 1758 contraria

433 1780 509 1828 legi
544 1781 693 1817 Christi
725 1781 786 1817 vel
820 1781 1030 1817 deficiente
1062 1780 1143 1817 vita
1183 1780 1309 1817 eciam
1350 1779 1617 1817 cardinalium
1652 1791 1752 1827 quos

433 1851 538 1886 papa
590 1839 762 1875 instituit
800 1839 968 1887 pecunie
1021 1839 1268 1885 collectores,
1314 1840 1506 1875 audacter
1550 1845 1753 1886 exponunt

435 1897 562 1933 bullas
607 1898 705 1934 tales
745 1896 826 1945 igni
859 1906 1067 1945 tamquam
1111 1897 1306 1933 hereticas
1346 1905 1486 1933 contra
1520 1895 1653 1933 fidem.
1703 1897 1752 1931 Et

435 1954 527 1991 licet
571 1968 676 2003 papa
720 1954 917 2003 precipiat
962 1955 1231 1992 communiter
1278 1955 1318 1991 in
1362 1954 1437 1990 hiis
1481 1954 1599 1990 bullis
1643 1954 1751 2001 quod

436 2013 533 2048 nulli
574 2014 767 2049 hominum
813 2014 926 2049 liceat
963 2014 1154 2064 paginam
1193 2015 1304 2050 istam
1344 2013 1567 2062 infringere
1603 2012 1672 2048 sed
1709 2019 1757 2047 eo*

435 2071 517 2120 ipso
551 2072 653 2120 quod
684 2073 755 2108 hoc
783 2072 1069 2121 presumpserit
1101 2072 1278 2107 incurrat
1310 2070 1749 2107 excommzmicacionem

436 2130 512 2165 Dei
553 2138 588 2165 et
628 2130 894 2179 apostolorum
939 2130 1049 2166 Petri
1090 2138 1125 2166 et
1164 2130 1288 2172 Pauli,
1333 2130 1432 2165 tales
1472 2129 1751 2164 combustores

436 2200 518 2223 non
569 2197 711 2224 curant
756 2189 828 2224 hec
879 2190 999 2225 verba
1049 2188 1281 2235 pompatica
1326 2196 1447 2235 atque
1491 2187 1604 2232 falsa⁷
1657 2185 1751 2234 quia

436 2246 568 2282 sciunt
600 2248 709 2295 quod
748 2246 812 2282 hic
850 2246 987 2294 refuga
1026 2259 1108 2282 non
1147 2254 1204 2281 est
1243 2245 1309 2281 ille
1342 2245 1408 2293 qui
1449 2245 1549 2280 dixit
1580 2252 1613 2280 et
1633 2244 1750 2292 facta

436 2312 535 2350 sunt,
566 2305 764 2340 mandavit
787 2313 821 2340 et
843 2312 974 2340 creata
996 2312 1097 2351 sunt,
1130 2305 1198 2339 sed
1223 2304 1391 2340 mendax
1414 2302 1488 2338 sibi
1512 2301 1750 2346 contrarius,

438 2376 527 2398 cum
562 2371 757 2411 quantum
792 2362 831 2398 in
865 2363 952 2410 ipso
985 2371 1043 2398 est
1076 2361 1286 2398 falsificare
1320 2360 1567 2408 evangelium
1604 2358 1750 2396 Christi

437 2420 578 2456 nititur
618 2430 655 2457 et
699 2421 910 2469 applaudit
955 2419 1306 2468 preconizantibus
1351 2418 1599 2466 evangelium
1646 2418 1751 2453 istud

438 2491 521 2515 esse
556 2479 833 2525 falsissimum3
874 2479 963 2515 ideo
995 2478 1153 2514 videtur
1187 2477 1321 2513 multis
1355 2478 1463 2525 quod
1503 2475 1674 2524 pecunia
1714 2483 1750 2510 et

438 2537 602 2585 propria
646 2537 881 2573 extollencia
929 2536 1079 2573 faciunt
1125 2537 1233 2584 quod
1278 2535 1333 2571 sic
1379 2534 1611 2582 magnificat
1656 2534 1750 2569 istas

1767 559 1782 591 5

1770 862 1808 882 10

1771 1143 1806 1175 15

1769 1724 1808 1756 25

1768 2016 1809 2047 30

1768 2304 1806 2337 35

438 2596 579 2642 bullas,
614 2595 739 2631 immo
771 2594 986 2632 verisimile
1027 2603 1083 2630 est
1116 2595 1223 2642 quod
1257 2606 1397 2629 omnes
1430 2591 1558 2629 sancti
1592 2591 1632 2627 in
1665 2591 1809 2636 celo4o

509 2763 528 2781 1.
552 2756 577 2781 A
600 2755 628 2781 in
652 2762 764 2788 marg:
788 2754 965 2788 Responsio.
1040 2752 1062 2780 5.
1084 2753 1112 2780 A
1134 2753 1161 2779 in
1185 2760 1300 2786 marg:
1325 2751 1369 2778 De
1388 2750 1485 2777 bullis.
1569 2759 1609 2783 14-
1632 2750 1674 2776 A:
1691 2757 1752 2784 per

437 2797 470 2816 se
491 2790 584 2816 deest.
658 2797 701 2816 22.
722 2789 968 2825 Arsrl'gv'dibus.

510 2852 537 2883 3.
568 2850 684 2881 Matth.
712 2850 782 2889 XII,
811 2851 862 2892 39.
962 2850 1014 2889 34.
1043 2848 1167 2879 Psalm.
1197 2847 1376 2886 CXLVIII,
1408 2846 1455 2877 15.
