2003 3322
195 213 283 242 CAP.
304 205 429 259 LV111.]
662 217 872 249 SECUNDA
901 218 1026 249 PARS.

193 324 258 373 qui
288 324 394 360 audit
427 325 542 360 verba
576 336 658 360 nzea
691 324 759 360 lzec
790 332 825 360 et
859 325 964 373 facit
996 336 1051 360 ea.
1104 325 1187 368 Que
1219 325 1366 360 verba?
1420 325 1502 368 Que

192 383 370 431 superius
402 382 514 418 dixit.
572 382 619 417 Ut
663 382 727 430 qui
757 383 838 418 vult
881 394 964 419 esse
995 382 1229 418 christianus
1262 395 1388 429 verus,
1429 395 1500 418 non

192 441 317 477 solum
363 452 436 476 non
480 440 630 476 occidat
672 440 741 476 sed
785 452 857 476 non
890 440 1087 476 irascatur
1117 440 1198 476 sine
1229 452 1359 476 causa.
1413 441 1500 476 Non

193 498 316 534 solum
350 510 422 534 non
450 497 629 547 periuret
659 498 728 534 sed
759 510 826 534 nec
858 498 970 534 iuret.
1018 498 1107 533 Non
1139 498 1263 534 solum
1297 510 1370 534 non
1404 499 1499 546 for-

160 556 340 599 5nicetur
371 556 441 591 sed
468 567 535 591 nec
565 567 681 604 usque
701 556 753 591 ad
784 556 934 592 oculum
969 555 1238 605 concupiscat,-
1269 568 1343 592 non
1375 557 1498 592 solum

193 626 264 649 non
293 613 494 662 percuciat
516 614 585 649 sed
607 626 674 649 nec
700 626 914 663 percussus
936 613 1180 663 repercucz'at
1211 621 1246 649 et
1269 626 1342 650 non
1375 614 1497 650 solum

190 671 315 707 aliena
349 683 421 707 non
453 671 565 707 tollat
596 672 665 707 sea'
695 672 813 707 eciam
847 672 1001 722 cogenti
1032 671 1226 716 dimittat;
1269 684 1342 708 non
1374 672 1498 708 solum

190 729 334 765 amicos
375 729 523 765 sincere
567 729 706 779 diligat
747 730 816 765 sed
858 730 976 766 eciam
1031 729 1225 774 inimicos;
1274 730 1501 766 elemosinas

182 786 313 835 faciat
355 799 428 823 non
472 799 604 823 coram
639 787 866 835 hominibus,
912 787 1155 823 oracionibus
1199 787 1312 823 instet
1350 788 1501 824 intrans

137 844 226 880 10in
265 845 479 881 cubiculum
523 857 648 892 suum,
694 845 831 881 ieiunia
876 845 1041 881 celebret
1084 857 1156 881 non
1202 857 1286 881 cum
1320 846 1498 892 tristicia,

191 914 263 938 non
297 903 437 939 iudicet
457 904 635 951 fratrem
668 915 778 939 suum
806 910 1043 951 peccantem,
1076 903 1145 939 sed
1165 915 1232 939 sue
1263 903 1500 953 infirmitatis

191 960 504 997 consideracione
535 961 723 1011 ignoscat.
769 961 857 997 Non
891 961 953 996 det
984 968 1158 997 sanctum
1192 961 1350 997 canibus
1382 974 1501 1011 neque

191 1019 434 1069 margaritas
465 1030 555 1054 suas
586 1019 712 1054 mittat
733 1026 820 1055 ante
847 1031 1014 1068 porcos,·
1039 1026 1160 1068 petat,
1192 1027 1342 1067 querat,
1370 1020 1499 1068 pulset

190 1083 226 1111 et
257 1077 431 1125 accipiat.
467 1077 649 1113 Attendat
680 1084 805 1113 autem
838 1089 860 1112 a
885 1077 1009 1125 falsis
1036 1076 1254 1126 prophetis.
1295 1077 1374 1127 Qui
1400 1090 1498 1128 ergo

137 1134 173 1167 15
189 1146 230 1170 se
251 1135 392 1171 talibus
423 1134 661 1184 edificaverit
692 1134 898 1181 mandatis,
946 1135 1137 1183 quomodo
1170 1142 1300 1183 potest
1330 1136 1430 1185 fieri
1460 1143 1500 1171 ut

189 1191 395 1240 aliquando
435 1193 598 1241 fractus
649 1192 966 1242 temptacionibus
1008 1192 1153 1228 cadat?
1203 1192 1280 1228 Aut
1327 1201 1497 1230 econtra.

195 1249 398 1298 Quomodo
445 1263 657 1300 percussus
705 1250 1024 1300 temptacionibus
1075 1250 1191 1286 stabit
1242 1250 1307 1299 qui
1357 1251 1500 1287 nullius

189 1307 336 1344 iusticie
375 1308 637 1357 fundamento
691 1309 858 1359 ligavit?
935 1308 1030 1353 Quis
1080 1308 1152 1344 ista
1206 1309 1412 1345 custodivit
1464 1314 1500 1346 et

189 1365 353 1401 cecidit?
403 1366 455 1402 Et
499 1367 700 1416 culpamus
731 1367 871 1411 Deum,
905 1366 992 1415 quia
1026 1379 1098 1402 non
1138 1366 1343 1402 custodivit
1374 1367 1495 1403 illum.

133 1433 175 1455 20
190 1423 233 1458 Si
253 1431 381 1460 autem
415 1424 493 1460 illic
522 1425 702 1474 prevalet
722 1424 924 1473 fortitudo
948 1424 1106 1470 diaboli,
1132 1424 1167 1459 in
1192 1424 1327 1473 quibus
1349 1424 1498 1461 iusticia

194 1480 340 1517 Christi
371 1494 443 1518 non
476 1482 681 1529 invenitur,
727 1482 856 1532 magis
899 1482 934 1517 in
967 1482 1124 1518 illorum
1154 1482 1383 1531 perdicione
1415 1483 1499 1519 lau-

188 1539 341 1575 dandus
373 1547 428 1576 est
461 1540 581 1583 Deus,
627 1552 739 1588 quam
773 1540 1002 1589 culpandus,
1037 1540 1123 1588 quia
1157 1540 1197 1575 lzi
1225 1541 1301 1577 soli
1332 1549 1500 1590 pereunt

189 1597 254 1645 qui
283 1599 467 1634 mandata
504 1598 655 1634 Christi
684 1605 967 1647 contempnunt.

245 1655 430 1692 Similabo
462 1668 545 1692 eum
570 1656 654 1693 viro
675 1656 852 1705 sapienti.
886 1656 972 1692 Non
1007 1656 1127 1692 dixit:
1163 1656 1364 1693 Estimabo
1391 1656 1499 1693 illum

132 1713 170 1745 25
189 1712 314 1749 virum
347 1714 556 1763 sapientem
601 1714 670 1750 sed
711 1714 887 1750 similabo
920 1726 1004 1750 eum
1039 1713 1123 1750 viro
1155 1714 1330 1764 sapienti.
1383 1714 1500 1765 Ergo

187 1770 289 1806 alter
319 1779 375 1807 est
405 1772 471 1820 qui
500 1771 709 1818 similatur,
742 1772 845 1808 alter
876 1779 931 1808 est
964 1772 1025 1807 vir
1046 1771 1109 1807 cui
1138 1772 1348 1808 similatur.
1384 1772 1499 1823 Ergo

188 1829 252 1876 qui
299 1829 495 1865 similatur
555 1830 669 1866 homo
708 1837 776 1876 est,
829 1830 890 1866 cui
947 1829 1145 1866 similatur
1201 1830 1380 1867 Christus
1431 1838 1497 1867 est.

194 1886 372 1923 Christus
413 1888 510 1924 enim
564 1895 620 1924 est
669 1888 823 1937 sapiens
871 1888 931 1923 vir
982 1887 1047 1936 qui
1095 1887 1290 1936 edificavit
1343 1889 1497 1924 domum

186 1956 310 1991 suam,
362 1945 402 1980 id
438 1953 505 1992 est,
558 1945 757 1982 ecclesiam
797 1958 918 1994 supra
953 1953 1124 1995 petram,
1177 1946 1218 1981 id
1255 1953 1323 1993 est,
1376 1959 1497 1996 supra

131 2001 456 2050 gosortitudinem
497 2003 610 2052 fidei.
664 2004 765 2039 Nam
809 2003 1011 2052 fortitudo
1051 2003 1154 2053 fidei
1185 2004 1329 2040 dicitur
1369 2012 1499 2052 petra,

178 2068 351 2109 *propter
383 2073 495 2109 quam
529 2069 564 2097 et
587 2061 718 2097 Simon
749 2062 889 2097 Petrus
920 2069 975 2098 est
1009 2061 1147 2107 dictus,
1181 2062 1233 2097 ad
1264 2074 1373 2110 quem
1408 2063 1500 2098 dicit

188 2118 314 2154 Deus:
371 2119 426 2154 Tu
464 2131 503 2154 es
534 2119 687 2166 Petrus,
737 2127 773 2155 et
815 2131 933 2168 super
965 2120 1063 2155 hanc
1104 2126 1260 2168 petram
1313 2120 1499 2169 edificabo

187 2176 385 2212 ecclesian-z
417 2184 600 2212 meamet
628 2184 745 2225 porte
776 2177 897 2225 inseri
928 2190 1000 2214 non
1028 2177 1289 2226 prevalebunt
1321 2178 1363 2216 ei.
1403 2178 1499 2222 Quis

187 2240 241 2268 est
272 2234 443 2270 stultus?
487 2234 677 2270 Diabolus
721 2235 766 2270 de
810 2247 881 2283 quo
916 2235 1017 2271 dixit
1047 2235 1260 2271 Jeremias:
1304 2235 1499 2271 Clamavit

130 2291 331 2339 35perdix·
358 2299 392 2327 et
415 2293 675 2342 congregavit
697 2292 808 2342 filios
831 2305 924 2340 quos
947 2305 1020 2328 non
1042 2293 1189 2343 genuit,
1213 2293 1314 2341 fecit
1339 2294 1500 2329 divicias

186 2361 276 2384 suas
308 2361 380 2384 non
413 2362 497 2385 cum
532 2350 684 2394 iudicio,
748 2350 783 2386 in
813 2351 937 2386 medio
967 2351 1118 2386 dierum
1160 2351 1396 2399 derelinquet
1435 2363 1500 2387 eas

187 2413 222 2442 et
254 2406 291 2442 in
318 2407 398 2454 fine
429 2407 502 2443 erit
532 2408 684 2446 stultus.

255 2649 282 2675 7.
304 2643 347 2668 A:
368 2649 427 2668 non
448 2642 553 2669 aliena
568 2649 645 2675 non;
676 2642 715 2669 ib.
740 2642 777 2669 13:
800 2650 855 2670 nec
875 2643 982 2669 solum.
1064 2649 1101 2669 12.
1125 2642 1162 2668 B:
1184 2641 1247 2669 Nec
1265 2641 1325 2668 det.
1400 2648 1441 2674 ¹4·
1460 2640 1496 2667 B:

186 2678 287 2702 autem
308 2676 400 2703 deest.
491 2684 535 2704 22.
565 2678 608 2704 A:
629 2678 685 2712 qui
701 2677 735 2703 lzi
752 2678 822 2704 voli.
931 2685 979 2711 24,
1006 2676 1046 2704 25.
1077 2678 1121 2703 A:
1142 2677 1218 2703 dicit
1237 2675 1385 2703 estz'mczbo
1411 2683 1497 2707 eum;

187 2711 285 2737 virum
306 2710 398 2738 deest.
506 2711 552 2739 28.
582 2713 625 2738 A:
663 2711 821 2741 Christus,-
849 2715 894 2739 εει
923 2712 1016 2739 deest.
1095 2718 1142 2745 29.
1181 2711 1219 2737 B:
1241 2718 1336 2745 supra
1358 2710 1434 2736 after
1455 2712 1499 2737 est

188 2744 280 2771 deest.
375 2744 418 2773 33.
439 2746 483 2773 A:
505 2747 663 2773 ecclesiam
683 2754 778 2773 meanz
799 2746 891 2773 deest.
994 2745 1040 2772 313.
1061 2746 1104 2772 A:
1127 2745 1388 2780 derelinquerunt.

258 2829 310 2861 32.
339 2828 457 2860 Matth.
483 2829 571 2869 XVI,
604 2828 651 2860 18.
750 2831 802 2870 34.
828 2830 895 2862 Jer.
921 2829 1024 2869 XVII,
1056 2839 1105 2860 11.
