2062 3327
897 243 1015 274 OPUS
1041 243 1130 274 EVA
1138 243 1377 275 NGELICUM
1588 232 1694 286 [CAP.
1717 242 1797 270 XIV.

484 351 692 400 theologia,
730 349 873 398 inquit,
912 357 1101 399 agnoscet
1123 350 1354 398 predicator
1395 363 1525 386 omnes
1567 351 1800 388 mutaciones

482 408 838 458 proporcionaliter
869 420 963 457 quas
983 408 1088 457 facit
1119 415 1259 444 natura
1299 409 1359 444 vel
1389 421 1469 455 ars,
1502 409 1581 445 sive
1612 409 1686 445 sint
1717 422 1799 445 mu-

486 467 653 503 taciones
684 480 705 502 a
739 467 893 502 meliori
923 466 958 502 in
978 466 1089 514 peius
1120 465 1200 502 sive
1221 466 1389 515 apeiori
1419 466 1454 502 in
1488 467 1633 502 melius.
1668 467 1800 503 Faciet

487 532 613 560 autem
647 525 734 560 illas
769 525 874 561 solas
906 524 1138 560 mutaciones
1169 536 1239 572 que
1273 531 1361 560 sunt
1382 524 1550 573 apeiori
1582 524 1617 560 in
1651 525 1796 561 melius.

492 583 653 618 Curabit
685 595 847 631 namque
879 590 918 617 ut
950 582 1120 618 medicus
1147 589 1182 618 et
1203 594 1323 631 supra
1347 594 1460 630 quam
1484 582 1654 618 medicus
1672 585 1832 632 potest5

478 641 622 689 facere
667 642 815 690 lepram
862 640 1028 676 heretice
1061 640 1283 689 pravitatis,
1324 640 1526 689 idropisim
1566 640 1799 690 cupiditatis,

487 699 689 749 siragram
705 699 934 745 tenacitatis,
947 698 1174 748 podagram
1186 698 1367 748 pigricie,
1390 706 1649 747 superacutas
1662 698 1802 747 febres

488 757 644 793 luxurie
692 764 726 793 et
773 757 825 792 ad
868 756 1102 792 mundiciam
1147 768 1257 792 omne
1306 756 1520 792 membrum
1572 756 1802 806 spiritaliter

488 815 637 851 curabit
676 822 710 851 et
754 821 910 851 curatos
950 814 985 849 in
1024 814 1188 851 sanitate
1232 814 1485 850 conservabit.
1543 814 1802 851 Commutabit

488 885 634 921 quoque
660 873 856 922 plumbios
882 873 1061 922 pondere
1095 879 1345 922 peccatorum
1385 880 1420 908 et
1458 873 1638 909 sordibus
1678 879 1801 909 terre·
1822 887 1860 908 10

487 931 631 967 stribus
675 931 834 980 inpuros
887 931 921 966 in
965 931 1055 967 auri
1097 930 1331 966 mundiciam
1379 937 1414 966 et
1459 931 1720 980 splendorem,
1768 938 1803 967 et

488 989 764 1025 determinante
816 989 867 1024 ad
919 988 1093 1025 celestem
1146 989 1305 1025 deducet
1348 988 1569 1037 qualitatem
1604 989 1804 1038 facietque

488 1048 534 1082 de
577 1054 685 1084 terra
725 1047 847 1083 celum
881 1059 1022 1098 ymmo
1067 1046 1185 1083 eciam
1226 1047 1272 1083 de
1310 1046 1438 1095 lapide
1477 1045 1619 1084 Deum.
1672 1046 1803 1083 Homo

487 1117 649 1154 namque
687 1118 759 1141 non
797 1105 921 1141 solum
966 1105 1141 1141 iumentis
1183 1104 1442 1153 insipientibus
1481 1117 1555 1154 per
1602 1112 1804 1154 peccatum

487 1163 726 1199 assimilatur
757 1164 825 1199 sed
847 1163 965 1199 eciam
999 1163 1200 1212 lapidibus.
1240 1163 1459 1199 Conversus
1492 1175 1581 1199 vero
1604 1163 1656 1198 ad
1677 1163 1803 1199 Deum
1824 1165 1860 1198 15

488 1229 522 1257 et
562 1234 636 1270 per
677 1221 921 1257 dileccionenz
954 1221 1092 1270 factus
1130 1221 1345 1269 conformis
1381 1220 1466 1258 Deo
1517 1228 1552 1257 et
1601 1220 1805 1269 deiformis

488 1292 559 1315 non
592 1279 716 1316 solum
750 1287 955 1328 recuperat
993 1291 1073 1316 esse
1113 1279 1302 1315 hominem
1334 1279 1403 1315 sed
1434 1291 1515 1315 esse
1546 1279 1687 1325 Deum,
1732 1291 1804 1315 non

486 1345 612 1373 tamen
644 1337 967 1384 substancialiter,
1001 1337 1088 1386 quia
1129 1350 1224 1373 unus
1261 1338 1367 1373 solus
1404 1345 1459 1373 est
1495 1337 1805 1373 substancialiter

486 1395 608 1443 Deus,
641 1403 797 1432 creator
829 1395 1009 1442 omnium,
1053 1396 1123 1432 sed
1160 1395 1441 1432 denominative
1478 1402 1513 1432 et
1551 1395 1805 1444 nuncupative

485 1454 582 1490 sicut
612 1454 818 1490 Psalmista
854 1454 964 1489 dicit:
997 1454 1086 1504 Ego
1121 1453 1217 1500 dixi,
1252 1453 1306 1488 dii
1324 1453 1413 1489 estis
1445 1461 1513 1490 etc.
1548 1453 1734 1489 Similiter
1755 1453 1806 1488 ad
1822 1465 1863 1487 20

487 1512 791 1548 modulacionem
811 1512 990 1548 Davitice
1004 1512 1153 1548 cithare
1171 1512 1522 1562 denzoiiesfugabit
1544 1519 1578 1548 et
1600 1523 1805 1560 oppressos

486 1584 507 1606 a
539 1570 785 1621 gravissimis
824 1570 969 1606 morbis
1002 1570 1149 1619 eripiet,
1189 1577 1447 1620 agnoscetque
1475 1577 1510 1606 et
1527 1570 1654 1618 faciet
1679 1569 1805 1606 omnia

482 1628 878 1678 proporcionabiliter
924 1640 994 1677 que
1038 1628 1221 1664 mutando
1260 1628 1296 1663 in
1335 1628 1471 1663 melius
1499 1628 1605 1676 facit
1644 1634 1806 1673 natura;

487 1694 522 1723 et
558 1686 592 1723 si
628 1687 766 1735 aliquis
807 1687 852 1722 de
891 1686 1038 1722 duobus
1072 1686 1387 1736 proporcionatis
1425 1686 1478 1721 ad
1521 1686 1680 1722 invicem
1709 1698 1805 1734 pro-

482 1745 802 1794 porcionatorum
836 1757 950 1780 unum
984 1744 1141 1793 limpide
1172 1744 1349 1794 agnoscit
1389 1744 1424 1779 in
1458 1744 1576 1793 ipsius
1607 1743 1806 1780 nobilioris
1822 1746 1862 1778 25

488 1803 647 1852 limpida
680 1802 896 1853 agnicione,
930 1802 1065 1838 melius
1088 1802 1203 1851 forte
1235 1802 1338 1838 novit
1360 1802 1549 1850 reliquum
1580 1802 1615 1837 in
1647 1814 1687 1838 se
1710 1802 1804 1851 ipso.

493 1861 600 1897 Unde
631 1873 716 1897 cum
750 1873 880 1897 omnes
912 1868 1091 1897 creature
1124 1867 1159 1897 et
1191 1873 1320 1896 omnes
1353 1860 1587 1896 mutaciones
1625 1859 1661 1895 in
1700 1859 1805 1895 theo-

488 1919 593 1969 logia
640 1932 709 1955 sua
762 1919 926 1955 habeant
971 1918 1305 1968 proporcionalia,
1367 1918 1486 1954 nichil
1535 1925 1590 1954 est
1639 1917 1805 1954 alicuius

486 1977 645 2014 sciencie
677 1978 778 2025 quod
817 1977 852 2012 in
891 1976 1088 2027 theologia
1116 1977 1231 2026 plene
1268 1976 1402 2027 agnita
1443 1988 1514 2012 non
1554 1983 1738 2013 noscatur
1770 1982 1805 2011 et

476 2037 591 2084 forte
635 2035 770 2071 melius
808 2035 842 2070 in
883 2047 925 2071 ea
958 2046 1071 2083 quam
1110 2035 1145 2070 in
1179 2035 1345 2084 propria
1383 2034 1558 2072 sciencia.
1612 2033 1808 2082 Quidquid
1823 2037 1865 2069 30

488 2093 611 2144 igitur
648 2101 703 2129 est
735 2100 902 2143 propter
934 2093 1036 2141 quod
1078 2092 1295 2142 expetibilis
1332 2100 1386 2129 est
1425 2092 1502 2128 alia
1546 2092 1723 2142 sciencia,
1770 2092 1805 2127 in

487 2152 684 2201 theologia
718 2163 808 2187 vere
838 2150 1158 2200 apprehenditur.
1199 2150 1284 2187 Hec
1316 2151 1413 2186 enim
1449 2162 1540 2186 vera
1574 2150 1674 2186 mira
1699 2150 1805 2198 facit

487 2221 714 2260 agnoscere,
749 2221 840 2245 vera
874 2209 973 2244 mira
995 2209 1100 2257 facit
1122 2209 1292 2258 operari,
1327 2221 1440 2244 veras
1458 2215 1610 2257 prestat
1633 2207 1802 2244 divicias.

488 2268 552 2303 Ad
583 2268 680 2303 hanc
712 2280 808 2318 ergo
833 2267 1102 2316 festinandum
1144 2274 1198 2302 est
1237 2267 1476 2302 amatoribus
1503 2266 1599 2315 puri
1629 2265 1728 2312 boni,
1768 2272 1808 2301 ut

487 2338 557 2375 per
602 2338 684 2362 eam
724 2326 874 2374 possint
909 2325 1052 2373 facere
1096 2324 1279 2360 eximium
1325 2337 1419 2373 opus
1464 2323 1728 2360 misericordie
1773 2330 1808 2360 et
1825 2325 1864 2359 35

488 2384 665 2420 similiter
709 2383 947 2419 amatoribus
991 2383 1196 2429 mirorum,
1248 2383 1334 2431 quia
1386 2383 1453 2418 hec
1498 2389 1553 2418 est
1602 2381 1809 2431 operatrix

490 2442 723 2477 mirabilium
753 2454 948 2477 verorum.
992 2441 1260 2477 Verumtamen
1295 2453 1366 2477 non
1400 2447 1455 2476 est
1487 2440 1539 2475 ad
1570 2452 1651 2475 eam
1676 2451 1806 2475 ascen-

492 2499 656 2535 dendum
692 2499 841 2535 omissis
872 2498 1065 2549 gradibus
1096 2499 1165 2534 sed
1194 2511 1267 2547 per
1297 2499 1452 2549 gradus
1487 2498 1655 2534 aliarum
1687 2497 1806 2533 scien-

489 2558 636 2594 ciarum
682 2558 734 2592 ad
781 2558 886 2593 illam
926 2557 1209 2606 festinandum.
1264 2556 1325 2591 Ad
1376 2563 1502 2592 cetera
1550 2568 1642 2592 vero
1687 2567 1807 2604 opera

490 2616 754 2652 misericordie
806 2616 913 2651 debet
963 2627 1030 2650 nos
1081 2627 1235 2651 movere
1274 2615 1478 2663 persuasio
1529 2614 1675 2650 Christi
1718 2613 1866 2656 Jesu4o

560 2782 584 2806 7.
605 2773 764 2809 siragram
797 2774 814 2799 i.
844 2782 867 2799 c.
902 2773 1063 2809 ciragranz
1096 2772 1311 2808 (chiragram).
1421 2771 1460 2798 25.
1485 2772 1526 2798 A:
1561 2770 1639 2797 unde
1671 2769 1805 2804 limpide.

490 2816 536 2839 20.
558 2809 586 2834 A
608 2808 636 2835 in
659 2816 772 2841 marg:
800 2806 881 2834 Nola
904 2808 1125 2835 (Iris-ostomzun
1146 2807 1221 2841 (sic).
1309 2805 1353 2833 30.
1376 2807 1403 2833 A
1425 2806 1453 2833 in
1476 2813 1590 2840 marg:
1622 2804 1702 2832 Nota
1725 2804 1809 2839 quod

489 2843 586 2869 nichil
605 2845 648 2869 est
668 2843 800 2869 alicuius
820 2843 951 2869 sciencie
971 2843 1054 2877 quod
1073 2842 1103 2868 in
1124 2842 1284 2877 theologia
1312 2841 1385 2868 bene
1412 2840 1540 2876 cognita
1567 2847 1627 2867 non
1649 2841 1804 2866 noscatur.

491 2877 607 2912 37-39-
631 2878 667 2904 H:
691 2885 793 2904 verum
815 2881 915 2904 lamen
943 2894 963 2897 —
982 2876 1197 2914 festinandum
1220 2876 1249 2903 in
1272 2884 1367 2910 marg.
