2003 3322
152 234 230 270 310

183 355 250 382 The
269 354 389 382 faithful

201 395 270 417 turn
292 389 372 416 from

148 426 226 452 their
247 424 376 458 bishops
396 427 425 449 to

166 461 216 487 the
237 459 354 493 Bishop
375 458 409 484 of

243 494 338 521 souls.

184 760 318 786 Prelates
339 766 389 784 are

162 793 354 821 condemned
378 793 415 828 by

179 829 257 856 their
277 829 390 855 work&

152 1224 212 1252 We
239 1223 349 1250 should
372 1231 430 1258 pay

152 1259 235 1286 them
254 1259 328 1285 with
349 1259 429 1293 good

153 1295 279 1333 counsel
300 1294 419 1321 instead

206 1332 237 1356 ot
257 1337 379 1364 money.

850 238 968 269 opus
994 237 1329 269 EVANGELICUM
1516 224 1622 279 [CAP.
1644 233 1754 262 xv111.

441 346 668 391 hominibus,
698 357 740 381 ex
770 344 847 380 fide
871 353 1109 380 convertunt
1131 357 1171 380 se
1195 345 1244 380 ad
1269 344 1503 392 episcopum
1527 343 1754 380 animarum

441 413 476 439 et
501 416 580 439 non
605 403 754 439 faciunt
778 403 995 438 secundum
1022 401 1189 439 istorum
1215 402 1496 450 episcoporum
1526 401 1752 447 consilium,

440 462 532 497 licet
577 461 700 497 citent
744 470 786 496 ut
833 460 969 496 fideles
1009 460 1237 497 transiliant
1278 462 1326 497 ad
1372 460 1586 498 infernum.
1635 458 1756 496 Curia

441 519 545 556 enim
580 518 735 567 papalis
769 518 918 554 occidit
952 518 1087 554 fideles
1120 518 1240 555 tacite
1265 518 1332 566 qui
1364 518 1493 566 ipsam
1522 517 1687 554 visitant
1720 525 1757 552 et

442 578 588 613 multos
633 577 732 613 alios
772 585 853 613 tam
894 576 1144 624 propinquos
1185 589 1306 624 quam
1349 585 1526 612 remotos
1558 575 1681 612 trahit
1713 587 1757 610 ex

441 648 512 671 sua
536 635 705 683 perfidia
729 636 778 671 ad
802 634 1015 670 infernum.
1052 634 1149 679 Quis
1180 647 1274 682 ergo
1298 634 1425 671 fidelis
1448 646 1529 670 non
1552 634 1759 681 aufugeret

439 693 606 729 viriliter
637 693 757 729 talem
791 692 949 728 locum?

501 753 555 786 Ex
589 751 664 787 ista
698 750 832 786 radice
867 750 1044 786 dicerent
1078 749 1242 798 quidam
1278 749 1466 785 catholici
1499 748 1530 785 si
1564 749 1759 785 auderent

442 810 550 856 quod
580 817 838 856 acceptarent
867 808 966 844 tales
997 807 1287 844 mortificantes
1317 807 1358 844 in
1381 808 1556 855 prelatos
1579 806 1757 852 ecclesie,

443 879 533 902 eum
573 866 755 903 Christus
801 867 849 902 de
892 879 932 902 se
977 866 1063 914 ipso
1109 866 1205 902 dicit
1247 867 1332 902 Joh.
1368 867 1414 911 X,
1452 866 1521 902 38:
1568 865 1759 914 Operibus

443 925 597 960 credite.
633 926 710 961 Sed
735 937 859 972 opera
883 933 919 960 et
939 924 1137 960 confessio
1160 923 1325 972 propria
1343 923 1484 959 talium
1510 924 1757 970 prelatorum

444 996 522 1031 qua
568 982 707 1019 dicunt
747 984 855 1031 quod
893 982 979 1030 ipsa
1020 982 1151 1018 hostia
1190 995 1270 1018 non
1315 981 1364 1018 sit
1409 994 1554 1029 corpus
1595 979 1759 1017 Domini

445 1042 513 1076 sed
555 1054 633 1077 una
672 1040 827 1077 vanitas
866 1040 947 1077 sive
986 1040 1123 1083 nichil,
1170 1048 1354 1088 patenter
1393 1040 1613 1076 ostendunt
1652 1039 1760 1086 quod

445 1099 523 1134 sint
570 1098 733 1134 heretici
781 1107 888 1135 extra
934 1098 1067 1134 fidem.
1119 1098 1217 1143 Quis
1258 1111 1351 1145 ergo
1391 1105 1618 1145 acceptaret
1662 1097 1760 1133 tales

445 1157 505 1192 vel
539 1156 593 1192 eis
627 1156 931 1193 consencientes
970 1165 1179 1204 tamquam
1215 1157 1398 1192 membra
1431 1154 1620 1192 ecclesie?
1667 1156 1759 1190 Ideo

446 1214 611 1262 quidam
659 1215 794 1250 fideles
836 1216 1081 1262 respondent
1120 1214 1267 1250 talibus
1307 1213 1535 1262 petentibus
1580 1212 1758 1248 debitum

445 1273 505 1309 vel
545 1275 694 1308 bonum
735 1272 898 1320 aliquod
940 1273 1164 1320 temporale
1203 1274 1309 1320 quod
1356 1273 1499 1307 debent
1539 1272 1759 1307 secundum

446 1330 672 1367 doctrinam
699 1330 843 1367 Christi
869 1331 984 1366 Omni
1000 1331 1146 1379 petenti
1166 1338 1201 1365 te
1228 1331 1354 1365 tribue
1386 1329 1607 1377 perfeccius
1640 1341 1759 1377 quam

445 1398 591 1424 tetrum
640 1389 842 1425 numisma
887 1388 1076 1438 tribuere,
1128 1388 1221 1437 quia
1262 1390 1357 1424 dare
1396 1387 1622 1423 doctrinam
1670 1386 1760 1422 fidei

445 1459 522 1494 que
556 1456 613 1483 est
654 1447 795 1483 melior
828 1460 949 1495 quam
985 1447 989 1496 J
1026 1446 1229 1482 numisma
1272 1446 1477 1493 multiplex
1516 1445 1760 1481 talentorum

446 1514 482 1541 et
522 1505 551 1540 si
593 1504 784 1541 insensati
825 1505 1014 1541 affectant
1055 1504 1181 1552 magis
1221 1504 1479 1549 numismata,
1526 1516 1607 1540 non
1646 1504 1761 1539 debet

446 1562 500 1598 eis
531 1563 665 1605 tribui,
696 1563 798 1599 sicut
829 1564 949 1600 homo
982 1564 1028 1598 de
1059 1563 1143 1610 lege
1168 1562 1239 1598 Dei
1264 1576 1345 1599 non
1368 1562 1561 1598 tribueret
1584 1560 1761 1609 gladium

445 1621 610 1665 furioso,
654 1633 727 1657 nec
768 1621 895 1657 fidelis
932 1621 1124 1657 tribueret
1164 1620 1230 1656 tali
1273 1620 1469 1656 infatuato
1514 1619 1611 1655 talia
1655 1620 1762 1655 bona

446 1681 518 1715 sub
550 1679 712 1715 racione
742 1678 884 1727 prelati
911 1679 985 1714 nisi
1017 1692 1088 1715 suo
1119 1678 1252 1714 officio
1285 1687 1321 1714 et
1350 1678 1463 1726 operi
1497 1676 1760 1720 consentiret3

446 1746 482 1773 et
528 1750 617 1772 cum
665 1750 764 1784 opus
810 1750 925 1772 suum
974 1737 1022 1773 sit
1061 1746 1142 1772 tam
1185 1736 1443 1784 dampnabile
1475 1745 1557 1772 tam
1591 1734 1762 1782 positive

445 1794 723 1831 infidelitatem
761 1796 942 1831 docendo
972 1807 1091 1842 quam
1118 1793 1309 1841 privative
1343 1794 1461 1830 fidem
1496 1794 1760 1829 orthodoxam

445 1852 485 1888 in
526 1853 645 1888 fidem
689 1853 888 1900 scripture
932 1866 1003 1900 per
1036 1853 1240 1888 Christum
1282 1852 1431 1888 editam
1473 1852 1761 1897 subtrahendo,

444 1910 601 1946 videtur
636 1912 744 1958 quod
778 1910 966 1947 catholici
1008 1912 1153 1946 debent
1187 1911 1327 1946 tollere
1360 1923 1475 1946 suum
1510 1921 1762 1954 consensum,

445 1981 526 2004 non
572 1968 648 2004 illis
691 1971 797 2004 bona
838 1969 1079 2016 temporalia
1118 1968 1354 2011 tribuend03
1402 1976 1438 2004 et
1478 1967 1506 2003 si
1549 1967 1685 2003 fideles
1724 1966 1765 2002 in

446 2028 521 2063 hoc
554 2027 733 2063 facerent
764 2035 808 2062 ut
842 2027 939 2062 fides
963 2026 1111 2063 Christi
1146 2026 1265 2074 exigit
1298 2035 1335 2062 et
1368 2039 1447 2062 non
1478 2025 1656 2061 dicerent
1689 2024 1764 2060 illis

445 2086 538 2127 Ave,
572 2085 702 2121 forent
736 2085 890 2121 confusi
926 2085 963 2120 in
1000 2093 1184 2131 tempore
1219 2084 1377 2120 modico
1407 2093 1443 2120 et
1473 2083 1642 2120 ecelesia
1664 2083 1765 2119 foret

446 2144 668 2179 secundum
719 2152 904 2179 naturam
954 2143 1046 2179 salis
1091 2142 1238 2178 vivacis
1283 2152 1320 2179 et
1364 2141 1518 2190 proprii
1562 2141 1763 2189 regulata;

446 2202 514 2237 sed
539 2213 659 2237 nemo
690 2202 810 2237 audet
840 2210 1007 2248 propter
1036 2200 1271 2236 Antichristi
1296 2200 1517 2236 versuciam
1551 2200 1606 2235 sic
1633 2199 1765 2234 defen-

447 2260 539 2294 dere
579 2259 697 2294 fidem
734 2259 895 2305 Christi,
930 2268 972 2294 ut
1013 2259 1092 2295 iam
1126 2258 1342 2295 ventilatur
1379 2267 1422 2293 ut
1461 2258 1559 2294 fides
1598 2256 1764 2293 ecclesie

447 2317 543 2364 quid
576 2317 626 2352 sit
660 2317 790 2352 hostia
824 2326 1080 2363 consecrata;
1115 2325 1152 2352 et
1175 2325 1310 2352 tamen
1343 2316 1478 2352 fideles
1508 2328 1591 2351 non
1615 2316 1765 2351 audent

447 2384 580 2422 petere
625 2388 647 2411 a
694 2374 858 2422 prelatis
902 2375 983 2410 suis
1035 2375 1094 2410 vel
1146 2374 1233 2410 aliis
1278 2373 1514 2410 Antichristi
1559 2372 1764 2420 discipulis

447 2432 543 2480 quid
576 2432 626 2468 sit
657 2432 743 2480 ipsa
776 2432 907 2469 hostia
940 2434 1012 2468 sub
1044 2445 1150 2480 pena
1183 2445 1263 2468 non
1297 2431 1540 2468 reddicionis
1574 2429 1764 2479 stipendii

446 2491 506 2526 vel
540 2490 757 2527 elemosine
791 2491 1027 2538 corporalis.
1075 2492 1123 2526 Et
1156 2490 1231 2526 ista
1265 2498 1322 2526 est
1356 2490 1531 2526 maxima
1564 2487 1765 2525 servitutis

447 2548 648 2585 subieccio
677 2562 799 2596 quam
831 2548 996 2584 memini
1028 2560 1090 2585 me
1119 2557 1280 2585 notasse
1304 2549 1409 2596 quod
1444 2546 1572 2583 fidelis
1594 2545 1765 2584 necessi-

517 2740 541 2767 3.
560 2741 652 2767 citent
666 2741 694 2767 in
711 2741 818 2768 codd:
836 2749 872 2767 an
890 2741 1019 2768 incitent
1032 2741 1213 2775 legendunn
1230 2741 1270 2767 ib.
1288 2741 1326 2767 B:
1341 2740 1532 2768 transilient.
1588 2748 1626 2766 21.
1644 2741 1687 2766 A:
1702 2747 1764 2766 non

448 2776 565 2802 debent.
640 2776 682 2803 23.
706 2776 743 2802 ss:
764 2777 828 2802 sali
846 2775 1018 2811 insaluatr).
1093 2775 1135 2802 33.
1157 2777 1201 2802 A:
1221 2776 1310 2803 sicut.
1383 2774 1428 2811 37.
1444 2777 1580 2810 Atpena
1593 2782 1654 2802 non
1670 2774 1764 2801 deest.

525 2859 573 2891 18.
601 2860 717 2891 Lucae
743 2861 799 2899 VI,
830 2860 883 2891 30.

1779 878 1817 899 10

1781 1158 1817 1190 15

1779 1739 1818 1770 25

1781 2030 1823 2061 30

1781 2318 1820 2351 35
