2003 3322
191 231 273 264 440

222 746 444 783 Chrysostom:

212 781 352 817 Mystical
374 789 456 817 sym-

215 817 328 844 bolism
350 816 386 843 of
402 816 452 843 the

276 859 381 887 grape.

897 225 1015 256 OPUS
1040 225 1379 257 EVANGELICUM
1585 212 1692 266 [CAR
1713 222 1790 250 LIII·

478 332 616 381 Aliqui
669 344 762 379 ergo
806 340 897 367 sunt
944 339 1055 367 actus
1100 330 1141 366 in
1185 330 1332 366 talibus
1366 332 1450 366 Deo
1495 330 1649 378 proprii
1695 343 1795 379 quos

480 398 640 439 oportet
662 389 736 426 sibi
768 388 1023 437 singulariter
1047 400 1249 425 reservare
1282 397 1319 425 et
1352 387 1422 424 alii
1446 396 1558 424 actus
1592 389 1640 424 de
1662 401 1797 425 neces-

481 448 597 485 sitate
630 455 919 495 consequentes
959 446 1027 494 qui
1072 454 1240 494 possunt
1284 445 1437 482 homini
1483 446 1797 493 communicari3

481 506 548 542 ille
580 514 714 542 autem
748 504 815 553 qui
849 513 958 541 tenet
992 505 1095 540 hanc
1126 503 1300 551 logicam
1333 503 1484 540 tenebit
1508 513 1799 552 consequenter

483 565 703 601 secundum
738 563 846 611 quod
878 574 949 611 per
982 563 1087 598 hanc
1119 562 1365 598 sentenciam
1400 570 1457 598 est
1492 561 1722 609 dicendum,
1763 570 1800 599 et

484 621 551 670 qui
598 621 727 658 variat
759 620 800 657 in
833 621 907 657 hac
939 620 1072 669 logica
1103 619 1144 656 in
1176 619 1307 656 verbis
1341 621 1562 657 secundum
1597 621 1707 668 quod
1739 632 1801 657 ex-

484 679 595 728 pedit
626 678 809 716 variabit.

543 739 621 775 Sed
666 736 833 773 dimissa
884 736 959 773 ista
1005 735 1175 772 materia
1220 735 1525 772 contencionem
1571 735 1801 772 amantibus

484 795 700 832 videndum
735 803 792 831 est
825 794 922 843 quid
956 794 1052 830 dicit
1075 793 1346 831 Crisostomus
1380 793 1419 829 in
1454 795 1529 830 hoc
1561 794 1664 832 loco.
1697 796 1799 830 Nam

486 866 606 902 super
637 852 711 889 isto
744 861 852 889 textu
884 852 941 888 sic
973 852 1171 900 loquitur:
1212 852 1292 888 Uva
1316 852 1528 888 misterium
1562 852 1598 887 in
1620 864 1660 888 se
1692 852 1803 888 habet

491 911 651 949 Christi.
699 911 805 947 Sicut
849 911 946 946 enim
981 911 1117 946 botrus
1149 910 1270 945 multa
1311 910 1347 945 in
1378 922 1420 946 se
1450 922 1580 959 grana
1613 910 1803 946 mediante

487 970 593 1020 ligno
615 969 828 1018 suspendit,
860 968 914 1005 sic
947 976 981 1004 et
1009 968 1190 1004 Christus
1212 968 1353 1004 multos
1373 968 1518 1017 fideles
1545 979 1619 1017 per
1646 967 1801 1018 signum

488 1027 615 1064 crucis
652 1034 753 1064 tenet
784 1027 1000 1063 adiunctos.
1049 1026 1237 1062 Similiter
1269 1026 1388 1062 eciam
1427 1025 1523 1061 sicut
1542 1025 1649 1074 ficus
1681 1026 1803 1061 multa

486 1098 616 1136 grana
661 1097 735 1121 uno
780 1085 951 1135 tegmine
981 1091 1080 1120 tenet
1124 1084 1285 1130 inclusa,
1336 1084 1390 1120 sic
1434 1090 1469 1119 et
1501 1083 1642 1120 multos
1661 1084 1806 1133 fideles

486 1143 598 1193 quasi
627 1143 795 1192 quodam
831 1142 937 1179 dulci
967 1142 1144 1178 caritatis
1175 1142 1361 1191 amplexu
1395 1154 1470 1177 una
1502 1149 1602 1177 tenet
1633 1141 1803 1178 ecclesia.

487 1201 540 1237 Et
583 1208 671 1237 sunt
704 1201 740 1236 in
766 1201 851 1250 ficu
883 1201 997 1251 signa
1030 1202 1095 1236 hec
1127 1200 1304 1236 caritatis
1342 1207 1377 1236 et
1410 1199 1578 1245 unitatis,
1630 1199 1807 1235 caritatis

489 1259 640 1308 quidem
680 1259 716 1294 in
750 1258 964 1305 dulcedine,
997 1258 1152 1293 unitatis
1183 1266 1310 1294 autem
1343 1258 1379 1293 in
1413 1257 1679 1294 coniunccione
1709 1270 1805 1307 gra-

490 1329 642 1364 norum,
674 1317 771 1353 sicut
794 1316 983 1366 scriptum
1010 1324 1086 1352 est:
1109 1315 1217 1353 Deus
1249 1316 1314 1364 qui
1343 1315 1563 1351 inhabitare
1585 1315 1691 1363 facit
1713 1328 1806 1351 una-

490 1375 609 1411 nimes
652 1375 688 1410 in
734 1375 862 1411 domo.
926 1375 968 1410 In
1014 1386 1086 1410 uva
1131 1381 1258 1409 autem
1306 1380 1362 1410 est
1407 1373 1605 1423 paciencie
1653 1373 1806 1422 quidem

488 1433 658 1484 signum,
698 1433 785 1481 quia
819 1432 855 1468 in
888 1432 1084 1469 torculari
1114 1432 1293 1479 mittitur,
1331 1431 1471 1482 gaudii
1499 1438 1625 1467 autem
1660 1431 1697 1467 in
1739 1444 1806 1480 spe

490 1491 578 1540 quia
619 1491 746 1527 vinum
780 1490 937 1540 letificat
981 1502 1061 1535 cor,
1115 1489 1351 1526 sinceritatis
1395 1489 1482 1538 quia
1515 1501 1588 1525 non
1622 1496 1677 1525 est
1708 1501 1806 1538 aqua

487 1549 730 1598 permixtum
755 1555 790 1584 et
813 1548 1020 1585 delectacio
1042 1548 1256 1584 suavitatis.
1292 1548 1355 1584 De
1377 1547 1449 1583 hiis
1471 1554 1597 1583 autem
1620 1547 1807 1596 scriptum

491 1614 566 1643 est:
617 1607 788 1643 Fructus
831 1614 957 1642 autem
991 1606 1151 1655 spiritus
1183 1613 1238 1642 est
1271 1606 1430 1650 caritas,
1473 1605 1678 1656 gaudium,
1709 1617 1808 1655 pax,

487 1665 700 1714 paciencia,
724 1664 886 1711 bonitas,
911 1664 1177 1711 mansuetudo,
1189 1664 1308 1713 fides,
1333 1664 1534 1710 modestia,
1558 1663 1805 1699 continencia.

493 1723 608 1771 Spine
639 1729 765 1758 autem
804 1729 891 1758 sunt
933 1722 1104 1767 heretici,
1148 1722 1245 1757 sicut
1288 1733 1417 1757 sermo
1457 1721 1537 1770 ipse
1570 1721 1810 1758 demonstrat

492 1780 671 1830 superius
705 1780 858 1816 dicens:
889 1780 1084 1816 Attendite
1121 1792 1142 1814 a
1166 1779 1291 1827 falsis
1318 1779 1534 1828 prophetis.
1586 1779 1703 1829 Ergo
1736 1791 1809 1815 non

488 1845 652 1887 possunt
689 1838 797 1887 spine
840 1845 874 1873 et
918 1837 1054 1873 tribuli
1097 1837 1376 1873 ecclesiasticos
1405 1837 1570 1885 fructus
1605 1837 1809 1886 proferre.

493 1896 570 1932 Sed
592 1896 683 1944 quid
700 1896 944 1944 proferunt?
975 1895 1155 1941 Vulnera,
1179 1895 1454 1931 tribulaciones
1485 1902 1520 1930 et
1543 1901 1669 1931 cetera
1693 1895 1811 1942 mala,

492 1954 816 2003 quemadmodum
861 1954 971 2003 spina
1026 1954 1086 1988 vel
1129 1953 1295 1988 tribulus
1339 1965 1389 1989 ex
1432 1965 1654 2002 quacunque
1695 1960 1813 2002 parte

493 2012 601 2048 illam
634 2012 885 2061 conspexeris
917 2011 1031 2047 habet
1062 2011 1237 2047 aculeos:
1268 2011 1323 2047 sic
1355 2018 1391 2046 et
1421 2023 1555 2047 servos
1587 2011 1732 2047 diaboli
1763 2023 1813 2047 ex

496 2082 719 2118 quacunque
746 2077 863 2119 parte
908 2069 1219 2106 consideraveris
1264 2068 1522 2117 iniquitatibus
1569 2069 1678 2118 pleni
1726 2076 1815 2104 sunt

495 2134 534 2163 ut
564 2140 702 2164 servus
736 2127 889 2163 diaboli.
933 2127 976 2162 Si
1009 2127 1192 2176 loquitur,
1226 2127 1261 2162 in
1296 2127 1384 2163 dolo
1418 2126 1598 2175 loquitur,
1630 2126 1665 2162 si
1700 2133 1811 2173 tacet,

495 2186 597 2222 male
628 2185 788 2236 cogitat,
820 2185 854 2221 si
885 2185 1081 2231 irascitur,
1116 2184 1268 2231 insanit,
1299 2184 1334 2220 si
1358 2184 1560 2234 pacienter
1590 2184 1685 2234 agit,
1719 2191 1812 2220 tem-

489 2256 565 2292 pus
597 2251 797 2293 exspectat
819 2243 981 2279 nocendi
1011 2250 1045 2278 et
1068 2242 1366 2292 oportunitatem
1393 2242 1628 2289 considerat,
1661 2243 1812 2291 quando

496 2308 640 2338 noceat.
676 2302 719 2337 Si
740 2302 841 2337 male
863 2301 961 2351 agit,
993 2314 1065 2337 non
1089 2301 1290 2345 erubescit,
1313 2300 1347 2336 si
1369 2300 1650 2349 benefacit,ad
1672 2313 1811 2336 vanum

495 2359 669 2409 gloriam
699 2367 868 2408 propter
901 2359 1073 2395 homines
1096 2359 1214 2406 facit.
1254 2358 1458 2401 Quomodo
1489 2359 1671 2407 proferat
1693 2359 1811 2407 fruc-

497 2425 576 2453 tum
612 2418 764 2466 bonum,
812 2418 918 2452 cuius
951 2417 1072 2452 radix
1105 2417 1280 2452 diabolus
1312 2416 1398 2452 est?
1430 2416 1507 2451 Sub
1541 2416 1684 2452 arbore
1715 2416 1813 2451 bona

496 2482 533 2511 et
554 2475 670 2511 bestie
702 2482 737 2511 et
768 2475 953 2511 animalia
976 2474 1228 2523 requiescunt,
1260 2475 1328 2510 suh
1360 2474 1479 2523 spinis
1507 2481 1633 2510 autem
1667 2473 1812 2509 nullum

569 2679 596 2703 Q.
618 2673 646 2699 A
667 2672 696 2699 in
726 2680 839 2706 marg:
863 2670 1084 2699 Crisostomus.
1160 2678 1197 2698 12.
1218 2672 1261 2698 A:
1283 2670 1414 2707 lignum.
1489 2670 1525 2697 15.
1546 2671 1589 2698 A:
1612 2671 1703 2706 quasi
1721 2671 1813 2698 deest.

499 2714 541 2742 19.
563 2707 601 2734 B:
624 2708 654 2734 in
676 2708 759 2734 deest
779 2707 882 2734 before
903 2715 971 2734 uva.
1045 2706 1088 2735 28.
1110 2706 1148 2733 B:
1170 2709 1200 2733 et
1218 2708 1320 2733 cetera
1340 2705 1422 2732 mala
1444 2705 1536 2732 deest.

575 2802 599 2822 1.
628 2791 695 2832 Op.
712 2792 796 2833 Imp.
827 2792 849 2822 1.
876 2801 903 2822 c.
931 2802 963 2832 p.
989 2790 1068 2824 830.
1147 2789 1196 2822 18.
1212 2790 1338 2821 Psalm.
1359 2790 1493 2829 LXVH,
1514 2799 1543 2830 7.
1612 2799 1664 2820 22.
1682 2789 1810 2820 Psalm.

501 2838 584 2877 CIII,
617 2838 666 2868 15.
765 2838 817 2871 23.
847 2837 921 2868 Gal.
948 2838 989 2876 V,
1018 2847 1070 2876 22,
1099 2838 1151 2869 23.

1823 866 1860 886 10

1826 1145 1861 1177 15

1824 1445 1865 1466 20

1827 1724 1866 1755 25

1829 2015 1870 2046 30

1830 2302 1868 2337 35
