2003 3322
148 259 229 304 264
861 264 979 296 opus
1004 263 1339 296 EVANGELICUM
1553 252 1659 306 [CAP.
1681 261 1748 289 vn.

955 366 1095 408 CAP.
1128 366 1235 408 VII.

190 472 379 508 Augustine:
497 463 687 512 Sequitur
708 463 748 500 in
769 472 877 499 textu
893 461 1077 499 Matthei:
1108 462 1274 499 Orantes
1296 470 1421 499 autem
1452 463 1568 499 nolite
1590 463 1749 499 multum

163 507 413 576 tffffigssssafihoeffls
439 522 555 571 loqui,
578 522 676 558 sicut
701 521 841 557 ethnici
851 520 1030 569 faciunt‚·
1046 527 1185 569 putant
1208 521 1305 557 enim
1328 521 1430 570 quod
1454 521 1489 556 in
1513 520 1752 570 multiloquio

170 575 400 646 ucisslaggssclidbge
436 592 504 616 suo
524 579 796 615 exaudiantur.
821 578 950 614 Nolite
972 590 1068 628 ergo
1092 578 1305 614 assimilari
1325 578 1396 614 eis:
1419 578 1499 615 Scit
1520 579 1616 614 enim
1635 586 1753 628 pater

148 646 239 673 much
264 645 422 681 speaking.
440 645 564 674 vester
594 637 685 687 quid
717 649 811 686 opus
842 636 891 672 sit
923 636 1029 672 vobis
1061 643 1263 684 antequam
1292 636 1434 685 petatis
1465 648 1561 673 eum.
1768 640 1784 672 5

497 697 626 742 Super
666 707 746 742 quo
785 693 1051 742 Augustinus:
1104 693 1283 741 Orantes‚
1328 693 1471 743 inquit,
1518 694 1634 730 nolite
1672 707 1753 731 esse

439 753 657 801 multiloqui
685 752 782 789 sicut
815 752 973 797 etlznici;
1014 751 1260 788 arbitrantur
1291 751 1388 788 enim
1421 753 1524 801 quod
1555 752 1592 787 in
1623 753 1750 789 multi-

439 811 564 860 loquio
597 823 665 847 suo
698 810 962 846 exaudiantur
993 822 1015 845 a
1038 809 1228 855 Domino;
1257 810 1326 846 sed
1357 822 1430 846 non
1464 810 1515 846 ita
1545 817 1611 846 est.
1646 810 1752 847 Sicut

430 868 712 920 ypocritarum
761 875 816 904 est
854 868 1021 917 prebere
1063 879 1103 904 se
1149 868 1431 917 exspectandos
1474 867 1510 903 in
1559 868 1751 915 oracione,

438 939 599 975 quorum
615 926 778 974 fructus
810 933 865 962 est
892 926 1052 975 placere
1081 925 1307 969 hominibus,
1343 925 1394 961 ita
1431 933 1465 961 et
1499 926 1751 973 ethnicorum,
1772 939 1810 960 ιο

438 985 477 1019 id
509 991 576 1031 est,
619 983 821 1034 gentilium
862 984 897 1019 in
938 983 1177 1032 multiloquio
1217 991 1272 1020 est
1304 990 1447 1033 putare
1483 995 1524 1019 se
1555 984 1749 1022 exaudiri.

438 1042 490 1078 Et
523 1053 660 1078 revera
694 1054 805 1078 omne
836 1041 1116 1090 multiloquium
1151 1054 1172 1076 a
1203 1041 1411 1091 gentilibus
1435 1041 1533 1077 uenit
1554 1041 1619 1091 qui
1639 1053 1752 1078 exer-

439 1100 556 1136 cende
588 1100 719 1150 lingue
746 1099 882 1149 pocius
912 1112 1025 1149 quam
1050 1100 1289 1135 immutando
1313 1099 1440 1136 animo
1465 1100 1558 1136 dant
1580 1111 1751 1149 operam.

438 1158 492 1194 Et
539 1158 610 1193 lzoc
655 1157 856 1207 nugatorii
897 1157 1016 1193 studii
1057 1169 1181 1208 genus
1226 1157 1345 1193 eciam
1386 1157 1438 1193 aa'
1475 1157 1601 1193 Deum
1636 1169 1755 1207 prece

428 1216 667 1266 flectendum
702 1216 923 1264 transferre
953 1222 1154 1261 conantur,
1187 1215 1422 1251 arbitrantes
1443 1215 1541 1251 sicut
1564 1215 1752 1252 hominem
1774 1218 1810 1250 15

439 1273 600 1310 iudicem
636 1273 761 1309 verbis
794 1273 936 1309 adduci
966 1272 1002 1308 in
1033 1272 1278 1309 sentenciam.
1312 1273 1444 1309 Nolite
1466 1273 1591 1322 itaque
1611 1273 1756 1310 similes

440 1332 516 1368 illis
548 1342 641 1377 esse,
677 1331 769 1367 dicit
800 1343 896 1367 unus
929 1338 964 1367 et
998 1343 1113 1367 verus
1145 1331 1337 1381 magister
1369 1337 1516 1375 vestem
1553 1331 1624 1368 scit
1656 1331 1753 1367 enim

434 1397 554 1439 pater
586 1396 714 1425 vester
744 1389 835 1438 quid
867 1389 972 1425 vobis
1005 1389 1262 1424 necessarium
1296 1389 1356 1435 sit,
1391 1396 1593 1438 antequam
1612 1389 1756 1439 petatis

440 1447 486 1484 ab
525 1459 578 1483 eo.
626 1446 669 1482 Si
705 1447 802 1482 enim
844 1447 960 1482 verba
1001 1446 1122 1482 multa
1155 1447 1206 1482 aa'
1238 1446 1278 1482 id
1304 1447 1582 1496 proferuntur,
1627 1454 1668 1483 ut
1699 1447 1754 1483 in-

439 1511 619 1542 struatur
650 1511 685 1540 et
718 1505 904 1541 doceatur
934 1504 1111 1555 ignarus,
1142 1504 1235 1554 quid
1266 1504 1317 1540 eis
1350 1517 1444 1554 opus
1472 1512 1527 1541 est
1549 1506 1600 1540 ad
1622 1517 1754 1541 rerum
1772 1516 1813 1538 20

441 1563 609 1599 omnium
643 1563 885 1613 cognitorem
920 1563 981 1598 cui
1011 1562 1137 1598 omnia
1169 1575 1241 1612 que
1270 1570 1358 1598 sunt
1390 1574 1431 1599 eo
1465 1563 1545 1612 ipso
1575 1575 1646 1611 quo
1668 1570 1757 1599 sunt

442 1621 621 1657 obediunt
653 1627 688 1656 et
720 1621 941 1670 loquuntur,
985 1632 1140 1669 seseque
1171 1620 1341 1656 iudicant
1364 1620 1481 1669 facta
1525 1628 1561 1657 et
1605 1633 1648 1657 ea
1687 1633 1757 1670 que

431 1680 576 1728 futura
608 1686 696 1714 sunt
727 1686 852 1714 artem
886 1678 1194 1728 sapienciamque
1225 1690 1298 1714 non
1332 1679 1463 1725 latent,
1496 1678 1532 1714 in
1564 1691 1639 1728 qua
1669 1686 1758 1715 sunt

442 1744 477 1773 et
508 1748 579 1785 que
610 1736 848 1772 transierunt
880 1743 914 1772 et
945 1748 1017 1785 que
1047 1736 1264 1772 transitura
1292 1743 1380 1773 sunt
1408 1736 1536 1773 omnia
1553 1737 1756 1786 presencia

442 1802 477 1830 et
509 1806 582 1830 non
617 1793 875 1830 transeuncia.
1775 1797 1814 1828 25

200 1856 382 1891 objection:
504 1852 581 1887 Sed
618 1864 702 1888 cum
737 1864 863 1901 pauca
903 1852 1019 1887 verba
1059 1851 1177 1887 eciam
1217 1851 1297 1900 ipse
1335 1851 1509 1887 dicturus
1541 1859 1596 1888 est
1626 1851 1759 1901 quibus

175 1892 355 1954 Whyaifiiay
375 1897 404 1919 at
446 1922 513 1946 nos
546 1910 681 1945 doceat
713 1922 843 1957 orare,
881 1909 991 1958 queri
1022 1917 1151 1958 potest
1183 1909 1244 1945 cui
1274 1909 1335 1945 vel
1365 1909 1436 1945 hiis
1462 1910 1600 1958 paucis
1633 1910 1759 1946 verbis

446 1979 541 2017 opus
578 1968 628 2004 sit
667 1968 719 2003 ad
751 1979 835 2003 eum
869 1967 933 2016 qui
962 1967 1033 2004 scit
1065 1967 1192 2004 omnia
1225 1974 1427 2015 antequam
1450 1967 1558 2015 fiant,
1587 1975 1623 2004 et
1655 1967 1760 2004 novit

445 2033 486 2062 ut
518 2025 659 2062 dictum
693 2033 748 2062 est
778 2025 870 2074 quid
902 2025 1008 2061 nobis
1040 2025 1298 2061 necessarium
1332 2032 1387 2061 est
1419 2033 1620 2074 antequam
1647 2033 1757 2075 peta-

446 2096 531 2120 mus
563 2084 609 2119 ab
643 2095 697 2119 eo.
1776 2086 1818 2118 30

218 2149 366 2175 Answer:
506 2140 580 2177 Hic
613 2141 745 2190 primo
785 2141 1044 2190 respondetur
1082 2153 1155 2177 non
1196 2141 1323 2177 verbis
1361 2153 1429 2177 nos
1468 2153 1589 2191 agere
1622 2141 1759 2177 debere

165 2182 422 2252 ρῙξᾶξνζΥᾰᾷοἳΞὲ
446 2200 550 2249 apud
583 2200 722 2245 Deum,
768 2206 807 2234 ut
846 2199 1096 2247 impetremus
1134 2199 1235 2247 quod
1267 2198 1435 2248 petimus
1471 2199 1551 2235 sive
1583 2200 1759 2235 volumus

164 2251 426 2314 affitffigtfflffizs
446 2258 514 2293 sed
552 2257 665 2293 rebus
702 2269 797 2306 quas
835 2256 962 2293 animo
993 2256 1169 2307 gerimus
1201 2263 1236 2292 et
1268 2256 1477 2292 intencione
1508 2257 1758 2306 cogitacionis

167 2321 364 2359 prayertells
384 2327 531 2359 uacum
577 2314 784 2351 dileccione
822 2327 926 2363 pura
969 2322 1004 2350 et
1051 2315 1188 2362 affectu
1231 2314 1407 2363 simplici.
1454 2315 1506 2350 Et
1551 2326 1613 2350 res
1656 2315 1759 2363 ipsas

154 2355 573 2408 WhattOthlrlkOt'verbis
617 2384 684 2408 nos
731 2372 907 2409 docuisse
952 2372 1146 2408 dominum
1192 2379 1365 2408 nostrum
1404 2372 1538 2421 quibus
1576 2372 1760 2409 memorie
1775 2374 1815 2407 35

446 2430 640 2466 mandatis
672 2443 736 2466 eas
767 2431 820 2465 ad
852 2438 1000 2479 tempus
1032 2430 1173 2466 orandi
1203 2431 1519 2466 recordaremur.

504 2488 582 2524 Sed
615 2500 753 2524 rursus
785 2488 895 2536 queri
919 2495 1061 2537 potest,
1104 2488 1139 2524 si
1181 2488 1308 2524 verbis
1351 2489 1541 2524 orandum
1581 2488 1630 2524 sit
1668 2488 1760 2537 quid

445 2558 540 2595 opus
584 2546 634 2582 sit
678 2546 759 2594 ipsa
805 2546 999 2591 oracione,
1042 2546 1077 2581 si
1113 2546 1220 2581 Deus
1264 2545 1339 2581 iam
1385 2546 1489 2582 novit
1526 2546 1617 2594 quid
1654 2545 1759 2581 nobis

515 2703 957 2738 6.Aininarngugustinus.
1016 2702 1239 2730 10.Codd.:ita
1252 2704 1295 2729 est
1304 2702 1504 2730 ethnicorum.
1568 2701 1759 2737 13.B:quam

445 2737 602 2765 mutando.
716 2744 760 2764 20.
782 2737 820 2764 B:
847 2737 921 2772 quid
941 2737 1021 2764 enim
1041 2745 1119 2772 opus
1138 2740 1191 2765 est.
1300 2744 1346 2771 29.
1367 2737 1410 2764 A:
1437 2737 1476 2764 sit
1503 2746 1559 2772 pro
1584 2740 1630 2765 est
1656 2737 1759 2764 before

445 2775 621 2808 antequam.
688 2770 729 2799 35.
753 2771 870 2799 Codd.:
891 2772 956 2799 sive
975 2772 1083 2799 verbis.

517 2842 546 2863 2.
572 2831 691 2863 Matth.
717 2833 772 2872 VI,
799 2831 902 2874 7-8,
1025 2832 1057 2864 6.
1084 2833 1117 2864 S.
1144 2833 1326 2874 Augustini
1353 2833 1404 2865 De
1431 2842 1592 2864 sermone
1618 2832 1758 2863 Domini

447 2879 480 2910 in
507 2884 636 2919 monte,
665 2878 684 2909 l.
712 2889 739 2909 c.
766 2889 799 2920 p.
828 2877 904 2910 205.
