2003 3322
247 172 435 227 αΑμῐλῢ]
717 185 926 217 SECUNDA
956 186 1081 217 PARS

245 291 403 339 proficit
436 300 472 327 et
505 291 697 328 creaturis
726 291 907 339 pluribus
940 291 1035 328 facit
1056 293 1224 339 bonum,
1257 291 1313 327 sic
1347 293 1451 327 Deus
1473 293 1555 328 vult

244 358 454 397 peccatum
500 358 537 386 et
579 358 636 385 est
669 362 690 386 a
724 352 807 386 Deo
845 351 896 386 ad
928 351 1076 385 bonum
1112 349 1276 386 ecclesie
1309 349 1552 388 ordinatum.

244 409 292 443 Et
325 416 459 444 tamen
491 409 597 444 Deus
629 420 709 444 non
742 408 825 444 vult
855 408 916 444 vel
948 407 1110 444 ordinat
1142 409 1250 455 quod
1283 407 1370 456 quis
1402 417 1552 455 peccet,

244 474 281 500 et
314 465 368 501 ita
405 466 590 501 laborant
635 465 799 513 quidam
845 465 958 502 anxie
990 465 1031 501 in
1064 465 1374 513 equivocacione
1408 466 1454 501 de
1488 467 1552 501 de-

213 522 363 562 §ficere
396 523 549 570 peccati
584 531 620 559 et
653 535 735 559 esse
769 525 874 559 bono
897 522 1051 571 peccati
1085 525 1192 571 quod
1216 523 1380 572 quidam
1409 532 1553 560 vocant

244 593 328 616 esse
361 583 598 627 secundum,
632 581 725 617 licet
758 590 969 628 peccatum
993 594 1075 617 non
1097 582 1242 618 habeat
1257 593 1339 617 esse
1362 580 1551 628 primum.

122 650 206 687 402a
301 638 386 674 Alie
419 647 552 675 autem
576 648 666 675 sunt
698 638 953 675 difficultates
976 638 1172 675 notabiles
1201 636 1205 691 l
1234 639 1274 675 in
1303 639 1553 675 sermonibus

243 695 358 732 huius
391 696 530 743 sancti,
563 705 606 732 ut
637 697 793 734 videtur
824 697 990 733 innuere
1023 698 1131 745 quod
1164 696 1325 745 presciti
1360 697 1426 745 qui
1460 706 1552 733 sunt

243 756 405 790 arbores
438 756 485 790 de
517 754 615 791 silva
646 768 728 792 non
760 755 911 791 faciunt
943 755 1116 790 fructum
1152 756 1316 801 bonum,
1367 756 1441 791 hoc
1481 764 1552 801 est,

191 830 229 850 10
243 824 365 859 opera
398 813 448 848 ad
480 825 591 849 suam
623 812 913 849 beatitudinem
946 814 1271 860 promerendam,
1306 821 1343 849 et
1375 812 1406 848 si
1430 825 1554 861 quan-

243 871 374 918 doque
407 869 558 907 faciunt
582 872 735 907 bonum
770 871 817 906 de
840 883 997 918 genere,
1033 871 1107 906 hoc
1132 870 1175 906 fit
1208 883 1299 907 cum
1333 870 1553 907 acerbitate

242 927 397 975 peccati
430 928 559 964 finalis
591 928 893 977 impenitencie3
928 938 964 964 et
986 927 1040 964 sic
1065 937 1121 964 est
1145 929 1295 964 malum
1319 941 1400 964 non
1423 929 1552 964 solum

242 987 376 1033 quoad
407 994 564 1034 tempus
586 988 655 1022 sed
679 987 830 1023 malurn
853 986 1098 1034 simpliciter.
1140 986 1395 1035 Propositum
1419 995 1552 1023 autem

243 1043 356 1079 Pauli
402 1057 481 1092 quo
525 1044 649 1081 voluit
693 1044 878 1092 persequi
932 1044 1173 1081 christianos
1236 1053 1273 1080 et
1325 1044 1553 1092 extinguere

190 1108 390 1140 15nomen
432 1101 593 1148 Christi,
657 1102 752 1151 quia
800 1101 968 1139 credidit
1011 1102 1142 1150 ipsum
1181 1115 1261 1138 non
1307 1114 1391 1138 esse
1424 1105 1551 1138 Deum

242 1160 309 1195 sed
343 1172 441 1207 pure
476 1160 682 1197 hominem
716 1160 788 1196 fuit
821 1161 972 1196 malum
1008 1161 1135 1208 culpe,
1182 1159 1276 1208 quia
1309 1159 1554 1197 infidelitatis

242 1219 310 1253 sed
342 1230 422 1253 non
457 1218 607 1254 malum
640 1218 770 1254 finalis
794 1217 1095 1266 impenitencie;
1129 1218 1169 1254 in
1201 1217 1393 1266 ypocritis
1417 1227 1552 1255 autem

242 1284 298 1311 est
330 1275 601 1312 communiter
632 1275 731 1312 illud
765 1276 928 1312 malum.

300 1334 413 1369 Unde
435 1333 599 1382 quidam
623 1333 761 1370 dicunt
794 1336 902 1382 quod
924 1346 997 1369 nos
1019 1333 1176 1369 occidui
1209 1346 1347 1370 sumus
1380 1333 1553 1370 maniaci

185 1409 226 1430 20
241 1390 435 1438 infideles,
480 1391 575 1440 quia
618 1391 659 1428 in
690 1404 833 1440 penam
868 1391 1021 1440 peccati
1065 1390 1210 1439 prioris
1243 1404 1380 1428 sumus
1413 1405 1435 1428 a
1468 1394 1551 1428 Deo

241 1448 414 1485 stulticia
447 1449 619 1486 excecati
653 1451 761 1498 quod
794 1458 1051 1497 peccatorem
1076 1449 1295 1486 maximum
1328 1458 1371 1486 ut
1402 1462 1550 1498 papam

242 1519 285 1543 ex
316 1515 421 1543 statu
460 1520 645 1555 perverso
679 1517 886 1556 assumpto
926 1507 1125 1544 credimus
1156 1507 1474 1556 impeccabilem,
1515 1517 1553 1544 et

240 1564 295 1601 sic
318 1565 358 1601 in
382 1564 661 1613 indulgenciis,
693 1565 734 1601 in
757 1565 952 1613 quiditate
975 1565 1105 1601 hostie
1121 1574 1352 1602 consecrate
1375 1574 1411 1602 et
1426 1565 1482 1602 sic
1505 1567 1553 1602 de

238 1622 412 1670 peccatis
444 1623 639 1660 similibus
684 1623 800 1659 multi
843 1623 1003 1660 occidui
1036 1623 1222 1660 maniace
1261 1632 1353 1660 sunt
1384 1624 1550 1660 seducti.

182 1687 222 1719 25
240 1683 372 1717 Potest
404 1690 538 1717 autem
572 1681 836 1730 probabiliter
868 1681 1035 1729 intelligi
1074 1681 1330 1729 propositum
1365 1694 1449 1718 esse
1483 1683 1551 1718 bo-

238 1752 349 1785 num,
383 1741 545 1787 quando
569 1740 690 1776 homo
708 1739 860 1776 sincere
883 1748 940 1776 est
963 1739 1003 1775 in
1025 1739 1234 1787 proposito
1258 1741 1308 1776 ad
1331 1740 1551 1776 secundum

238 1798 365 1844 legem
383 1796 529 1833 Christi
563 1797 726 1834 ecclesie
758 1799 1074 1845 prodessendum
1098 1806 1135 1833 et
1167 1806 1263 1834 tunc
1296 1806 1461 1834 evacuat
1492 1797 1550 1833 in-

238 1867 355 1891 anem
388 1855 558 1903 gloriam
592 1864 629 1892 et
652 1867 806 1892 errores
839 1855 1102 1903 particulares
1126 1855 1305 1903 perfidie,
1339 1864 1381 1892 ut
1404 1856 1550 1892 Paulus

240 1912 379 1949 habuit
411 1912 616 1949 infidelem
651 1926 829 1950 errorem
864 1915 912 1949 de
945 1913 1119 1959 Christo,
1165 1913 1257 1950 licet
1290 1913 1429 1950 habuit
1468 1926 1550 1950 rec-

182 1978 223 2009 30
238 1980 321 2006 tum
357 1971 608 2019 propositum
642 1972 845 2019 generale3
892 1980 928 2007 et
975 1971 1031 2007 sic
1064 1971 1262 2008 sincerum
1298 1980 1335 2007 et
1367 1980 1548 2008 sanctum

238 2028 490 2077 propositum
514 2029 608 2066 facit
631 2029 672 2065 in
696 2028 860 2065 homine
882 2042 982 2077 opus
1001 2031 1166 2075 bonum,
1201 2029 1294 2066 licet
1316 2030 1366 2066 ad
1389 2042 1548 2066 sensum

239 2087 478 2134 equivocum
511 2087 612 2124 foret
645 2087 810 2125 malum.

758 2247 895 2287 CAP.
928 2247 1024 2287 LV.

296 2342 483 2391 Sequitur
515 2342 555 2378 in
577 2351 685 2379 textu
718 2343 929 2390 evangelii:
964 2343 1051 2378 Non
1085 2343 1207 2378 omnis
1237 2342 1303 2391 qui
1325 2342 1433 2378 dicit:
1466 2342 1547 2377 Do-

182 2401 348 2447 35mine,
372 2401 549 2447 Domine,
582 2400 740 2436 intrabit
772 2401 808 2436 in
842 2413 1005 2451 regnmn
1030 2401 1225 2445 celorum,·
1255 2401 1323 2436 sed
1352 2400 1418 2449 qui
1444 2399 1550 2447 facit

306 2527 386 2556 3-6.
413 2530 441 2556 A
466 2529 496 2556 in
518 2537 613 2564 marg.
640 2529 709 2556 int.:
747 2527 837 2564 Quod
863 2531 1021 2563 peccalum
1047 2535 1108 2555 non
1141 2527 1234 2555 lzabet
1258 2536 1324 2555 esse
1338 2528 1471 2563 primum
1496 2528 1552 2554 sed

237 2562 370 2598 deficere
389 2566 438 2590 vel
456 2564 562 2591 deesse
587 2564 643 2591 sed
662 2564 754 2590 habet
771 2571 836 2590 esse
854 2563 1027 2590 secundum.
1148 2571 1175 2598 7.
1208 2564 1253 2589 A:
1284 2563 1433 2590 notabiles
1451 2562 1549 2589 twice.

238 2598 265 2624 8.
288 2599 326 2624 ss:
349 2601 380 2625 et
398 2601 431 2638 μζ
443 2598 574 2625 videtur.
638 2598 666 2632 8,
688 2605 715 2633 9.
737 2599 781 2625 A:
803 2598 935 2625 innuere
947 2597 1091 2632 quoniam
1105 2600 1177 2624 sunt
1188 2598 1327 2624 arbores.
1395 2596 1489 2631 1214.
1503 2598 1547 2624 A:

236 2654 433 2690 Propositum
457 2659 557 2683 autem
582 2656 666 2683 mali.
774 2663 816 2682 22.
837 2659 1011 2690 assumplo;
1039 2655 1080 2682 ita
1102 2655 1210 2687 codd.;
1232 2660 1326 2682 recte:
1349 2658 1548 2690 assumptum.

237 2688 281 2716 23.
309 2691 338 2717 A
358 2691 388 2718 in
411 2691 513 2717 before
533 2691 742 2727 indulgenciz's
762 2691 855 2718 deest.
962 2690 1007 2717 28.
1031 2692 1074 2717 A:
1096 2693 1127 2717 et
1143 2690 1266 2717 Paulus.
1364 2689 1404 2717 31.
1426 2690 1463 2717 B:
1485 2698 1551 2717 esse

238 2725 356 2752 bonum,
432 2724 475 2752 33.
491 2725 513 2752 Β
534 2726 565 2752 in
587 2734 702 2760 marg:
723 2727 773 2753 52.

309 2797 361 2837 34,
388 2796 504 2827 Matth.
532 2797 603 2838 VII,
632 2807 684 2828 21.

1761 188 1841 223 447

1613 403 1666 431 Sin
1689 403 1743 430 has
1763 411 1803 430 no

1586 438 1687 473 being,
1709 446 1779 464 save
1800 438 1830 464 in

1602 481 1617 499 a
1639 472 1809 508 socondary

1655 516 1752 534 sense.

1599 1337 1658 1366 We
1678 1342 1807 1366 western

1579 1372 1752 1400 Christians
1780 1381 1830 1400 are

1578 1408 1730 1443 punished
1750 1409 1825 1436 with

1621 1443 1788 1470 blindness.
