2003 3322
167 262 217 298 74

191 781 275 808 Wlm
297 782 405 808 should

191 822 306 842 correct
328 818 410 853 111051·

243 852 360 878 rulers?

197 1190 398 1218 Anticlirist’s

192 1226 338 1260 disciplcs
359 1233 412 1260 say

174 1261 238 1287 that
257 1261 329 1296 only
351 1259 418 1287 God

164 1303 233 1323 mav
251 1300 369 1322 correct
388 1295 437 1321 the

215 1327 307 1363 Pope,
330 1330 383 1356 but

192 1366 309 1392 sccular
330 1364 414 1391 lords

188 1408 237 1427 arc
259 1400 361 1426 bound
384 1404 414 1426 to

275 1440 331 1461 act.

185 2410 272 2443 Tllcy
294 2410 351 2436 will
375 2410 414 2436 do

199 2445 275 2478 well,
297 2445 405 2480 111111)

212 2480 279 2505 talto
300 2488 385 2513 away

159 2515 329 2548 tempor-als
352 2514 430 2540 110111

209 2549 258 2575 llic
279 2549 390 2583 clcrgy.

854 260 973 293 opus
998 262 1332 294 EVANGEL1CUM
1541 251 1647 306 [CAP.
1668 261 1762 290 xxn.

451 367 703 412 informator,
739 380 827 403 cum
863 368 995 404 nullus
1028 369 1152 405 laicus
1186 369 1259 405 erit
1291 371 1500 406 sacerdote
1530 370 1617 418 plus
1653 383 1763 407 secu—

450 424 601 461 laribus
634 425 849 463 involutus.

509 484 616 518 Istud
641 483 837 531 (inquam)
861 484 918 520 sal
953 484 1195 521 infatuatum
1228 497 1298 533 per
1330 494 1537 533 aspectum
1572 494 1679 522 retro
1713 488 1762 522 ad

451 541 693 588 temporalia
724 554 881 577 versum
917 551 973 578 est
1006 542 1044 578 in
1077 552 1250 579 statuam
1276 543 1380 589 salis,
1407 556 1483 591 que
1515 556 1595 579 non
1626 553 1682 580 est
1706 544 1763 580 sal

451 599 582 635 vivum
607 608 712 635 terre
735 600 795 635 vel
818 599 1018 647 sapidum,
1052 602 1119 636 sed
1152 601 1307 637 fatuum
1341 601 1615 639 simulacrum.
1651 604 1762 638 Patet

452 657 618 693 historia
653 658 748 693 Gen.
783 659 880 702 XIX,
921 666 958 693 et
990 658 1146 695 Veritas
1181 659 1363 695 meminit
1396 661 1502 695 Luce
1535 661 1649 703 XVII,
1699 661 1762 706 32,

451 715 506 751 ita
539 715 691 751 dicens:
726 716 958 751 [Mementote
990 717 1126 752 uxoris
1159 717 1273 753 Loth.

509 773 587 808 Alii
621 781 754 808 autem
788 773 889 809 versi
923 783 1013 810 sunt
1052 774 1089 809 in
1132 787 1312 811 amaram
1352 775 1584 822 voraginem
1624 788 1765 822 pecca-

452 840 585 866 torum
619 831 855 877 carnalium,
890 831 984 879 quia
1018 832 1274 869 ecclesiastici
1298 832 1364 880 qui
1397 833 1492 869 olim
1517 841 1630 869 erant
1654 833 1765 869 vallis

451 889 640 925 silvestris
672 901 742 936 per
774 889 1131 926 fructificacionem
1166 899 1203 926 01
1234 890 1405 926 virorem
1439 891 1570 938 operis
1598 890 1764 926 virtuosi

452 960 558 983 nunc
590 954 677 983 sunt
709 960 818 983 mare
848 948 942 983 salis
969 949 1064 984 Gen.
1089 950 1186 994 XIV,
1215 948 1248 984 3.
1284 949 1507 985 Difficultas
1541 957 1675 985 autem
1709 957 1766 984 est

452 1017 522 1052 per
551 1017 648 1053 quas
679 1006 754 1041 hoc
785 1006 842 1041 sal
872 1015 1004 1053 posset
1037 1006 1195 1054 corrigi]
1229 1006 1458 1054 specialiter
1486 1020 1574 1042 cum
1606 1019 1764 1043 versum

452 1062 500 1098 sit
539 1062 578 1098 in
617 1063 770 1099 idolum
809 1063 1041 1100 induratum
1082 1073 1119 1100 et
1157 1073 1301 1101 natura
1340 1064 1432 1101 salis
1466 1064 1677 1112 apostolici
1710 1073 1766 1100 est

452 1129 620 1157 mutata.

510 1180 557 1215 Et
591 1179 654 1214 hic
688 1179 825 1215 dicunt
859 1179 1043 1227 discipuli
1076 1179 1313 1216 Antichristi
1347 1182 1453 1228 quod
1487 1193 1591 1228 papa
1625 1193 1646 1216 a
1679 1181 1764 1216 solo

453 1239 536 1273 Deo
582 1245 713 1284 potest
758 1237 916 1284 corrigi,
966 1250 1055 1273 011111
1102 1238 1350 1285 superiorem
1389 1251 1470 1274 non
1508 1239 1653 1274 habeat
1690 1238 1765 1274 nisi

453 1297 595 1331 Deum.
644 1294 721 1330 Alii
755 1304 888 1331 autem
929 1296 1063 1331 fideles
1104 1296 1252 1337 dicunt,
1294 1309 1382 1332 cum
1424 1296 1548 1332 virtus
1588 1296 1768 1332 consistit

453 1353 559 1389 circa
592 1352 768 1399 difficile,
808 1355 917 1402 quod
958 1354 1090 1390 cuncti
1129 1354 1335 1390 christiani
1376 1362 1412 1389 01
1451 1354 1677 1402 specialiter
1709 1367 1768 1390 se-

454 1412 607 1447 culares
653 1411 806 1447 domini
852 1413 997 1448 debent
1041 1413 1091 1447 ad
1144 1412 1454 1460 disposicionem
1510 1412 1624 1448 huius
1676 1412 1767 1448 salis

454 1482 673 1517 congruam
699 1482 904 1517 apponere
928 1469 1182 1516 medicinam,
1213 1470 1439 1519 specialiter
1473 1483 1561 1507 cum
1591 1470 1667 1518 ipsi
1690 1470 1768 1506 sint

452 1527 563 1564 radix
603 1540 680 1576 que
718 1527 758 1563 in
802 1528 955 1564 fabrica
1001 1528 1115 1564 istius
1161 1537 1290 1564 statue
1337 1529 1392 1565 510
1436 1528 1633 1576 peccavit3
1678 1528 1769 1564 ideo

454 1587 599 1621 debent
637 1585 765 1633 ipsam
806 1586 987 1622 minuere
1026 1586 1222 1622 secularia
1263 1586 1443 1622 dominia
1481 1587 1767 1633 subtrahendo,

454 1644 549 1691 quia
587 1656 657 1691 per
697 1644 816 1680 talem
860 1644 1275 1680 communicacionem
1311 1644 1498 1681 advenire
1531 1653 1667 1692 posset
1714 1645 1767 1680 eis

453 1701 658 1738 humilitas
692 1710 729 1737 et
761 1711 905 1738 natura
937 1702 1029 1738 salis
1063 1702 1293 1750 evangelici.

511 1761 625 1796 Unde
658 1760 817 1796 videtur
841 1762 949 1809 quod
983 1762 1054 1797 hec
1087 1760 1184 1796 fides
1219 1760 1412 1808 evangelii
1447 1773 1627 1808 expresse
1652 1761 1767 1796 docet
1810 1762 1820 1793 ἶ

452 1817 570 1854 istam
603 1817 828 1864 licenciam,
876 1831 965 1854 cum
1001 1818 1095 1855 dicit
1128 1820 1236 1866 quod
1268 1819 1326 1854 sal
1358 1818 1413 1854 sic
1446 1831 1677 1866 perversum
1712 1828 1768 1854 est

452 1876 629 1912 validum
677 1878 726 1911 ad
771 1877 843 1912 hec
892 1878 983 1922 11110,
1030 1876 1162 1924 primo
1207 1885 1247 1912 nt
1285 1877 1461 1912 mittatur
1495 1877 1616 1924 foras
1661 1885 1768 1913 extra

452 1943 600 1970 statum
627 1933 833 1981 dignitatis
858 1934 1125 1971 ecclesiastice
1149 1948 1267 1982 quern
1292 1934 1505 1982 pretendit,
1532 1943 1568 1970 et
1591 1936 1767 1970 secundo

453 2000 493 2027 ut
515 1993 762 2028 conculcetur
783 1994 829 2028 ab
853 1993 1080 2030 hominihus.
1116 1993 1173 2028 1111
1198 1993 1303 2028 0111111
1329 1992 1398 2040 qui
1422 2001 1512 2028 sunt
1541 1992 1766 2040 superiores

451 2049 664 2086 virtutibus
697 2060 864 2098 possunt
903 2051 943 2086 in
983 2051 1294 2087 conculcacione
1335 2050 1453 2086 huius
1492 2050 1584 2086 salis
1625 2050 1799 2086 humil?

451 2108 687 2156 promereri.
722 2107 832 2144 Sicut
866 2108 969 2145 enim
1004 2117 1215 2156 peccatum
1239 2109 1341 2146 valet
1375 2118 1411 2144 et
1444 2117 1501 2144 est
1534 2110 1681 2144 bonum
1717 2110 1766 2144 ad

452 2174 618 2214 peccata
650 2166 690 2201 in
723 2166 810 2202 aliis
833 2168 1085 2214 precavenda
1118 2176 1155 2202 et
1188 2168 1237 2203 ad
1270 2167 1358 2214 ipsa
1381 2175 1546 2214 peccata
1579 2179 1601 2202 a
1634 2166 1767 2214 primo

451 2224 582 2260 iudice
616 2223 831 2271 punienda,
872 2225 927 2261 sic
960 2234 1171 2272 peccatum
1207 2238 1310 2272 pape
1344 2233 1401 2260 est
1435 2226 1584 2260 bonum
1619 2225 1669 2260 ad
1703 2225 1768 2260 de-

451 2282 695 2319 formitatem
720 2295 742 2317 a
765 2282 925 2319 Christo
948 2283 987 2319 in
1011 2282 1172 2331 prelatis
1195 2282 1448 2319 inferioribus
1472 2283 1765 2330 precavendum

453 2349 490 2376 et
523 2341 572 2376 ad
606 2349 816 2387 peccatum
841 2349 921 2377 tam
948 2341 1073 2377 altum
1098 2340 1246 2377 diaboli
1278 2340 1483 2376 meritorie
1507 2340 1766 2387 puniendum.

511 2399 626 2434 Unde
645 2398 708 2434 hic
724 2398 927 2434 videretur
950 2412 1032 2435 esse
1050 2407 1292 2447 conquestus
1315 2398 1526 2434 laudabilis
1552 2398 1768 2434 auferendo

452 2456 691 2503 temporalia
716 2465 836 2504 atque
867 2456 1045 2493 dominia
1079 2470 1100 2493 a
1133 2457 1203 2493 tali
1236 2465 1379 2493 statua.
1414 2458 1461 2492 Et
1484 2456 1589 2492 idem
1614 2456 1767 2492 videtur

454 2513 710 2562 preconizare
744 2515 818 2550 hoc
850 2527 932 2550 non
958 2527 1074 2563 posse
1108 2515 1191 2550 fieri
1216 2523 1253 2550 et
1277 2526 1453 2550 asserere
1474 2513 1766 2550 Antichristum

455 2585 544 2607 cum
569 2571 757 2607 membris
779 2573 859 2608 suis
880 2581 1036 2609 tantum
1053 2572 1196 2608 virtute
1216 2571 1412 2608 virescere
1427 2584 1546 2619 super
1563 2571 1765 2607 Christum

1786 905 1823 925 10

1786 1183 1822 1214 15

1786 1482 1826 1502 20

1785 2342 1824 2374 ‘35

456 2631 562 2677 quod
595 2642 677 2665 non
716 2630 809 2666 licet
848 2630 967 2667 alicui
1008 2630 1238 2666 mortalium
1278 2630 1407 2677 ipsum
1449 2643 1470 2665 a
1503 2642 1572 2665 sua
1607 2629 1825 2671 malicia40

455 2687 669 2734 impedire3
711 2687 835 2724 immo
869 2690 973 2737 quod
1009 2700 1168 2724 necesse
1208 2697 1265 2724 est
1304 2688 1433 2735 ipsum
1468 2700 1587 2734 super
1620 2686 1767 2722 Christi

525 2866 558 2883 11.
580 2858 605 2883 Λ
629 2857 656 2883 in
681 2866 793 2890 murga
820 2857 956 2883 lmlvz'mn.
1058 2864 1093 2883 19.
1119 2857 1160 2882 A:
1181 2857 1230 2882 ml
1250 2856 1344 2882 deest.
1447 2855 1481 2882 15.
1505 2856 1531 2881 A
1554 2855 1581 2881 in
1605 2863 1717 2889 marg:
1742 2862 1765 2881 1.

454 2900 493 2926 17.
515 2893 543 2919 A
563 2893 591 2918 111
615 2900 726 2926 marg:
749 2898 776 2917 2.
850 2900 889 2919 21.
913 2892 949 2919 15:
972 2892 1017 2918 sic
1031 2891 1200 2926 peccmzll's.
1275 2889 1318 2925 37.
1342 2892 1385 2917 A:
1406 2890 1446 2917 Et
1465 2890 1544 2917 ideo.
