2003 3322
195 230 269 266 ¹58
890 236 1009 268 opus
1036 236 1372 268 EVANGELICUM
1560 224 1666 278 [CAP.
1688 231 1796 261 xmv.

485 351 589 379 recte
611 342 855 393 intelligitur,
880 349 919 378 ut
949 354 1084 378 manus
1105 342 1262 378 sinistra
1287 342 1532 392 intelligatur
1559 342 1595 377 in
1619 343 1798 391 operibus

481 413 551 449 que
584 401 669 436 huic
703 400 777 436 vite
809 408 843 436 et
875 400 1036 449 corpori
1055 407 1143 436 sunt
1166 400 1395 436 necessaria.
1431 401 1514 435 Hec
1538 400 1797 448 Augustinus.

219 465 356 493 Heretics
377 473 431 501 say
539 458 613 494 Hic
638 459 919 495 erubescerent
943 457 1161 494 adversarii
1185 457 1280 505 legis
1305 456 1452 493 Christi
1477 457 1656 494 dicentes
1680 457 1799 494 fidem

190 501 466 569 tlgssttgcgmgopgffis
482 515 675 563 evangelii
699 528 783 552 esse
808 515 948 552 falsam
974 525 1011 552 et
1033 515 1324 563 impossibilem
1350 516 1571 551 secundum
1602 515 1797 563 plurimas

190 574 458 639 ἓὲᾖῆξξξέἒξὲῗὲ
482 574 565 610 eius
600 582 746 622 partes,
794 573 888 622 quia
933 574 1049 610 aliter
1088 576 1145 618 (ut
1179 573 1379 622 inquiunt)
1423 574 1585 610 doceret
1619 573 1834 615 Christus5

260 643 290 667 to
311 639 401 675 obey.
482 632 622 668 oculos
655 645 677 668 a
711 631 842 680 capite
877 633 1074 668 eruendos
1109 640 1145 667 et
1178 630 1218 666 in
1249 630 1445 678 parietem
1477 632 1537 667 vel
1572 631 1698 667 lutum
1734 639 1801 667 aut

482 689 590 726 aliud
625 702 770 737 corpus
804 689 1069 726 extrinsecum
1104 688 1365 737 quaciendos,
1413 698 1449 725 et
1489 701 1577 725 cum
1619 688 1802 725 Christus

482 760 563 784 non
596 755 728 795 potest
761 746 859 783 illud
895 747 1118 795 precipere,
1152 755 1261 794 patet
1296 747 1404 794 quod
1438 746 1689 794 evangelium
1714 759 1801 795 pre-

484 804 717 853 cepcionem
753 804 870 841 istam
906 805 1054 841 Christi
1088 804 1249 852 signans
1290 804 1338 839 sit
1378 803 1641 852 impossibile.
1685 805 1802 841 Tales

484 872 619 900 autem
664 862 890 911 blasphemi
936 862 1051 899 inscii
1091 875 1170 899 non
1217 870 1383 910 possunt
1431 875 1592 910 sperare
1632 875 1672 899 se
1718 875 1863 902 essem

484 921 755 957 custodiendos
798 934 820 956 α
864 921 947 956 Deo
992 928 1031 956 ut
1069 921 1260 969 pupillam
1308 920 1410 956 oculi
1458 920 1533 956 nisi
1586 933 1607 957 a
1659 919 1804 956 talibus

486 978 693 1015 heresibus
727 978 976 1026 resipiscant.
1010 978 1125 1014 Fides
1159 987 1292 1015 autem
1328 978 1523 1026 evangelii
1557 980 1673 1015 docet
1697 979 1804 1026 quod

223 1045 284 1074 We
306 1049 388 1072 must
409 1044 443 1071 be
487 1037 668 1073 Christus
702 1037 774 1073 hec
808 1036 978 1085 precipit
1010 1037 1077 1072 sed
1111 1049 1191 1072 non
1225 1037 1340 1072 docet
1364 1038 1471 1084 quod
1496 1036 1676 1072 Christus
1701 1037 1805 1072 hunc

209 1082 323 1143 23¹2}OE
343 1085 374 1142 {g
395 1080 461 1141 {3ng
487 1107 646 1131 sensum
673 1106 884 1131 erroneum
910 1094 1147 1140 intenderat,
1184 1107 1303 1142 quam
1329 1093 1556 1141 imponunt,
1590 1093 1681 1130 ideo
1715 1106 1805 1130 cum

196 1159 285 1178 sense
305 1149 459 1178 intended.
489 1153 586 1189 fides
620 1154 736 1189 docet
769 1154 878 1201 quod
913 1153 988 1189 hoc
1022 1152 1273 1200 evangelium
1309 1153 1424 1188 debet
1466 1153 1612 1188 habere
1645 1164 1804 1188 sensum
1829 1159 1863 1190 15

489 1211 628 1257 aliurn,
675 1212 959 1247 erubescerent
991 1210 1167 1246 tribuere
1202 1209 1293 1246 huic
1327 1210 1526 1257 scripture
1561 1210 1652 1246 fidei
1686 1210 1805 1246 istum

488 1281 664 1305 sensum.
711 1268 982 1305 Tolerabilius
1023 1281 1115 1315 ergo
1154 1268 1259 1304 foret
1298 1267 1522 1315 intelligere
1568 1281 1638 1316 per
1683 1267 1805 1303 istum

488 1328 650 1364 oculum
692 1327 879 1363 virtutem
919 1326 1085 1363 visivam
1119 1326 1180 1362 vel
1218 1325 1327 1362 aliud
1367 1326 1632 1373 predilectum
1673 1334 1710 1362 et
1750 1325 1806 1361 in-

487 1385 667 1433 telligere
691 1398 760 1432 per
783 1384 1172 1421 scandalizacionem
1208 1383 1518 1420 inclinacionem
1554 1383 1726 1420 hominis
1759 1384 1809 1420 ad

489 1444 740 1491 peccandum
774 1451 811 1479 et
843 1455 913 1490 per
946 1441 1191 1479 eruicionem
1226 1441 1475 1478 solucionem
1515 1441 1625 1478 nervi
1658 1441 1808 1478 amoris
1826 1458 1868 1478 20

489 1503 539 1537 ad
555 1501 687 1548 ipsum
707 1500 841 1537 taliter
856 1500 1103 1548 diligendum
1121 1509 1158 1536 et
1174 1512 1244 1547 per
1258 1499 1556 1548 proieccionem
1582 1501 1630 1536 ab
1649 1499 1809 1536 homine

489 1558 791 1606 elongacionem
832 1558 981 1595 amoris
1010 1556 1015 1611 Ι
1044 1558 1163 1604 illius,
1197 1570 1245 1594 ne
1284 1557 1413 1606 ipsum
1449 1558 1504 1594 sic
1536 1557 1702 1594 inficiat.
1755 1559 1810 1593 Ex
1856 1562 1937 1606 371¹³

490 1619 574 1653 Deo
608 1616 715 1653 enim
748 1618 810 1653 vel
843 1626 1027 1653 creatura
1061 1628 1302 1664 quacunque
1335 1625 1465 1664 potest
1507 1616 1627 1652 homo
1667 1615 1809 1651 elicere

490 1674 661 1711 heresim
697 1674 965 1711 manifestam.
1011 1674 1216 1722 Numquid
1251 1673 1452 1710 credimus
1485 1673 1583 1709 illud
1617 1673 1671 1709 sic
1706 1673 1810 1709 male

491 1733 737 1769 intellectum
785 1745 867 1769 esse
912 1741 1078 1780 propter
1129 1733 1203 1768 hoc
1249 1731 1471 1768 hereticum
1517 1731 1596 1768 sive
1645 1731 1866 1776 falsum325

493 1792 684 1827 debemus
708 1803 803 1838 ergo
826 1791 1011 1827 laborare
1034 1791 1083 1826 ad
1107 1790 1396 1838 imponendum
1422 1789 1626 1838 evangelio
1650 1801 1809 1825 sensum

492 1861 629 1885 verum
666 1857 702 1884 et
734 1861 815 1884 non
842 1857 1004 1896 propter
1027 1857 1208 1884 nostram
1243 1847 1458 1884 stulticiam
1494 1847 1568 1883 sibi
1602 1847 1809 1895 imponere

494 1907 665 1943 heresim
700 1906 780 1943 sive
816 1907 974 1942 falsum.
1023 1908 1122 1942 Nam
1159 1907 1381 1942 secundum
1421 1906 1625 1942 naturales
1664 1917 1808 1952 corpus

493 1964 598 2001 oculi
633 1964 763 2012 signat
802 1964 1040 2001 naturaliter
1077 1964 1265 2000 virtutem
1306 1964 1389 2000 eius
1428 1965 1487 2000 vel
1526 1972 1674 2008 actum,
1719 1975 1808 1999 cum

496 2031 626 2059 movet
659 2022 896 2059 naturaliter
938 2023 987 2058 ad
1027 2021 1330 2069 intelligendum
1373 2022 1451 2058 tale
1498 2022 1581 2058 eius
1626 2021 1810 2057 accidens
1828 2028 1869 2060 30

495 2079 596 2117 sicut
630 2080 806 2129 quelibet
840 2093 901 2116 res
935 2079 1030 2116 dicit
1063 2092 1103 2116 se
1136 2079 1265 2128 ipsam
1300 2079 1537 2116 naturaliter
1571 2079 1696 2116 eciam
1728 2080 1811 2114 Deo

495 2147 651 2186 nostr03
693 2147 729 2174 et
763 2151 852 2175 cum
885 2138 1088 2174 naturales
1121 2138 1259 2174 dicunt
1292 2139 1399 2186 quod
1434 2146 1545 2174 actus
1579 2136 1711 2174 anime
1744 2144 1811 2172 aut

496 2196 758 2244 operaciones
790 2196 981 2233 virtutum
1025 2208 1067 2232 ex
1108 2204 1306 2244 potestate
1349 2195 1524 2232 hominis
1563 2194 1811 2243 aliquociens

496 2255 810 2303 suspenduntur,
858 2254 953 2302 quid
994 2255 1108 2289 obest
1147 2253 1267 2290 alicui
1301 2252 1473 2290 sciencie
1507 2254 1614 2302 quod
1647 2252 1811 2289 virtutes

496 2313 556 2349 vel
588 2312 851 2360 operaciones
884 2311 1026 2348 talium
1060 2324 1302 2359 organorum
1339 2320 1431 2348 sunt
1467 2320 1589 2357 erute,
1631 2312 1705 2347 hoc
1739 2316 1867 2357 est735

496 2383 687 2418 suspense
719 2371 769 2406 ad
802 2379 961 2418 tempus
995 2378 1031 2405 et
1066 2381 1231 2406 munera
1262 2369 1430 2415 virtutis,
1466 2371 1539 2405 hoc
1573 2378 1643 2413 est,
1677 2368 1812 2405 anima

498 2428 603 2465 circa
636 2427 713 2464 alia
747 2428 835 2476 plus
869 2427 982 2464 utilia
1016 2427 1237 2475 occupata?

222 2493 456 2529 chrysostom&
557 2486 828 2522 Crisostomus
861 2494 992 2522 autem
1028 2497 1147 2533 super
1170 2485 1247 2522 isto
1272 2493 1378 2521 textu
1403 2485 1457 2521 sic
1480 2484 1679 2533 loquitur:
1715 2484 1812 2520 Puto

259 2533 433 2555 ⁰⁰m⁰¹⁰m²
499 2545 601 2593 quod
633 2544 755 2580 omnis
787 2556 934 2580 merces
966 2543 1112 2579 iusticie
1143 2550 1274 2579 nostre
1305 2544 1340 2579 in
1377 2544 1446 2579 hoc
1465 2543 1592 2592 posita
1625 2549 1693 2589 est,
1726 2542 1812 2590 quia

568 2710 596 2735 4.
619 2702 662 2728 A:
679 2702 841 2736 plurimos.
896 2736 900 2741 ἰ
935 2709 968 2728 ῐῐ.
992 2701 1030 2728 Βτ
1047 2701 1179 2741 pupilla.
1283 2699 1319 2728 13.
1342 2701 1379 2727 B:
1401 2701 1456 2727 lzec
1470 2700 1607 2735 precipit
1626 2716 1652 2719 --
1679 2700 1815 2727 Christus

500 2736 593 2763 deest.
698 2744 726 2771 17
766 2743 806 2766 ιο.
823 2737 865 2763 A:
888 2739 977 2763 mlum
994 2752 1022 2755 —
1039 2736 1216 2771 mtelligere
1232 2744 1291 2771 per
1316 2735 1410 2762 deest.
1500 2734 1546 2762 30.
1561 2736 1603 2762 A:
1620 2735 1794 2762 naturalem
1804 2744 1814 2767 ,-

500 2771 536 2798 B:
559 2775 700 2798 correxit.
774 2766 816 2798 33.
838 2772 881 2798 A:
904 2771 934 2798 in
950 2773 1115 2805 potestate.

575 2854 624 2875 ιι.
650 2842 778 2874 psalm.
804 2842 891 2883 XVI,
918 2842 950 2874 8.
1048 2841 1100 2876 38.
1127 2842 1194 2884 Op.
1222 2841 1371 2884 Imperf.,
1399 2841 1420 2873 l.
1447 2852 1474 2873 c.
1502 2852 1533 2884 p.
1562 2840 1639 2885 798.
