2003 3322
199 209 288 236 CAP.
309 201 407 254 xm]
669 211 881 243 SECUNDA
908 212 1034 243 PARS.

198 333 281 356 cum
330 319 489 354 homine.
551 319 646 365 Vidi,
700 319 830 367 inquit,
876 318 1001 355 Deum
1038 319 1148 366 facie
1191 320 1243 354 ad
1275 319 1424 368 faciem
1478 328 1512 355 et

194 378 306 413 salva
342 377 456 424 facta
503 384 559 412 est
600 377 727 411 anima
767 389 862 412 mea.
911 377 1006 411 Vere
1048 377 1145 411 enim
1191 384 1279 412 tunc
1307 378 1418 425 facie
1461 380 1512 413 ad

190 435 337 484 faciem
362 433 488 470 Deum
522 447 594 470 non
629 434 734 479 vidit,
769 434 853 482 quia
886 434 922 469 in
954 442 1121 469 scemate
1152 435 1316 471 hominis
1349 435 1512 471 luctatus

196 501 252 529 est
283 500 417 528 contra
450 505 533 528 eum
565 491 685 528 Deus.
721 492 822 527 Nam
856 504 983 528 scema
1017 493 1222 541 corporale
1256 493 1510 529 velamentum

165 557 251 589 5est
292 549 380 593 Dei,
425 563 496 585 non
544 549 769 598 proprietas
813 549 900 596 Dei,
953 550 1022 585 sed
1065 557 1187 586 mente
1233 550 1326 586 vidit
1364 550 1513 595 Deum,-

196 609 296 643 unde
334 615 369 643 et
401 608 527 643 Israel
560 614 715 643 vocatus
760 614 827 650 est,
871 608 911 643 ia'
950 615 1017 654 est,
1062 620 1166 643 mens
1206 608 1337 644 videns
1370 608 1508 644 Deum.

196 666 239 701 Si
277 672 402 701 autem
426 665 556 713 facies
587 665 667 700 eius
700 665 894 700 dominum
927 665 1053 701 Deum
1089 665 1256 711 vidisset,
1295 667 1421 714 utique
1457 667 1511 702 sic

197 724 391 759 vocandus
420 724 560 771 fuerat
583 723 714 770 facies
746 724 871 758 Deum
920 724 1061 759 videns.
1114 723 1217 767 Quid
1255 736 1352 774 ergo
1381 724 1511 771 facies

195 781 321 817 anime
363 781 596 816 consciencia
641 781 894 829 appellatur?
938 782 1043 816 Sicut
1087 781 1184 816 enim
1232 782 1267 817 in
1308 790 1509 830 conspectu

145 839 391 875 {olzominum
436 839 621 888 graciosa
654 839 769 886 facta
819 846 874 874 est
906 839 1048 887 facies,
1093 839 1147 874 sic
1194 839 1229 874 in
1275 840 1395 875 oculis
1435 840 1511 875 Dei

195 897 367 946 speciosa
400 904 454 932 est
486 896 719 932 consciencia
753 898 910 933 munda.

255 956 362 1000 Item,
395 955 502 989 aliud
534 961 589 990 est
610 954 798 1003 gaudium
832 955 1051 1003 corporale,
1084 955 1191 990 aliud
1213 962 1268 990 est
1288 955 1502 1003 spirituale.

201 1013 396 1048 Gaudium
420 1012 627 1061 corporale
649 1019 705 1047 est
728 1012 842 1058 risus,
875 1013 978 1048 iocus
1008 1020 1042 1048 et
1075 1020 1200 1048 cetere
1230 1013 1506 1048 delectaciones

197 1071 386 1115 carnales,
419 1070 607 1120 gaudium
635 1070 837 1118 spirituale
860 1077 915 1106 est
945 1083 1044 1119 spes,
1078 1071 1175 1106 sicut
1206 1071 1259 1105 ait
1281 1071 1507 1119 Apostolus.-

144 1129 272 1177 &Spe
302 1128 518 1177 gaudentes
549 1128 584 1162 in
617 1128 869 1163 tribulacione
893 1129 1101 1176 pacientes.
1134 1128 1245 1164 Vides
1277 1129 1362 1176 quia
1381 1136 1507 1177 potest

184 1186 282 1235 fieri
326 1193 365 1220 ut
402 1186 600 1221 tristantes
643 1186 853 1221 carnaliter
890 1186 1148 1234 spiritualiter
1184 1187 1427 1235 gaudeamus
1471 1187 1506 1221 in

195 1256 273 1292 spe.
306 1243 394 1278 Hoc
427 1244 524 1278 enim
558 1243 648 1278 dicit
672 1244 717 1278 de
740 1244 887 1292 Spiritu
912 1244 1052 1280 Sancto
1070 1244 1285 1293 propheta:
1316 1244 1506 1279 Fluminis

197 1302 360 1349 impetus
393 1301 549 1350 letificat
581 1301 770 1336 civitatem
805 1302 890 1337 Dei.

254 1360 360 1402 Item,
399 1366 454 1394 est
485 1359 646 1394 tristicia
679 1360 898 1407 corporalis
930 1367 964 1395 et
997 1367 1051 1395 est
1083 1360 1245 1395 tristicia
1278 1360 1504 1408 spiritualis.

141 1429 182 1449 20
204 1417 379 1452 Tristicia
428 1417 645 1465 corporalis
689 1424 744 1452 est
782 1417 951 1467 affliccio
991 1418 1133 1463 carnis,
1178 1418 1340 1453 tristicia
1379 1425 1505 1453 autem

196 1474 410 1523 spiritualis
460 1481 515 1510 est
566 1474 789 1523 desperacio
841 1482 874 1510 et
926 1475 1132 1524 infidelitas
1182 1483 1248 1510 aut
1299 1475 1505 1523 infelicitas

196 1532 332 1568 anime.
377 1532 492 1581 Ergo
527 1532 654 1568 dicens
686 1532 815 1568 Nolite
834 1533 932 1582 fieri
966 1533 1096 1568 tristes
1129 1534 1199 1568 hoc
1232 1533 1334 1568 dicit.
1380 1533 1509 1568 Nolite

193 1597 359 1638 propter
403 1590 573 1625 homines
616 1590 797 1625 ieiunare.
858 1591 934 1634 Qui
982 1591 1078 1626 enim
1128 1598 1294 1639 propter
1337 1591 1508 1626 homines

197 1648 350 1694 ieiunat,
373 1647 632 1695 tristenzfacit
647 1648 922 1683 conscienciam
937 1661 1060 1694 suam,
1085 1649 1124 1683 id
1138 1656 1205 1693 est,
1225 1649 1505 1697 desperantem.

141 1709 180 1740 25
203 1705 404 1748 Quomodo
437 1706 534 1741 enim
569 1706 801 1741 consciencia
842 1706 919 1742 eius
952 1706 1090 1741 hilaris
1126 1706 1175 1741 sit
1213 1713 1247 1741 et
1277 1718 1439 1754 sperans
1471 1706 1507 1741 in

197 1764 281 1798 Deo
305 1763 440 1799 ieiunio
462 1776 544 1809 suo,
568 1763 632 1811 qui
652 1776 724 1799 non
742 1771 910 1812 propter
933 1764 1057 1799 Deum
1089 1764 1229 1799 ieiunat
1257 1765 1325 1800 sed
1342 1771 1508 1812 propter

197 1820 381 1868 homines,
432 1821 486 1857 sic
530 1828 564 1856 et
608 1833 737 1857 omnes
772 1822 961 1871 ypocrite
1011 1822 1076 1870 qui
1120 1829 1286 1871 propter
1338 1822 1508 1857 homines

197 1879 364 1914 ieiunant
396 1879 797 1927 exterminantfacies
828 1892 931 1923 suas,
965 1879 1004 1914 id
1038 1887 1092 1915 est
1124 1880 1380 1916 consciencias
1404 1892 1504 1915 suas.

203 1937 404 1980 Quomodo
449 1937 545 1972 enim
591 1949 662 1972 non
708 1937 871 1972 habeant
922 1937 1202 1973 exterminatas
1243 1938 1374 1986 facies
1419 1945 1507 1973 ante

140 1998 182 2029 30
196 1994 321 2029 Deum
353 1994 624 2044 qztifingentes
650 2007 690 2030 se
713 2002 880 2043 propter
902 1996 1027 2031 Deum
1052 1995 1222 2031 ieiunare
1248 2007 1320 2030 non
1340 2003 1507 2044 propter

197 2052 321 2087 Deum
351 2052 517 2087 ieiunant
543 2053 612 2088 sed
628 2060 795 2101 propter
817 2053 986 2089 homines
1007 2054 1160 2101 fallere
1191 2054 1358 2089 volentes
1380 2054 1505 2088 Deum

196 2116 230 2145 et
262 2110 463 2145 homines?

252 2167 327 2202 Aut
372 2167 443 2202 ita:
490 2167 619 2203 Nolite
657 2167 755 2217 fieri
790 2168 933 2213 tristes,
979 2168 1018 2203 id
1056 2175 1121 2213 est,
1169 2169 1285 2204 nolite
1323 2169 1403 2204 sine
1439 2181 1506 2217 spe

195 2231 230 2260 et
262 2237 333 2260 non
355 2225 441 2274 fide
472 2225 653 2261 ieiunare.
700 2225 788 2261 Sine
819 2238 885 2273 spe
916 2233 1042 2261 autem
1083 2226 1224 2262 ieiunat
1261 2226 1325 2274 qui
1360 2239 1400 2262 se
1432 2239 1503 2262 non

139 2285 178 2318 35
194 2283 355 2318 abstinet
399 2296 420 2318 a
454 2290 613 2331 peccato
654 2295 719 2319 nec
747 2283 852 2331 facit
891 2283 1091 2319 iusticiam.
1132 2284 1233 2319 Nam
1272 2284 1368 2319 sicut
1407 2285 1503 2320 hona

195 2352 312 2388 opera
345 2353 449 2389 spem
482 2348 684 2390 generant,
708 2341 747 2376 id
769 2348 835 2387 est,
857 2341 1046 2391 gaudium
1078 2342 1294 2390 spirituale,
1325 2342 1379 2377 sic
1402 2342 1503 2377 mala

196 2410 312 2446 opera
352 2399 677 2447 desperacionem,
715 2399 756 2433 id
794 2406 860 2445 est,
901 2399 1102 2435 tristiciam
1134 2399 1390 2448 spiritualem.
1430 2400 1506 2443 Qui

196 2455 292 2490 enim
331 2464 467 2504 peccat
505 2456 675 2492 ieiunans
706 2456 786 2492 sine
816 2469 882 2505 spe
913 2457 1066 2504 ieiunat,
1112 2457 1152 2492 id
1183 2465 1250 2504 est,
1290 2470 1360 2493 non
1395 2458 1504 2493 lzahet

263 2645 291 2669 4.
312 2637 341 2663 A
360 2636 389 2663 in
413 2644 527 2670 marg:
563 2635 644 2671 Quid
673 2639 720 2663 est
741 2643 852 2663 scema.
961 2645 986 2672 7.
1014 2637 1058 2663 A:
1085 2637 1224 2664 videsset.
1333 2638 1359 2666 8.
1388 2638 1503 2672 Deum,-

194 2671 232 2698 ss:
256 2671 306 2697 doz·
323 2681 352 2696 =
373 2670 499 2697 domini.
589 2678 635 2698 20.
658 2671 696 2698 B:
717 2670 853 2706 affliccio
874 2672 1020 2698 carnalis.
1111 2680 1150 2699 21.
1172 2673 1215 2699 A:
1243 2675 1299 2699 aut
1316 2672 1502 2706 infidelitas;

194 2706 234 2732 ib.
247 2706 289 2732 A:
303 2708 359 2732 aut
367 2705 539 2740 infelicitas
550 2705 644 2732 deest.
717 2706 761 2733 28.
774 2706 817 2732 A:
832 2709 861 2732 et
872 2706 1089 2733 consciencias.
1154 2705 1200 2741 30,
1213 2706 1288 2734 31.A
1301 2717 1307 2733 z
1319 2708 1502 2735 ieiunare—

195 2740 289 2767 Deunz
311 2740 414 2766 before
434 2740 563 2766 ieunant
581 2741 674 2767 deest.
748 2739 793 2773 34.
814 2743 858 2767 A:
879 2749 912 2767 se
931 2741 1026 2768 deest.
1100 2740 1144 2769 38.
1166 2743 1209 2768 A:
1231 2742 1302 2769 ideo
1322 2751 1381 2769 non
1401 2743 1500 2770 habet.

268 2832 293 2852 1.
323 2822 407 2853 Gen.
426 2822 557 2861 XXXII,
579 2823 630 2855 30.
709 2822 757 2854 15.
784 2823 886 2854 Rom.
905 2824 975 2863 XII,
1001 2834 1049 2855 12.
1128 2834 1177 2866 17.
1200 2824 1326 2856 Psalm.
1345 2825 1449 2864 XLV,
1471 2824 1499 2856 5.

1722 206 1799 253 319

1574 952 1744 979 Difference

1531 987 1666 1014 between
1689 987 1794 1022 bodily

1551 1022 1609 1049 and
1632 1021 1773 1060 spiritual

1632 1065 1695 1092 1032

1551 1358 1610 1384 and
1633 1358 1769 1384 between

1569 1393 1673 1431 bodjly
1694 1392 1753 1419 and

1591 1428 1732 1489 §Stsssssffl
