2003 3322
143 224 216 259 302

154 345 220 382 The
242 346 394 380 doxology

168 382 260 406 reters
281 385 311 406 to
333 381 381 407 the

138 415 245 442 earlier
259 416 412 448 petitions.

178 2287 368 2320 Augustino:

180 2321 311 2348 ‘Delivcs
334 2330 368 2348 us·

184 2360 261 2383 110111
284 2357 363 2383 evil)

150 2390 224 2417 This
247 2399 355 2426 prayer
376 2391 400 2418 if

154 2426 280 2458 gsamcd
305 2427 388 2452 takes

153 2468 240 2495 away
262 2461 297 2486 all
321 2465 392 2487 luas.

840 230 958 262 OPUS
983 230 1320 262 EVANGELICUM
1511 219 1618 272 [CAP.
1642 229 1737 256 xvu.

492 337 682 380 Quoniam
718 345 822 371 tuum
857 345 911 371 est
945 348 1109 385 regnum
1150 345 1184 371 et
1224 337 1346 371 virtus
1385 345 1419 372 et
1450 338 1594 385 gloria.
1647 337 1740 374 Tria

429 396 496 430 lzec
528 396 579 429 ad
609 395 676 429 lzec
708 395 784 429 tria
818 406 887 441 que
917 394 1095 442 superius
1119 395 1219 429 dixit
1237 384 1476 443 pertinencia
1509 395 1741 441 introduxit,

428 452 604 500 quoniam
646 452 803 487 dixerat
841 464 982 499 supra:
1027 452 1296 500 Sanctificetur
1335 464 1469 487 nomen
1508 459 1628 499 tuum,
1673 454 1742 488 ad-

429 511 554 545 veniat
587 522 751 559 reguum
785 517 904 554 tuum,
939 521 984 544 ac
1015 509 1049 544 si
1082 509 1182 545 dicat
1214 510 1364 558 aliquis,
1397 522 1495 559 ergo
1529 522 1601 546 uon
1631 511 1743 546 lzabet

428 568 535 603 Deus
568 580 732 617 regnum
767 567 802 602 iu
835 574 958 613 terra,
1004 567 1089 614 quia
1124 568 1245 603 oratis
1277 575 1316 602 ut
1350 568 1487 614 veniat,
1529 569 1775 617 respondeo5

429 626 480 660 ad
511 625 608 661 illud
643 626 744 673 quod
776 632 880 660 tuum
914 632 969 660 est
1002 637 1179 674 regnum.

484 684 592 730 Item,
637 683 814 731 quoniam
861 683 1038 718 dixerat:
1083 683 1171 717 Fiat
1218 683 1394 718 voluntas
1438 690 1515 727 tua,
1560 683 1657 718 sicut
1704 684 1740 718 iu

428 742 507 777 celo
553 749 587 776 et
631 742 665 776 in
710 748 830 783 terra,
876 752 920 775 ac
957 741 992 776 si
1035 741 1136 776 dicat
1176 741 1327 788 aliquis,
1372 753 1468 790 ergo
1508 752 1580 776 uon
1614 748 1743 789 potest

427 801 534 835 Deus
563 799 705 847 facere
743 799 844 847 quod
883 799 963 834 vult
994 799 1030 833 iu
1070 799 1201 843 terris,
1240 798 1418 846 quoniam
1452 799 1573 834 oratis
1605 806 1645 834 ut
1675 799 1743 839 fiat

429 858 605 893 voluntas
647 857 739 900 eius,
790 857 842 891 ad
885 857 955 891 lzoc
1001 857 1214 905 respondeo
1260 857 1361 904 quod
1407 863 1472 891 tua
1518 857 1641 892 virtus
1687 864 1743 893 est
1762 870 1801 890 10

427 923 623 963 tamquam
663 915 696 950 si
733 915 874 957 dicant,
914 925 986 948 nou
1025 914 1109 949 ideo
1150 922 1328 962 optamus
1367 926 1532 964 regnum
1566 922 1672 949 tuum
1707 916 1742 950 in

428 973 534 1009 nobis
572 980 637 1008 aut
656 972 754 1022 fieri
793 973 1024 1007 voluntatem
1064 979 1169 1007 tuam
1211 972 1246 1007 in
1279 972 1409 1015 terris,
1454 973 1540 1020 quia
1579 984 1650 1008 nou
1689 980 1744 1008 est

427 1043 591 1080 regnum
638 1038 743 1065 tuum
789 1031 824 1065 in
869 1030 1012 1064 mundo
1052 1042 1118 1065 nec
1152 1038 1264 1078 potes
1292 1031 1435 1078 facere
1473 1030 1574 1077 quod
1613 1030 1669 1065 vis
1706 1030 1742 1065 in

427 1089 557 1134 terris,
609 1089 678 1124 sed
721 1088 897 1136 quoniam
945 1099 1108 1137 regnum
1163 1095 1268 1122 tuum
1316 1088 1391 1123 vita
1436 1095 1491 1123 est
1535 1095 1666 1123 eterna
1710 1096 1745 1123 et

429 1148 607 1183 voluntas
652 1154 716 1181 tua
755 1146 906 1181 iusticia
946 1153 1011 1180 est.
1053 1146 1239 1181 Preterea
1279 1158 1344 1181 nec
1384 1146 1540 1195 rediges
1579 1146 1742 1193 aliquem
1764 1147 1799 1179 15

427 1206 495 1240 sub
531 1217 653 1254 regno
687 1212 749 1239 tuo
783 1204 857 1239 nisi
887 1204 966 1252 ipse
1002 1204 1167 1239 voluerit
1201 1216 1266 1239 uec
1298 1204 1476 1252 operaris
1509 1204 1544 1238 in
1577 1204 1742 1251 aliquem

429 1264 644 1298 voluntates
682 1269 768 1297 tuas
807 1262 880 1297 nisi
910 1263 990 1310 ipse
1028 1262 1274 1299 consenserit.
1321 1262 1537 1310 Propterea
1570 1274 1744 1307 oramus,

430 1328 468 1356 ut
507 1320 718 1355 illuminati
754 1333 775 1355 a
809 1327 844 1355 te
877 1320 1037 1355 velimus
1073 1320 1270 1367 suscipere
1302 1332 1467 1369 regnum
1501 1319 1536 1355 iu
1571 1319 1677 1355 uobis
1709 1327 1744 1355 et

429 1386 604 1427 optemus
627 1379 770 1426 facere
803 1378 1036 1414 voluntatem
1070 1385 1187 1416 tuam.

488 1437 594 1479 Item,
628 1436 804 1484 quoniam
839 1436 1017 1471 dixerat:
1050 1436 1191 1471 Panem
1219 1443 1393 1471 nostrum
1429 1435 1662 1470 cotidianum
1694 1436 1742 1470 da
1761 1447 1802 1468 20

429 1494 535 1530 nobis
574 1495 686 1530 hodie
724 1501 758 1529 et
798 1494 945 1529 dimitte
981 1494 1089 1530 nobis
1128 1494 1252 1529 debita
1291 1500 1438 1537 nostra,
1480 1493 1577 1528 sicut
1610 1499 1644 1528 et
1676 1505 1746 1528 nos

430 1553 656 1588 dimittimus
713 1552 946 1587 debitoribus
1005 1552 1147 1587 nostris
1198 1559 1232 1587 et
1284 1564 1329 1587 ue
1380 1563 1448 1586 uos
1500 1551 1658 1586 inducas
1709 1551 1744 1586 iu

429 1610 734 1659 tenzptacionem‚
768 1611 836 1645 sed
868 1610 990 1645 libera
1023 1622 1091 1645 nos
1122 1622 1143 1644 a
1178 1610 1293 1655 malo,
1333 1609 1385 1644 ad
1417 1609 1483 1643 illa
1517 1609 1743 1657 respondeo,

429 1669 515 1716 quia
554 1675 617 1703 tua
657 1675 712 1703 est
744 1668 887 1717 gloria,
938 1668 1045 1713 Vere⁷
1090 1679 1174 1702 cum
1221 1667 1337 1702 uiclzil
1382 1668 1485 1702 deest
1528 1666 1745 1702 timentibus

429 1727 569 1771 Deum,
603 1726 680 1761 Dei
707 1726 839 1775 gloria
874 1732 940 1768 est,
972 1726 1005 1760 si
1037 1725 1113 1760 illis
1146 1725 1362 1760 timentibus
1397 1724 1632 1760 debitoribus
1664 1724 1744 1760 suis
1761 1725 1800 1756 25

430 1784 536 1819 Deus
569 1783 724 1818 dimittit
742 1790 916 1832 peccata,
949 1783 1081 1833 gloria
1106 1783 1182 1818 Dei
1203 1790 1269 1826 est,
1302 1783 1335 1818 si
1356 1789 1497 1827 autem,
1521 1794 1592 1817 uon
1617 1782 1743 1817 dimit-

428 1842 590 1877 tentibus
609 1841 673 1887 eis,
699 1841 877 1887 dimittat,
903 1853 974 1876 non
999 1848 1053 1876 est
1066 1841 1198 1890 gloria
1218 1841 1304 1883 Dei,
1326 1841 1413 1889 quia
1438 1852 1504 1876 nec
1526 1847 1582 1875 est
1603 1839 1742 1875 iustum

427 1899 608 1934 iudicium
642 1899 733 1935 eius.
767 1899 809 1933 Si
831 1911 902 1934 non
926 1899 1081 1934 inducat
1104 1899 1138 1933 in
1161 1898 1452 1947 teuzptacionem
1482 1905 1547 1932 aut
1569 1898 1744 1933 inductos

427 1957 461 1993 si
477 1964 645 2006 propter
677 1957 814 1992 iustam
848 1968 1002 1992 causam
1036 1957 1203 2004 aliquam
1238 1957 1389 2001 liberat,
1424 1955 1500 1990 Dei
1518 1955 1651 2005 gloria
1674 1963 1741 1994 est.

427 2015 480 2050 Et
510 2014 750 2065 generaliter
781 2014 965 2063 quidquid
996 2026 1115 2062 supra
1150 2026 1267 2049 orare
1295 2013 1482 2062 precepit,
1516 2025 1599 2048 cum
1613 2013 1744 2061 fuerit
1759 2015 1800 2046 30

428 2086 449 2108 a
484 2073 566 2108 Deo
596 2072 815 2121 prestitum,
850 2072 926 2108 Dei
954 2072 1086 2122 gloria
1120 2079 1185 2107 est.
1221 2073 1304 2107 Hee
1337 2071 1619 2107 Crisostomus.

926 2183 1064 2225 CAP.
1095 2184 1256 2224 XVII.

485 2280 674 2328 Sequitur
692 2280 807 2315 litera
822 2279 1031 2327 Augustini
1056 2279 1094 2315 in
1115 2281 1349 2327 exponendo
1365 2280 1528 2315 verbum
1553 2278 1740 2314 ultimum

429 2338 629 2374 oracionis
649 2337 849 2373 dominice
874 2338 913 2373 in
930 2339 1000 2373 hec
1017 2339 1153 2373 verba:
1185 2338 1339 2380 Ultima,
1364 2336 1507 2384 inquit,
1533 2344 1566 2371 ct
1580 2336 1741 2384 septima

424 2396 563 2445 peticio
596 2403 671 2431 est:
704 2396 780 2430 Sed
813 2396 931 2431 libera
966 2408 1033 2430 nos
1066 2408 1086 2430 a
1120 2396 1235 2430 11111111
1277 2395 1476 2430 Orandum
1508 2394 1605 2430 enim
1637 2393 1796 2429 uobis35

429 2461 484 2489 est
518 2462 556 2488 ut
590 2466 660 2488 nou
694 2454 816 2489 solum
852 2466 923 2488 non
958 2454 1189 2488 inducamur
1211 2453 1245 2487 in
1277 2452 1420 2487 malum
1451 2464 1522 2500 quo
1552 2463 1742 2493 caremus,

427 2512 530 2560 quod
560 2519 671 2547 sexto
705 2512 787 2546 loco
817 2511 976 2559 petitur,
1016 2512 1085 2546 sed
1116 2512 1161 2546 ab
1195 2511 1260 2545 illo
1300 2510 1417 2546 eciam
1464 2511 1673 2545 liberemur
1705 2509 1741 2543 in

428 2582 500 2617 quo
534 2569 608 2604 iam
652 2569 799 2605 inducti
827 2581 970 2604 sumus.
1025 2569 1139 2612 Quod
1172 2580 1255 2603 cum
1281 2568 1437 2616 factum
1461 2567 1603 2617 suerit,
1649 2566 1743 2601 nilzil

496 2738 537 2764 25.
573 2738 610 2763 15:
644 2737 815 2764 timentibus
843 2745 919 2763 eum.
1030 2736 1073 2769 [³2.
1099 2737 1117 2763 l}
1140 2737 1167 2763 i11
1191 2744 1303 2769 11121134:
1332 2735 1418 2765 xm,-
1448 2736 1486 2762 ib.
1514 2736 1540 2762 A
1567 2735 1595 2761 in
1625 2742 1739 2768 marga

425 2772 626 2807 Augustinus.
700 2771 745 2798 30.
768 2773 794 2798 Α
811 2772 839 2798 in
863 2780 975 2805 marg.:
998 2772 1134 2806 Septima
1152 2771 1284 2806 peticio:
1308 2771 1347 2797 ib.
1370 2772 1413 2797 A:
1436 2770 1523 2797 uobis
1543 2770 1634 2796 deest.

501 2845 552 2883 234.
582 2844 630 2874 lh:
657 2853 818 2874 sermone
846 2844 998 2882 Domini,
1027 2843 1047 2873 l.
1075 2853 1101 2874 c.
1130 2853 1160 2883 p.
1190 2852 1265 2882 2147
1294 2841 1369 2873 215.
