2003 3322
208 183 295 209 (ΑΡ.
317 173 384 226 ix]
679 184 887 215 SECUNDA
918 185 1043 215 PARS.
1722 186 1740 211 2
1752 177 1798 223 73

206 292 322 327 cione.
364 290 491 340 Igitur
522 289 702 325 adveniat
733 289 994 338 accipiendum
1029 297 1096 335 est,
1131 297 1170 325 ut
1200 290 1356 330 scilicet,
1392 291 1511 325 mani-

194 351 368 397 festetur
412 347 635 383 hominibus.
694 347 1026 391 Quemadmodum
1072 347 1168 383 enim
1203 348 1322 383 eciam
1351 359 1514 396 presens

205 407 276 441 lux
308 406 443 441 absens
471 412 526 441 est
555 405 650 440 cecis
673 411 707 439 et
729 405 780 440 eis
802 405 867 453 qui
888 405 1017 441 oculos
1040 405 1236 451 claudunt,
1269 405 1321 440 ita
1348 417 1511 455 regnum

205 464 281 499 Dei
325 463 498 511 quamvis
538 475 727 511 nunquam
768 462 940 498 discedat
979 463 1025 498 de
1062 463 1192 509 terris⁷
1238 470 1363 498 tamen
1402 463 1511 513 igno—

174 521 379 557 §rantibus
411 521 545 556 absens
577 527 643 557 est.
678 519 790 555 Nulli
819 527 943 556 autem
978 520 1103 556 licebit
1134 521 1325 570 ignorare
1348 533 1511 571 regnum

204 578 292 625 Dei,
336 591 420 614 cum
461 578 539 614 eius
578 578 795 627 unigenitus
835 590 909 614 non
945 578 1070 614 solum
1111 578 1409 628 intelligibiliter
1445 580 1514 614 sed

205 637 322 672 eciam
364 636 564 672 visibiliter
602 635 637 670 in
670 635 821 671 homine
853 636 1041 672 dominico
1076 636 1121 672 de
1153 636 1232 672 celo
1266 636 1387 672 veniet
1418 636 1513 671 iudi-

203 702 361 729 caturus
406 693 512 729 vivos
551 700 586 728 et
625 700 810 731 mortuos.
857 694 949 729 Post
986 694 1088 742 quod
1125 694 1318 739 iudicium,
1368 694 1407 728 id
1445 702 1511 739 est,

203 764 286 787 cum
334 751 517 787 discrecio
564 758 598 786 et
641 751 843 799 separacio
888 751 1075 787 iustorum
1122 752 1168 787 ab
1216 752 1364 787 iniustis
1396 753 1511 800 facta

152 809 334 857 iofuerit‚
367 809 417 844 ita
451 809 676 844 inhabitabit
707 809 813 844 Deus
845 809 975 855 iustos,
1015 816 1055 844 ut
1087 822 1159 845 non
1193 821 1287 858 opus
1318 810 1367 845 sit
1396 822 1511 858 quen-

202 868 290 902 dam
316 867 449 902 doceri
468 867 514 902 ab
538 866 700 912 homine,
732 867 800 902 sed
829 867 905 902 sint
937 879 1067 902 omnes
1090 867 1205 915 (sicut
1226 867 1414 915 scriptum
1438 868 1511 914 est)

202 924 381 960 docibiles
398 924 494 960 Deo.
528 924 679 959 Deinde
711 924 819 959 beata
853 924 920 959 illa
954 925 1031 959 vita
1064 925 1167 960 omni
1198 936 1248 960 ex
1274 932 1392 973 parte
1417 937 1511 973 per-

187 982 348 1031 ficietur
386 982 421 1017 in
457 981 599 1017 sanctis
631 981 667 1017 in
701 988 886 1028 eternum,
917 982 1014 1018 sicut
1051 994 1148 1018 nunc
1186 983 1342 1018 celestes
1382 983 1514 1032 angeli

198 1039 431 1075 sanctissimi
467 1047 578 1087 atque
615 1039 824 1075 beatissimi
862 1039 964 1075 illius
1000 1040 1176 1090 gloriose
1213 1040 1379 1076 civitatis
1411 1041 1511 1076 cives

75 1100 155 1135 383¹³
199 1106 234 1133 et
267 1097 465 1133 domestici
485 1097 561 1132 Dei
582 1097 726 1133 decreti
756 1104 953 1133 consortes
986 1105 1019 1132 et
1051 1098 1226 1133 custodes
1259 1098 1383 1134 nostri
1409 1094 1413 1150 Ι
1436 1110 1511 1146 per

200 1155 505 1191 misericordiam
540 1154 685 1190 domini
724 1154 784 1190 sui
822 1162 856 1190 et
890 1155 1022 1200 nostri,
1055 1167 1127 1203 quo
1171 1156 1254 1191 solo
1292 1156 1512 1191 illustrante

198 1213 388 1261 sapientes
431 1220 467 1248 et
508 1212 609 1247 beati
649 1219 748 1258 sunt,
796 1212 883 1261 quia
932 1220 966 1247 et
1005 1213 1075 1248 lzoc
1108 1213 1291 1261 promisit
1333 1213 1510 1249 dominus

199 1277 330 1306 noster
367 1277 402 1305 et
440 1269 631 1319 magister
667 1269 767 1305 suis:
811 1270 851 1305 In
886 1270 1174 1306 resurreccione
1206 1279 1329 1317 erunt,
1378 1271 1508 1320 inquit,

197 1329 294 1365 sicut
325 1328 458 1378 angeli
486 1327 522 1362 in
555 1327 656 1365 celis.
692 1329 776 1363 Hec
808 1327 1068 1375 Augustinus.

142 1400 183 1420 20
254 1385 421 1421 Videtur
452 1384 572 1420 istum
607 1393 789 1421 sanctum
823 1385 941 1432 plane
973 1384 1182 1421 intendere
1217 1387 1324 1433 quod
1357 1385 1397 1421 in
1430 1385 1508 1421 ista
1539 1393 1572 1419 ln
1593 1393 1650 1431 ilie*
1663 1393 1777 1419 second

198 1442 396 1491 peticione
429 1443 604 1479 secunda
636 1442 837 1479 oracionis
870 1442 1071 1479 dominice
1104 1443 1241 1479 fideles
1274 1442 1506 1479 desiderent
1538 1427 1783 1496 cgffitfflgossftlffie

198 1501 302 1537 diem
336 1500 486 1548 iudicii⁷
520 1500 561 1536 in
585 1513 663 1548 quo
696 1502 916 1536 secundum
950 1500 1068 1536 fidem
1100 1500 1361 1548 predestinati
1385 1509 1500 1537 erunt
1559 1497 1762 1559 'uddiiiiessiis

199 1572 220 1595 a
253 1559 434 1607 reprobis
467 1558 642 1606 separati
676 1567 712 1594 et
744 1558 990 1606 impermixti
1023 1558 1063 1594 in
1095 1558 1343 1595 beatitudine
1377 1559 1499 1595 collo·
1557 1541 1673 1604 Jpagum
1695 1568 1754 1595 for.

199 1616 288 1662 cati,
334 1617 389 1653 ita
433 1617 541 1664 quod
586 1615 661 1652 ista
705 1615 852 1664 peticio
897 1617 1209 1664 correspondeat
1255 1618 1375 1653 verbo
1415 1616 1499 1654 Dei.

143 1689 181 1710 23
199 1674 380 1711 Christus
420 1674 523 1710 enim
564 1683 622 1710 est
654 1675 766 1710 lzomo
798 1674 953 1723 quidam
988 1674 1122 1711 nobilis
1153 1675 1218 1723 qui
1248 1675 1340 1710 abiit
1371 1675 1407 1709 in
1441 1687 1501 1711 re-

197 1732 350 1782 gionem
389 1732 636 1782 longinquam
669 1732 844 1781 accipere
874 1732 946 1768 sibi
982 1745 1146 1782 regnum
1180 1740 1215 1768 et
1248 1732 1420 1779 revertit,
1467 1741 1503 1768 et

199 1789 301 1826 sicut
346 1802 389 1826 ex
434 1790 620 1838 potencia
663 1789 846 1837 procedit
891 1790 1095 1837 sapiencia
1139 1802 1185 1826 ac
1223 1789 1309 1838 ipsa
1349 1790 1503 1838 regulat

199 1849 403 1895 quomodo
456 1847 541 1895 ipsa
592 1842 1018 1895 potencia'procedet
1071 1847 1240 1896 proinde
1282 1849 1502 1896 operando,
1530 1857 1621 1895 hines
1641 1857 1786 1895 relations

197 1905 252 1941 sic
300 1918 342 1941 ex
387 1914 498 1953 patre
543 1918 618 1953 que
669 1914 726 1941 est
778 1905 964 1953 potencia
1016 1905 1174 1942 deitatis
1219 1905 1400 1954 procedit
1444 1918 1504 1941 sa-
1532 1893 1563 1919 Οἱ
1583 1892 1632 1918 the
1652 1891 1785 1927 Tr1nuy.

142 1963 353 2010 30piencia
397 1963 504 1999 verbi
549 1963 622 1999 sui.
674 1965 755 1999 Nec
802 1972 859 1999 est
892 1963 1027 2011 aliqua
1073 1963 1262 2011 prioritas
1311 1963 1504 2011 temporis

198 2022 257 2057 vel
301 2031 442 2057 nature
487 2021 527 2057 in
571 2023 644 2057 hac
688 2021 867 2057 trinitate
912 2021 1134 2068 benedicta,
1188 2023 1256 2058 sed
1295 2023 1404 2069 quod
1454 2021 1504 2057 sit

198 2079 385 2127 prioritas
435 2078 599 2126 originis
649 2080 779 2126 placet
822 2078 990 2125 sancti83
1040 2079 1080 2115 in
1132 2079 1320 2127 exemplis
1369 2088 1503 2115 autem
1533 2091 1581 2129 Νρ
1603 2091 1733 2126 prioriiy
1753 2090 1787 2118 of

199 2136 341 2184 quibus
382 2137 693 2173 manuducimur
732 2149 974 2184 cognoscere
1014 2136 1237 2173 trinitatem
1278 2150 1358 2173 non
1391 2139 1503 2173 obest
1531 2126 1711 2188 {Jemffnffjuffl
1732 2135 1782 2188 ᾖξε

198 2196 265 2230 sed
311 2204 504 2230 consonat
549 2196 655 2243 quod
700 2194 749 2230 sit
792 2194 984 2242 prioritas
1029 2194 1225 2242 temporis
1271 2204 1308 2231 et
1347 2204 1502 2241 nature,
1529 2195 1732 2256 {linistrations
1752 2195 1787 2222 of

142 2258 181 2290 οἱ)
198 2251 292 2300 quia
325 2253 547 2300 exemplum
582 2265 663 2288 non
695 2253 798 2288 foret
831 2253 1055 2300 exemplum
1090 2254 1158 2288 sed
1192 2252 1409 2300 ipsummet
1443 2265 1503 2288 ex-
1530 2234 1551 2256 1t
1571 2234 1635 2256 tiat
1656 2238 1701 2257 we
1722 2238 1784 2256 use.

199 2310 432 2357 emplastum,
483 2309 559 2346 nisi
606 2310 708 2346 foret
753 2312 923 2358 quedam
972 2310 1179 2346 distinccio
1224 2310 1327 2346 inter
1372 2310 1503 2358 ipsum

199 2368 463 2415 exemplatum
519 2380 687 2415 sequens
740 2367 780 2403 in
824 2367 974 2404 noticia
1019 2377 1055 2404 et
1099 2369 1336 2416 exemplum.
1391 2368 1504 2404 Prius

200 2438 293 2473 ergo
326 2427 516 2462 debemus
548 2426 588 2461 in
620 2425 683 2462 via
716 2425 968 2462 sanctificare
1000 2439 1149 2462 nomen
1180 2426 1342 2462 Domini
1375 2435 1411 2462 et
1435 2438 1506 2474 per

265 2618 290 2637 2.
311 2611 355 2638 A:
382 2611 479 2638 eciam
499 2611 592 2638 deest.
702 2619 742 2638 10.
764 2612 807 2638 A:
838 2610 997 2638 inhabitat.
1107 2611 1148 2638 16.
1169 2611 1208 2638 B:
1242 2614 1272 2638 et
1289 2611 1392 2638 nostri
1409 2611 1502 2638 deest.

197 2652 241 2672 20.
264 2646 292 2672 A
312 2646 342 2672 in
364 2653 477 2680 marg:
497 2645 661 2673 ,lohannes
734 2654 778 2680 27.
796 2646 836 2672 B:
858 2653 896 2672 ac
915 2646 981 2680 ipsa
1000 2645 1170 2680 sapiencia.

266 2751 296 2783 7.
324 2741 376 2772 Cf.
409 2741 432 2772 I.
463 2741 555 2772 Retr.
588 2751 637 2784 19,
670 2740 700 2772 8.
802 2750 851 2771 12.
884 2741 926 2771 Is.
959 2740 1046 2780 LIV,
1080 2741 1137 2779 23;
1180 2740 1224 2771 ib.
1255 2740 1332 2771 Joh.
1359 2741 1415 2779 VI,
1446 2740 1502 2780 45.

202 2798 250 2832 19.
276 2787 394 2819 Matth.
419 2787 520 2826 XXII,
549 2788 600 2821 30.
697 2786 750 2819 25.
778 2787 890 2819 Lucae
915 2787 1001 2826 XIX,
1033 2796 1081 2818 12.

1326 2843 1364 2875 18
