2003 3322
200 206 289 234 CAP.
310 196 419 250 xur]
668 208 879 240 SECUNDA
907 209 1033 240 PARS,
1721 203 1799 250 399

257 316 304 350 Et
342 314 405 350 hic
446 312 592 349 dicitur
631 314 900 350 communiter
933 323 1052 361 atque
1092 314 1288 350 catholice
1321 316 1430 361 quod
1462 316 1512 350 ad
1539 323 1649 359 Prayer
1670 324 1781 362 should

199 371 478 409 rectitudinem
513 370 713 407 oracionis
746 371 965 419 requiritur
1003 373 1110 419 quod
1143 380 1279 407 oretur
1317 371 1509 408 instanter
1528 358 1801 419 bengissaedifnghtehe

197 431 415 478 prudenter
459 437 496 464 et
538 428 863 465 indefectibiliter
906 429 945 465 in
988 428 1151 465 nomine
1188 428 1412 476 Trinitatis,
1456 429 1512 466 sic
1595 427 1727 463 Trinity.

199 488 307 536 quod
345 485 544 523 oracionis
584 486 779 523 instancia
820 489 1134 534 correspondeat
1168 489 1251 523 Deo
1284 487 1402 535 patri,
1449 487 1508 523 cui

165 545 485 593 §appropriatur
528 544 733 592 originalis
785 544 988 590 eternitas,
1041 544 1241 581 oracionis
1293 545 1512 592 prudencia

199 603 513 651 correspondeat
559 604 680 639 verbo
724 602 809 649 Dei,
854 603 909 638 sic
953 602 1136 639 videlicet
1182 604 1290 651 quod
1334 615 1355 639 a
1400 611 1512 638 tanto

199 661 372 698 Domino
411 668 571 708 petatur
610 660 818 697 beatitudo
859 673 881 696 a
914 661 998 696 Deo
1037 660 1339 697 racionabiliter
1371 672 1512 696 conce-

199 720 338 756 denda.
371 720 457 756 Joh.
479 719 605 764 XV10‚
632 718 679 753 23
713 717 919 755 scribitur:
953 718 997 753 Si
1024 719 1114 767 quid
1137 719 1333 767 pecieritis
1355 726 1511 767 patrem

198 777 233 812 in
272 777 422 813 nomine
459 788 554 822 meo,
593 776 697 811 dabit
735 777 850 814 vobis.
894 776 1218 812 Indefectibilitas
1257 785 1391 812 autem
1431 789 1512 812 non

147 853 183 874 ιο
198 847 351 882 ponens
390 834 545 870 obicem
584 835 791 881 peccando
831 833 872 869 in
911 833 1105 880 Spiritum
1145 835 1338 870 Sanctum
1382 846 1511 870 corre-

197 894 393 940 spondeat
431 891 623 936 bonitati;
660 900 696 927 et
736 900 845 939 patet
886 892 993 939 quod
1032 905 1112 928 non
1151 891 1309 928 deficiet
1348 891 1512 928 viatoris

196 950 343 999 peticio
381 949 457 986 nisi
489 950 592 985 forte
625 950 801 986 defectus
833 949 952 985 fuerit
993 949 1033 984 in
1066 958 1225 997 petente
1257 950 1317 986 vel
1350 949 1511 986 racione

196 1008 446 1056 indignitatis
485 1007 657 1055 petentis
695 1008 755 1043 vel
794 1007 956 1044 racione
996 1007 1364 1044 irracionabilitatis
1399 1007 1511 1054 petiti

196 1067 257 1102 vel
289 1066 450 1102 racione
488 1065 738 1113 negligencie
776 1065 817 1102 in
849 1067 1036 1113 petendo.
1076 1067 1124 1101 Et
1157 1065 1241 1101 istis
1275 1078 1511 1113 correspon-

144 1125 293 1163 15dent
326 1125 397 1160 hec
429 1124 505 1160 tria
538 1125 675 1160 verba:
710 1124 843 1170 Petite,
877 1124 1023 1171 querite
1055 1131 1089 1159 et
1116 1124 1282 1172 pulsate.

257 1184 304 1218 Et
344 1190 453 1230 patet
487 1183 692 1229 quomodo
725 1181 861 1218 oracio
895 1181 1030 1217 debita
1063 1180 1328 1229 predestinati
1362 1190 1419 1217 est
1451 1181 1509 1216 in-
1526 1188 1584 1215 We
1605 1188 1715 1215 should
1737 1194 1790 1216 not

197 1240 355 1276 finitum
403 1239 544 1276 melior
588 1252 710 1288 quam
755 1240 891 1276 oracio
935 1239 1111 1287 presciti,
1157 1252 1247 1274 cum
1288 1242 1394 1275 Deus
1442 1238 1509 1287 qui
1576 1223 1757 1293 pssgffeigeof

196 1310 329 1334 errare
366 1311 448 1334 non
486 1306 616 1345 potest
653 1298 694 1333 in
727 1310 798 1334 suo
830 1297 991 1341 iudicio,
1032 1306 1215 1345 acceptat
1253 1297 1427 1344 primam
1468 1305 1510 1332 ut
1601 1294 1723 1327 priests.

196 1355 397 1392 infinitum
439 1355 579 1392 melius
613 1368 734 1404 quam
768 1357 1006 1400 secundam3
1048 1364 1084 1391 et
1118 1356 1220 1391 hanc
1254 1356 1422 1391 credunt
1454 1354 1509 1402 pii

140 1431 181 1452 20
197 1426 280 1450 esse
318 1413 520 1449 racionem
563 1425 685 1461 quare
725 1415 830 1450 Deus
869 1413 993 1450 voluit
1037 1413 1427 1460 predestinacionem
1474 1421 1510 1448 et

195 1471 482 1519 prescienciam
537 1483 619 1507 esse
672 1471 786 1507 nobis
837 1471 1092 1507 absconditas
1143 1470 1205 1507 hic
1256 1471 1295 1506 in
1339 1470 1415 1516 via,
1468 1479 1510 1506 ut

196 1529 394 1577 fugiamus
434 1529 603 1565 mercari
637 1541 727 1565 cum
761 1528 1118 1577 deprecacionibus
1151 1530 1421 1565 sacerdotum.
1470 1528 1510 1564 Si

196 1587 302 1623 enim
344 1588 571 1623 conducens
616 1588 894 1635 presbyterum
934 1586 984 1622 sit
1028 1586 1322 1634 predestinatus
1370 1595 1406 1622 et
1445 1586 1510 1621 ille

196 1647 401 1693 presbyter
449 1654 609 1681 curatus
648 1645 708 1681 vel
752 1646 928 1692 prelatus
961 1644 1009 1680 sit
1048 1644 1256 1692 prescitus,
1305 1644 1506 1680 infinitum

139 1703 284 1750 25plus
322 1703 426 1738 valet
465 1702 652 1738 meritum
694 1711 731 1738 et
769 1702 905 1739 oracio
946 1702 1206 1739 conducentis
1245 1715 1366 1750 quam
1406 1703 1510 1738 valet

198 1760 382 1796 meritum
432 1769 500 1796 aut
544 1760 680 1796 oracio
720 1760 950 1797 huiusmodi
990 1760 1222 1796 sacerdotis.
1277 1760 1375 1805 Quis
1415 1773 1508 1808 ergo

196 1819 370 1866 prudens
402 1827 484 1854 tam
517 1818 662 1854 stolide
696 1819 966 1855 mercaretur?

254 1877 437 1912 Secunda
481 1889 573 1924 pars
619 1876 811 1924 evangelii
864 1876 1018 1913 addidit
1070 1875 1252 1915 fidelibus
1305 1875 1506 1912 racionem
1525 1880 1790 1915 Encouragement

197 1934 316 1969 aliam
362 1934 647 1981 parabolicam,
703 1946 869 1970 monens
915 1934 1022 1982 ipsos
1066 1942 1109 1970 ut
1154 1936 1201 1970 de
1252 1933 1508 1970 oracionibus
1575 1920 1606 1942 ω
1627 1924 1745 1951 prayer.

141 2001 182 2033 30
197 1991 336 2027 debitis
369 1992 457 2039 plus
491 1991 705 2037 confidant,
740 1993 889 2028 addens
921 1991 1118 2040 triplicem
1153 1993 1386 2039 parabolam
1412 2004 1509 2040 quo-

199 2050 319 2085 modo
354 2049 456 2085 filius
480 2049 550 2085 Dei
583 2062 665 2085 non
698 2050 875 2097 porriget
907 2050 1083 2098 lapidem
1108 2049 1220 2085 fratri
1243 2063 1328 2095 suo,
1362 2062 1505 2097 panem

197 2120 268 2154 pro
302 2107 453 2143 cibario
485 2107 723 2155 postulanti3
770 2120 842 2144 nec
882 2108 992 2144 dabit
1036 2116 1259 2155 serpentem
1294 2120 1367 2155 pro
1401 2107 1508 2155 pisce

197 2177 270 2200 nec
308 2177 380 2212 pro
419 2178 493 2201 ovo
532 2165 657 2213 petito
696 2178 768 2213 pro
808 2166 940 2202 edulio
986 2165 1252 2213 scorpionem.
1299 2166 1363 2201 Sic
1402 2165 1506 2201 enim

197 2222 347 2258 faciens
392 2223 492 2259 foret
532 2222 635 2259 filius
679 2223 803 2259 Belial
843 2223 1046 2260 derisivus.
1094 2223 1133 2259 Si
1173 2223 1294 2271 igitur
1335 2222 1403 2259 filii
1438 2223 1506 2259 Dei

141 2288 180 2320 35
196 2279 349 2316 viantes
388 2281 524 2316 volunt
565 2293 608 2316 ex
646 2280 825 2317 bonitate
864 2282 1166 2329 quodammodo
1198 2281 1371 2317 naturali
1414 2282 1508 2317 darc

197 2337 384 2373 fratribus
429 2338 508 2374 suis
552 2339 778 2386 petentibus
823 2339 1053 2375 huiusmodi
1102 2341 1205 2375 bona
1251 2340 1357 2384 data,
1414 2351 1508 2386 ergo

199 2396 324 2431 multo
364 2396 489 2443 magis
528 2396 614 2432 fons
655 2397 843 2433 bonitatis
886 2399 989 2433 Deus
1037 2397 1146 2432 dabit
1191 2397 1384 2433 creaturis
1429 2397 1508 2432 suis

198 2452 328 2501 ipsum
377 2453 494 2501 digne
545 2454 773 2502 petentibus
817 2455 995 2502 pociora.
1050 2457 1161 2491 Patet
1214 2454 1508 2502 consequencia

265 2659 294 2683 4.
315 2651 358 2677 A:
380 2650 530 2677 instancia
550 2650 655 2683 twice3
676 2651 703 2677 A
725 2650 753 2677 in
776 2658 872 2685 marg.
894 2651 965 2677 intl:
996 2650 1085 2685 Quod
1111 2651 1262 2678 orandum
1290 2654 1334 2678 est
1354 2652 1509 2678 instanter

193 2685 367 2719 prudenter
385 2688 413 2711 et
433 2683 684 2720 indefectibiliter
703 2685 733 2712 in
754 2686 875 2712 nomine
899 2685 1072 2712 Trinitatis.
1123 2692 1128 2699 ’
1147 2685 1175 2712 6.
1197 2687 1242 2712 A:
1263 2686 1348 2720 quod
1367 2686 1508 2713 videlicet

197 2719 287 2752 quod.
360 2719 388 2747 8.
409 2720 454 2746 A:
474 2719 543 2746 Jolz.
567 2719 601 2745 X.
711 2727 748 2746 12.
772 2720 808 2746 ss:
830 2718 968 2755 defectus
988 2719 1133 2756 defice-rit.
1235 2721 1275 2747 10.
1297 2720 1318 2746 Β
1340 2721 1369 2747 in
1392 2729 1506 2754 marg:

199 2752 290 2787 Quod
308 2755 416 2781 oracio
437 2755 536 2781 debita
552 2754 761 2789 predestinati
778 2757 821 2781 est
840 2754 992 2789 inlinitum
1011 2755 1121 2782 melior
1140 2763 1230 2790 quam
1252 2756 1361 2782 oracio
1368 2756 1506 2790 presciti.

197 2789 237 2814 18.
259 2788 375 2815 Codd.:
397 2789 440 2815 ad
458 2788 620 2822 infinitum.
707 2797 749 2816 22.
772 2789 810 2815 B:
831 2789 1101 2824 deprecacionibux
1128 2798 1192 2816 cum
1217 2789 1508 2824 deprecacimn'bux:

197 2824 223 2849 A
240 2822 269 2849 in
286 2831 380 2857 marg.
394 2832 399 2851 :
415 2823 506 2851 Nola.
580 2824 624 2850 28.
646 2825 673 2850 A
694 2824 723 2850 in
745 2832 859 2858 marg:
881 2824 1021 2851 Secunda
1042 2825 1138 2851 racio.
