2003 3322
215 194 304 222 CAP.
326 186 478 240 XLVIII]
715 198 855 230 PR1MA
882 198 1008 229 PARS.
1736 189 1808 235 173

213 304 331 339 Tales
363 312 454 340 sunt
487 304 600 340 multi
635 316 747 340 casus
781 303 848 351 qui
881 303 1066 340 videntur
1098 303 1213 339 nobis
1253 316 1336 339 esse
1378 303 1521 348 illiciti,

214 360 316 397 sicut
360 362 486 397 multa
523 370 615 397 sunt
648 361 835 408 coniugia
874 360 958 410 que'
989 361 1122 408 gracia
1161 361 1446 409 temporalium
1487 372 1523 398 et

213 431 295 454 non
327 419 460 466 gracia
495 419 588 455 boni
622 419 795 466 coniugii
830 428 921 455 sunt
953 428 1181 464 contracta;
1217 419 1308 456 ideo
1341 419 1408 467 qui
1441 420 1523 456 vult

214 489 352 512 omnes
397 477 495 513 istos
535 489 650 513 casus
699 477 911 513 defendere
955 486 992 513 et
1036 477 1224 514 licencias
1265 477 1522 513 meretricum

182 537 302 570 5cum
340 534 393 570 eis
426 534 622 571 similibus
656 534 761 582 capit
785 548 884 582 opus
909 535 1036 571 maius
1060 547 1179 584 quam
1205 547 1277 571 nos
1302 535 1523 571 sufficimus

214 593 430 629 declarare.
484 591 594 628 Sicut
639 604 731 639 ergo
769 605 895 640 prope
938 592 1056 629 finem
1098 592 1236 628 mundi
1281 594 1352 629 hec
1397 593 1524 641 figura

213 649 523 686 matrimonialis
547 651 664 686 debet
688 663 771 686 esse
794 650 964 687 similior
987 650 1173 698 coniugio
1197 650 1362 686 ecclesie
1384 651 1525 687 trium—

88 712 169 756 372tl
213 707 386 755 phantis,
416 704 420 760 Ι
449 707 505 744 sic
549 709 666 744 debet
711 720 794 744 esse
840 708 1046 745 honestior
1085 717 1205 756 atque
1239 708 1441 754 mundior,
1487 718 1523 745 et

212 767 439 802 sacerdotes
480 766 625 802 debent
668 775 703 801 et
742 766 883 814 prelati
923 766 1113 814 precipue
1153 766 1240 813 plus
1287 766 1523 803 renunciare

160 841 197 861 10
212 823 381 859 seculari
405 823 585 860 dominio
619 824 669 859 ad
701 823 1006 860 similitudinem
1033 824 1199 860 ecclesie
1222 823 1522 872 triumphantis.

213 882 290 917 Sed
334 881 408 917 ista
448 881 669 917 fornicacio
711 882 925 918 maledicta
968 891 1024 918 est
1068 881 1187 917 nimis
1227 881 1267 917 in
1313 882 1521 918 ecclesiam

212 938 455 975 introducta.

669 1051 808 1092 CAP.
842 1052 1066 1093 XLVHL

269 1146 540 1184 Crisostomus
573 1156 707 1183 autem
731 1159 851 1195 super
873 1147 949 1183 isto
972 1156 1079 1184 textu
1102 1147 1157 1183 sic
1180 1148 1375 1196 loquitur:
1410 1149 1521 1184 Nunc
1553 1163 1786 1199 Chrysostom's

158 1205 372 1249 15tercium
406 1206 635 1241 mandatum
669 1205 867 1240 minimum
901 1206 1007 1254 apud
1039 1205 1343 1254 indisciplinatos
1375 1213 1411 1242 et
1442 1207 1519 1243 Ias·
1563 1206 1779 1263 Βξξζξιῑςῐξῐξξὲὃ

209 1263 312 1299 civos
344 1263 409 1311 qui
438 1263 583 1298 nullum
617 1263 795 1298 estimant
817 1275 898 1299 esse
915 1270 1115 1312 peccatum
1139 1275 1302 1299 uxorem
1328 1264 1520 1300 dimittere
1544 1268 1672 1296 allowed
1694 1270 1724 1298 in
1745 1271 1795 1298 the

210 1321 300 1356 dato
334 1321 506 1369 repudio,
539 1322 620 1357 sine
643 1332 713 1369 quo
742 1333 859 1369 neque
884 1328 990 1357 stare
1007 1328 1136 1370 potest
1159 1321 1258 1372 legis
1279 1323 1516 1357 mandatum.
1549 1304 1796 1372 pl-{lffiegss‘ssvgssse

216 1378 417 1422 Quomodo
451 1380 601 1427 quando
629 1378 801 1427 primum
833 1379 997 1429 Moyses
1016 1379 1128 1428 filios
1151 1380 1276 1415 Israel
1307 1380 1442 1415 eduxit
1474 1381 1520 1416 de
1630 1375 1715 1402 ‘³⁶¹³-

208 1436 388 1487 Egypto,
432 1448 577 1485 genere
617 1436 767 1484 quidem
808 1443 919 1472 ercznt
950 1437 1137 1483 Israelite‚
1186 1437 1359 1473 moribus
1392 1445 1518 1473 autem

154 1494 397 1544 20Egypcii,
441 1501 607 1543 propter
645 1495 747 1542 quod
791 1506 898 1530 more
940 1495 1142 1544 gentilium
1179 1495 1436 1545 contingebat,
1482 1503 1521 1532 ut

210 1552 271 1587 vir
302 1552 428 1587 odiret
460 1564 637 1598 uxorem,
671 1560 706 1588 et
737 1552 823 1601 quia
857 1552 1051 1588 dimittere
1082 1553 1188 1588 illam
1223 1565 1295 1588 non
1319 1553 1520 1601 permitte-

209 1609 324 1645 batur
340 1616 507 1658 paratus
530 1617 614 1646 erat
646 1610 863 1659 interficere
885 1622 980 1645 eam.
1016 1611 1092 1645 Aut
1114 1611 1148 1646 si
1176 1623 1248 1646 non
1272 1611 1522 1660 interficiebat

210 1680 291 1704 eam
327 1675 495 1716 propter
533 1668 710 1704 timorem
751 1668 863 1718 legis,
907 1675 1033 1703 tamen
1077 1668 1245 1704 assiduis
1288 1669 1522 1705 cruciatibus

209 1725 426 1775 affligebat,
470 1725 554 1761 ideo
592 1726 700 1762 iussit
740 1726 830 1761 dari
872 1726 1088 1774 repudium,
1133 1738 1206 1762 non
1251 1727 1337 1774 quia
1383 1727 1519 1762 boumn

154 1795 192 1827 25
209 1791 306 1828 erat,
338 1784 406 1819 sed
428 1783 515 1831 quia
548 1784 760 1819 remedium
793 1790 878 1819 erat
911 1784 1005 1818 mali
1022 1784 1181 1832 peioris,
1207 1796 1251 1819 ue
1274 1785 1363 1820 dum
1378 1784 1522 1832 facere

210 1841 354 1876 malum
388 1842 764 1890 vetantttrfacerent
782 1841 906 1890 peius,
939 1854 1037 1891 ergo
1056 1842 1300 1890 propositum
1316 1842 1401 1890 fuit
1424 1842 1522 1892 legis

210 1898 412 1948 repudium
453 1900 549 1934 dare
586 1899 792 1944 mandatis,
832 1911 877 1935 ne
914 1899 1160 1935 homicidium
1184 1900 1273 1949 fiat.
1322 1900 1522 1948 Numquid

208 1956 377 2004 infacto
408 1957 490 1992 solo
512 1957 565 2004 fit
598 1957 877 1993 homicidium?
909 1957 1044 1993 Nonne
1075 1964 1110 1993 et
1142 1957 1177 1992 in
1212 1958 1438 1993 voluntate?
1469 1958 1521 1994 Et

209 2026 340 2050 coram
381 2014 595 2050 hominibus
633 2015 782 2063 quidem
824 2015 859 2050 in
890 2015 1006 2062 facto
1043 2015 1125 2051 solo
1158 2015 1211 2064 fit
1259 2015 1520 2062 homicidium,

153 2084 194 2116 30
209 2084 340 2108 coram
374 2073 458 2108 Deo
491 2079 617 2108 autem
651 2073 685 2108 in
721 2073 926 2108 voluntate.
974 2073 1080 2109 Sicut
1112 2073 1208 2108 enim
1243 2073 1307 2121 qui
1337 2073 1522 2109 irascitur

200 2129 335 2178 fratri
363 2142 432 2166 suo
464 2130 544 2166 sine
576 2142 691 2166 causa
731 2137 766 2166 et
804 2130 838 2165 si
875 2142 948 2166 non
983 2131 1156 2179 potuerit
1203 2131 1379 2166 occidere
1422 2144 1520 2177 eum,

209 2188 347 2223 occidit
383 2195 508 2224 tamen
547 2200 630 2224 eum
670 2188 706 2223 in
744 2188 862 2224 corde
899 2200 980 2234 suo,
1024 2189 1079 2224 sic
1117 2195 1152 2223 et
1190 2188 1253 2237 qui
1290 2189 1521 2238 concupiscit

210 2245 423 2292 mulierem,
457 2246 614 2282 eciamsi
642 2258 714 2281 non
743 2246 922 2281 habuerit
953 2258 1050 2292 eam,
1083 2246 1328 2282 adulteratus
1360 2254 1415 2282 est
1437 2259 1519 2282 eam

210 2303 246 2338 in
270 2304 388 2339 corde
409 2315 492 2349 suo,
525 2303 613 2351 quia
637 2303 813 2340 voluntas
835 2303 915 2339 eius
937 2304 1119 2352 impedita
1142 2311 1209 2350 est,
1233 2316 1306 2339 non
1330 2311 1518 2340 correcta.

154 2372 193 2404 35
211 2361 273 2397 Sic
305 2361 369 2409 qui
399 2362 478 2397 odit
510 2373 674 2397 uxorem
707 2374 815 2398 suam
849 2369 1009 2411 excepta
1022 2362 1307 2410 fornicaciom's
1336 2374 1452 2398 causa
1485 2370 1521 2398 et

209 2418 264 2454 sic
296 2419 390 2466 odit,
435 2427 474 2454 ut
507 2419 674 2454 dimittat
706 2431 802 2465 eam,
848 2426 887 2454 ut
926 2419 1000 2455 nisi
1036 2420 1194 2455 haberet
1234 2420 1430 2455 licenciam
1465 2420 1520 2455 di-

279 2583 321 2609 14‚
344 2575 379 2603 15.
400 2575 447 2602 A:
469 2574 555 2602 Nunc
575 2575 693 2603 iterum.
768 2575 808 2603 18.
829 2576 872 2603 A:
897 2575 1050 2610 Quoniam
1072 2576 1204 2611 quando.
1279 2583 1321 2610 19,
1337 2583 1382 2602 20.
1398 2576 1442 2603 A:
1457 2576 1521 2612 qui-

211 2609 278 2637 dem
304 2625 338 2630 —
363 2618 450 2637 more
479 2610 573 2637 deest.
681 2617 724 2637 22.
757 2611 801 2637 A:
835 2618 901 2637 eam
933 2611 1027 2637 deest.
1136 2611 1177 2639 25.
1211 2611 1254 2637 A:
1285 2611 1395 2645 facere
1425 2610 1520 2638 deest.

211 2652 255 2680 27.
277 2645 314 2671 ss:
337 2645 426 2677 dari;
453 2645 492 2672 ib.
514 2646 558 2672 A:
586 2645 780 2672 homicidium
808 2646 936 2672 racione
963 2647 1000 2672 et.
1108 2652 1152 2680 27,
1172 2644 1217 2673 28.
1238 2642 1283 2672 ΑΞ
1306 2645 1373 2678 fiat
1391 2661 1423 2665 —
1442 2649 1471 2672 et
1490 2646 1521 2673 in

211 2679 304 2706 deest.
377 2678 422 2707 28.
445 2679 482 2706 B:
504 2680 563 2712 sit,·
581 2680 622 2707 ib.
638 2680 678 2707 B:
698 2680 729 2707 in
751 2680 844 2706 deest.
919 2686 965 2713 29.
988 2680 1026 2706 B:
1046 2681 1112 2707 solo
1133 2681 1228 2707 deest.
1300 2680 1343 2708 32.
1359 2680 1398 2707 B:
1419 2683 1520 2707 tamen

212 2714 369 2775 deest;ci³b.
384 2716 429 2741 A:
445 2717 475 2741 et
485 2714 562 2741 sicut
575 2715 637 2750 qui.
710 2713 751 2742 33.
768 2715 812 2741 A:
829 2717 857 2741 et
870 2714 971 2741 sinon
986 2714 1101 2742 habuit.
1174 2713 1273 2749 35‚36.
1288 2716 1332 2742 A:
1348 2723 1474 2742 uxorem
1488 2730 1521 2735 —

210 2751 239 2775 et
258 2749 303 2776 sic
344 2753 416 2776 cest.

286 2819 335 2850 14.
363 2809 429 2854 Op.
457 2809 555 2853 Imp„
582 2809 603 2842 1.
630 2819 657 2842 c.
684 2819 716 2854 p.
742 2808 818 2842 800.
