2062 3327
178 220 267 248 CAP.
294 209 361 266 xi]
683 221 824 253 PRIMA
851 221 977 253 PARS.
1728 211 1778 246 33

179 329 283 365 tibus
318 327 553 365 criminibus
585 327 650 363 hic
682 340 763 363 non
795 328 931 374 lugent
964 328 1033 363 sed
1065 326 1203 374 pocius
1236 327 1371 363 fovent
1402 325 1489 373 ipsa

178 395 343 435 propter
387 385 612 434 pecuniam.
667 386 758 421 Ideo
802 393 1029 433 repugnant
1074 385 1146 421 Dei
1178 384 1342 431 iudicio,
1382 384 1490 432 quod

178 453 391 492 propterea
430 443 470 480 in
509 443 639 491 patria
685 444 954 481 consolentur.
1001 442 1117 478 Multi
1163 442 1266 478 enirn
1301 443 1488 490 gaudent,
1510 448 1774 488 Many-wickedly

179 503 286 551 quod
322 501 573 538 conviventes
607 513 698 537 curn
731 500 808 537 illis
841 500 1021 537 incidant
1056 501 1097 536 in
1129 500 1288 536 notoria
1322 499 1490 536 crimina
1522 484 1770 545 ᾇῗὲῗὲῗῃὲζςῃζῗ

147 560 344 608 §propter
376 559 589 607 pecuniam
620 559 681 595 vel
712 558 944 605 vindictam,
992 558 1059 594 ubi
1091 567 1228 595 tamen
1269 558 1490 594 secundun]
1587 553 1702 580 others.

179 617 427 666 evangelium
458 618 638 665 lugerent
670 616 771 653 sicut
805 616 882 652 nisi
905 616 1110 664 peniteant
1148 625 1343 664 perpetuo
1379 616 1492 651 deso-

179 675 307 722 landi3
361 684 398 711 et
442 675 518 712 ista
562 674 705 711 caritas
759 676 946 711 movebat
995 674 1194 722 perfectos
1246 673 1398 711 viantes
1443 673 1493 709 ad

180 734 459 781 exponendum
484 746 524 769 se
548 732 687 769 mortis
703 732 883 781 periculo
900 741 1065 781 propter
1086 732 1229 769 fratres
1253 731 1494 768 criminosos

178 791 337 828 notorie
371 792 675 828 convertendos.

126 863 164 883 10
237 849 302 885 Isti
330 861 423 897 ergo
455 858 559 891 sunt,
587 848 654 898 qui
686 862 769 885 non
791 849 926 897 lugent
948 857 1114 896 propter
1137 847 1306 884 crimina
1329 845 1495 895 propria

179 919 251 943 nec
296 907 465 943 fratrum
510 908 578 943 sed
617 906 756 955 pocius
802 906 1075 952 consolantur,
1120 915 1163 942 ut
1195 906 1255 943 vel
1294 906 1495 953 gaudeant

181 966 228 1000 de
259 965 435 1001 vindicta
468 965 665 1013 capienda
698 966 745 1000 de
778 964 874 1013 ipsis
896 965 957 1001 vel
980 964 1223 1013 participent
1256 964 1304 999 de
1327 970 1494 1011 peccato

181 1035 319 1059 eorum
361 1035 431 1071 per
469 1024 578 1072 quod
616 1031 659 1058 ut
704 1031 871 1070 peccent
915 1022 1143 1059 diuturnius
1184 1030 1275 1058 sunt
1321 1019 1493 1056 multati.

180 1082 229 1116 Et
271 1080 312 1116 in
354 1080 430 1117 isto
477 1080 643 1117 crimine
688 1089 779 1117 sunt
822 1080 937 1116 multi
976 1080 1119 1129 prelati
1165 1079 1330 1117 ecclesie
1375 1077 1495 1114 hodie

124 1141 164 1190 '15
180 1138 464 1175 insensibiliter
496 1138 647 1176 evirati.

704 1262 843 1303 CAP.
877 1262 965 1302 XI.

240 1368 428 1418 Sequitur
461 1378 603 1417 quarta
648 1369 850 1405 beatitudo
896 1381 1017 1417 quam
1053 1368 1187 1416 prodit
1220 1367 1418 1404 Dominus
1452 1367 1491 1403 in
1588 1376 1706 1415 Folurth

183 1428 254 1463 hec
291 1428 427 1464 verba:
467 1427 580 1462 Beati
615 1427 678 1476 qui
714 1427 886 1463 esuriunt
923 1434 957 1462 et
988 1427 1124 1463 siciunt
1161 1426 1362 1470 iusticiam,
1401 1438 1491 1474 quo·
1507 1411 1785 1482 Blegssffistsssdeefhey

183 1486 283 1521 niam
307 1485 380 1534 ipsi
399 1486 689 1521 saturabuntur.
729 1485 810 1520 Iam
834 1485 938 1532 istos,
961 1484 1091 1533 inquit
1106 1483 1367 1532 Augustinus,
1401 1484 1491 1519 dicit
1549 1481 1668 1543 h‘ggi‘ss
1687 1481 1747 1543 {gd

127 1559 168 1579 20
188 1543 365 1579 Christus
396 1555 476 1579 esse
497 1550 692 1579 amatores
715 1543 798 1578 veri
823 1550 857 1578 et
879 1543 1093 1578 inconcussi
1118 1543 1206 1578 boni
1228 1542 1314 1590 quia
1337 1542 1493 1577 iusticie.
1556 1524 1741 1589 utigr-aiter

182 1601 254 1637 Illo
287 1613 383 1650 ergo
415 1601 496 1636 cibo
527 1601 807 1636 saturabuntur
855 1601 901 1636 de
945 1613 1016 1649 quo
1049 1601 1128 1649 ipse
1160 1599 1351 1636 Dominus
1384 1600 1495 1635 dicit:
1586 1590 1702 1620 Jusnce.

183 1659 294 1694 Meus
332 1659 435 1694 cibus
481 1666 535 1694 est
580 1666 619 1694 ut
642 1658 795 1706 faciam
837 1658 1069 1694 voluntatem
1098 1658 1229 1707 patris
1261 1658 1336 1693 mei
1365 1658 1429 1706 qui
1459 1658 1494 1692 in

183 1717 272 1752 celis
303 1724 369 1762 est,
403 1717 506 1764 quod
537 1723 592 1752 est
630 1716 792 1762 iusticia,
836 1724 870 1751 et
914 1716 981 1752 illa
1014 1728 1113 1764 aqua
1146 1716 1192 1751 de
1224 1728 1295 1764 qua
1329 1716 1496 1764 quisquis

182 1774 329 1817 biberit,
373 1781 412 1809 ut
444 1774 543 1809 idem
589 1774 692 1820 dicit,
723 1774 799 1822 fiet
845 1774 880 1809 in
913 1786 955 1810 eo
976 1775 1075 1822 fons
1105 1785 1201 1822 aque
1243 1773 1414 1809 salientis
1458 1773 1494 1808 in

127 1837 165 1869 25
183 1832 298 1867 vitam
336 1839 519 1867 eternam.

240 1891 288 1925 Et
325 1888 611 1925 Crisostomus:
661 1890 827 1925 Esurire
871 1896 906 1925 et
951 1889 1059 1924 sitire
1104 1889 1291 1925 iusticiam
1329 1889 1406 1924 Dei
1442 1896 1497 1925 est

184 1947 408 1983 desiderare
439 1947 626 1983 iusticiam
650 1948 737 1993 Dei,
771 1955 810 1983 ut
841 1947 921 1983 sive
932 1947 1092 1995 faciant
1113 1947 1286 1983 homines
1308 1947 1495 1982 iusticiam

183 2004 260 2041 Dei
300 2005 379 2041 sive
422 2005 593 2049 audiant,
638 2018 710 2041 non
743 2005 852 2054 quasi
893 2005 1002 2040 inviti
1031 2005 1190 2040 audiant
1234 2005 1294 2040 vel
1326 2005 1496 2053 faciant,

182 2063 250 2099 sed
282 2075 332 2099 ex
364 2063 555 2099 desiderio
588 2063 730 2107 cordis,
769 2063 944 2112 quoniam
979 2075 1088 2098 omne
1119 2063 1256 2098 honum
1291 2064 1392 2111 quod
1423 2075 1495 2098 non

128 2127 169 2158 30
183 2132 233 2156 ex
270 2133 403 2156 amore
435 2121 552 2170 ipsius
583 2121 672 2157 boni
691 2121 848 2170 faciunt
882 2121 1051 2156 homines
1083 2121 1281 2171 ingratum
1323 2128 1378 2156 est
1410 2128 1497 2156 ante

184 2179 321 2214 Deum.
363 2179 470 2214 Unde
501 2179 692 2215 Dominus
718 2191 793 2228 per
823 2179 1035 2215 Johannem
1069 2190 1141 2214 non
1175 2190 1304 2214 omnes
1337 2179 1497 2214 vocabat

182 2237 383 2285 adpotum
405 2237 473 2272 sed
495 2238 759 2272 tantummodo
781 2237 955 2273 sicientes
977 2237 1125 2272 dicens.-
1162 2236 1240 2285 Qui
1269 2236 1347 2271 sitit
1372 2236 1497 2271 veniat

182 2294 234 2329 ad
265 2306 323 2329 me
354 2301 389 2329 et
420 2295 531 2330 bibat.
568 2295 730 2342 Esfflno,
779 2294 909 2342 inquit
952 2293 1235 2340 Crisostomus‚
1281 2294 1383 2342 quod
1423 2306 1495 2329 non

184 2352 261 2388 sine
294 2352 448 2388 racione
487 2352 606 2388 dixit:
644 2353 792 2388 esurire
829 2352 1015 2388 iusticiam
1052 2359 1087 2388 et
1121 2352 1238 2388 sitire.
1286 2351 1358 2386 Ille
1382 2352 1497 2399 forte

127 2414 167 2446 35
183 2410 301 2445 esurit
345 2410 533 2446 iusticiam
578 2411 641 2458 qui
682 2411 888 2446 secundum
941 2410 1128 2445 iusticiam
1180 2409 1258 2444 Dei
1302 2409 1497 2445 desiderat

184 2468 410 2503 conversari
430 2468 531 2516 quod
565 2475 619 2503 est
652 2468 748 2503 recti
777 2468 928 2513 cordis:
959 2468 1037 2503 sitit
1070 2475 1194 2502 autem
1218 2467 1405 2502 iusticiam
1435 2467 1499 2515 qui

253 2623 291 2651 13.
312 2625 356 2651 A:
378 2625 550 2652 diuturnus.
631 2632 673 2656 10-
692 2625 721 2652 A
741 2625 771 2652 in
793 2632 906 2659 marg.:
927 2624 1128 2662 Augustinus.
1211 2623 1258 2651 26.
1279 2624 1308 2651 A
1327 2624 1358 2651 in
1379 2632 1493 2658 marg:

186 2658 410 2692 Crisostomus‚·
428 2659 468 2686 ib.
489 2661 532 2687 A:
555 2659 616 2686 Dei
633 2656 728 2686 deest.

257 2752 308 2784 17.
335 2742 453 2774 Matth.
479 2743 520 2782 V,
547 2743 578 2774 6.
691 2753 740 2785 19.
766 2743 952 2784 Augustini
978 2743 1029 2774 De
1055 2753 1157 2773 serm.
1183 2742 1288 2773 Dorn.
1316 2742 1350 2772 in
1376 2747 1495 2773 monte

184 2788 206 2819 1.
234 2798 262 2819 c.
287 2799 320 2829 p.
352 2788 425 2830 167.
581 2798 634 2820 22.
659 2788 737 2820 Joh.
764 2790 820 2829 IV,
849 2790 908 2830 343
936 2789 991 2829 IV,
1023 2798 1073 2829 14.
1221 2787 1275 2820 26.
1302 2788 1369 2830 Op.
1398 2789 1494 2829 Imp„

184 2834 206 2865 1.
234 2844 261 2865 c.
289 2844 366 2877 790.
466 2836 519 2867 32.
543 2834 623 2867 Joh.
651 2835 719 2875 Vll,
748 2836 801 2877 37.

1338 2892 1355 2922 3
