2003 3322
156 825 192 845 10

156 1103 191 1134 15

153 1402 167 1422 2
174 1403 193 1422 O

153 1972 194 2003 30

211 185 300 212 CAP·
321 176 429 229 an]
724 188 864 219 PRIMA
892 187 1018 218 PARS.
1735 211 1782 246 22
1798 212 1811 243 3

208 293 248 329 in
298 293 371 330 hac
422 293 500 329 fide
544 292 748 339 deficiunt,
801 293 891 329 ideo
937 291 1050 329 malis
1094 291 1225 340 primo
1270 290 1514 339 pertinenter

210 350 407 398 queritur:
441 351 484 386 Si
513 363 585 401 ego
618 351 821 397 Dominus,
855 351 917 386 ubi
947 357 1002 386 est
1033 350 1150 386 timor
1182 349 1318 385 meus?

266 409 450 444 Secundo
482 408 556 445 sic:
598 407 774 453 Quilibet
806 407 847 444 in
880 407 1079 444 eleccione
1111 406 1264 455 positus
1297 406 1400 442 inter
1432 407 1512 441 duo
1542 420 1568 440 2.
1588 413 1710 454 Loving
1729 422 1787 442 our

209 467 325 502 debet
369 478 413 502 ex
459 466 634 502 naturali
679 465 841 502 racione
886 465 1030 513 eligere
1069 464 1197 512 magis
1235 465 1400 510 bonum,
1445 463 1514 500 sed
1557 456 1783 511 ϋξῗξεᾞζζζῇῐξρ

208 524 357 560 habens
398 523 607 560 inimicum
649 532 705 560 est
737 523 890 571 positus
929 523 1033 559 inter
1071 523 1163 569 duo,
1202 522 1263 559 vel
1300 530 1344 558 ut
1381 521 1514 570 ipsum
1569 518 1767 581 thanhingting

208 581 318 617 odiat
354 581 416 617 vel
453 589 497 617 ut
535 581 666 629 ipsum
706 581 865 629 diligat;
911 593 1005 628 ergo
1044 581 1161 616 debet
1204 579 1350 627 eligere
1389 578 1515 626 magis
1704 574 1709 580 ’

208 640 376 685 bonum3
429 639 498 675 sed
538 651 582 675 ex
621 639 698 675 fide
736 647 773 675 et
818 637 1066 687 experiencia
1105 637 1231 686 magis
1270 639 1420 674 bonum
1460 644 1518 673 est

208 696 373 744 diligere
416 696 645 742 inimicum3
691 709 784 744 ergo
823 697 973 733 habens
1012 695 1220 732 inimicum
1262 696 1381 732 debet
1419 694 1518 730 illud

208 753 353 802 eligere
391 762 429 790 et
467 753 576 790 aliud
610 754 760 791 malum
795 753 1010 790 dimittere.
1057 753 1162 799 Quia
1195 761 1329 790 autem
1364 751 1518 788 inimici

208 810 376 847 dileccio
418 811 467 847 sit
508 812 650 848 melior
688 824 809 860 quam
844 811 926 848 eius
959 811 1111 855 odium,
1160 819 1269 859 patet
1303 808 1517 858 multiplici

207 868 380 905 racione.
414 871 514 906 Nam
549 869 716 906 dileccio
749 870 902 906 confert
935 869 1024 917 plus
1058 868 1190 905 anime
1223 880 1345 917 quam
1378 867 1517 904 odium

208 928 315 975 quod
362 936 560 974 angustat.
622 927 778 963 Inimici
825 926 992 963 dileccio
1032 935 1090 962 est
1132 926 1310 963 medium
1357 924 1519 962 evidens

207 993 250 1020 ut
283 993 488 1021 convertat
521 985 560 1020 in
593 984 818 1021 amiciciam
854 984 1084 1032 inimicum3
1118 993 1155 1020 et
1178 983 1245 1020 illa
1269 982 1438 1020 victoria
1462 991 1519 1019 est

208 1041 410 1078 facillima.
1344 1084 1346 1087 Ι

264 1099 406 1136 Tercio
440 1108 571 1136 autem
606 1099 790 1136 amicicia
824 1099 894 1136 Dei
928 1108 964 1136 et
996 1098 1343 1147 supereminencia
1376 1097 1517 1147 premii
1534 1106 1559 1134 3.
1586 1107 1634 1136 To
1654 1108 1723 1149 loye
1742 1116 1800 1136 our

207 1170 277 1205 per
309 1159 384 1194 hoc
416 1157 654 1206 adquiritur.
704 1157 802 1203 Quis
842 1170 936 1205 ergo
975 1158 1119 1193 stultus
1151 1156 1251 1192 illud
1284 1156 1516 1203 dimitteret,
1533 1144 1809 1206 quffeyossflgssffe

208 1214 433 1263 specialiter
467 1228 556 1251 cum
590 1214 809 1252 inimicicia
843 1223 1125 1251 momentanea
1159 1223 1517 1263 quantumcunque

208 1272 296 1321 quis
337 1281 478 1321 potens
512 1272 629 1309 fuerit
662 1286 802 1320 parum
838 1273 878 1309 in
911 1272 1184 1309 delectacione
1217 1272 1403 1320 proficiat
1435 1271 1518 1308 vin-

208 1330 381 1367 dicanti?

265 1388 410 1424 Tercio
449 1388 727 1437 principaliter
767 1388 949 1437 arguitur
990 1401 1060 1436 per
1099 1389 1174 1425 hoc
1208 1389 1316 1437 quod
1350 1386 1519 1436 quilibet

209 1454 350 1494 potens
389 1446 558 1483 faciliter
591 1447 798 1495 acquirere
833 1446 906 1483 sibi
941 1446 1230 1483 beatitudinem
1265 1454 1302 1482 et
1335 1444 1519 1493 deperdit

208 1504 334 1552 ipsam
370 1504 492 1551 gratis
526 1513 690 1552 propter
723 1504 1065 1552 complacenciam
1101 1512 1427 1541 momentaneam
1462 1511 1519 1539 est

209 1563 258 1598 ad
297 1562 633 1610 dampnacionem
673 1562 973 1599 racionabiliter
1012 1562 1293 1610 increpandus.
1344 1562 1421 1598 Sed
1464 1560 1519 1596 sic

209 1628 266 1655 est
307 1620 354 1655 de
392 1619 460 1656 illo
499 1619 567 1668 qui
606 1620 728 1668 gratis
767 1620 896 1657 oderit
936 1619 1158 1656 inimicum.
1205 1622 1309 1667 Ergo
1347 1620 1423 1655 hoc
1462 1627 1520 1655 est

153 1691 168 1711 2
210 1677 508 1714 racionabiliter
547 1690 569 1713 a
608 1677 786 1726 quolibet
819 1678 1067 1726 fugiendum.
1112 1679 1376 1726 Assumptum
1410 1685 1519 1725 patet

210 1747 253 1770 ex
286 1736 361 1771 hoc
395 1735 615 1783 evangelio.
651 1738 750 1772 Nam
777 1748 847 1784 per
870 1737 945 1772 hoc
969 1735 1194 1784 specialiter
1219 1735 1520 1772 constituuntur

210 1792 393 1829 homines
427 1793 497 1829 Dei
543 1793 612 1829 filii
653 1793 776 1841 patris
815 1793 887 1839 sui,
939 1794 1029 1830 ideo
1070 1796 1127 1838 (ut
1167 1795 1265 1830 bene
1304 1801 1417 1829 notat
1457 1792 1520 1829 hic

209 1850 466 1898 Augustinus)
502 1850 749 1898 evangelium
789 1864 869 1887 non
909 1851 1004 1888 dicit
1037 1851 1131 1900 quia
1164 1851 1257 1887 estis
1291 1850 1363 1887 filii
1396 1850 1520 1899 patris

209 1907 340 1954 vestri,
374 1907 465 1945 ideo
498 1908 650 1956 diligite
683 1908 867 1945 inimicos
900 1917 1065 1955 vestros,
1101 1910 1170 1945 sed
1204 1908 1354 1956 diligite
1388 1908 1520 1944 inimi-

210 1977 277 2002 cos
307 1974 472 2012 vestros,
506 1974 548 2002 ut
581 1966 665 2002 sitis
695 1966 765 2002 filii
789 1967 913 2015 patris
946 1967 1077 2003 vestri.
1112 1969 1192 2003 Nec
1222 1966 1387 2003 dubium
1412 1965 1518 2002 fideli

210 2023 307 2071 quin
339 2023 461 2072 aliqui
493 2024 567 2060 sint
595 2024 686 2074 filii,
726 2032 814 2060 tunc
846 2026 1026 2069 heredes;
1069 2037 1159 2061 cum
1193 2036 1286 2072 ergo
1316 2037 1396 2060 non
1429 2036 1519 2072 pos-

212 2093 348 2117 sumus
388 2094 470 2118 esse
512 2081 582 2117 filii
617 2081 687 2118 Dei
727 2082 943 2132 naturales)
988 2095 1068 2119 non
1101 2090 1281 2130 superest
1314 2082 1519 2130 quomodo

210 2138 407 2186 possimus
452 2152 535 2176 esse
581 2139 650 2175 filii
688 2139 762 2176 nisi
802 2140 871 2176 filii
911 2139 1121 2176 imitatorii
1161 2140 1201 2176 in
1241 2138 1419 2176 moribus
1459 2139 1520 2175 vel

211 2198 318 2244 quod
359 2196 398 2232 in
438 2196 542 2233 idem
584 2205 700 2233 sonat
732 2197 815 2234 eius
849 2197 919 2233 filii
953 2197 1143 2246 adoptivi.
1190 2197 1302 2234 Sicut
1335 2210 1428 2245 ergo
1462 2205 1520 2233 est

154 2259 169 2290 3
211 2253 414 2290 evidencia
456 2254 559 2302 patri
599 2256 706 2302 quod
746 2255 834 2303 quis
868 2255 917 2291 sit
951 2255 1033 2291 eius
1067 2255 1172 2291 filius
1206 2263 1242 2291 et
1276 2263 1404 2291 mater
1436 2254 1519 2291 eius

211 2324 291 2347 non
326 2312 522 2358 meretrix,
557 2313 664 2360 quod
698 2314 746 2349 ad
770 2313 883 2348 illum
907 2313 1052 2349 habeat
1075 2312 1380 2349 similitudinem
1405 2321 1519 2350 natu-

212 2369 350 2416 ralem,
383 2369 437 2405 sic
471 2378 527 2406 est
551 2371 774 2417 exemplum
801 2370 839 2406 in
863 2383 942 2418 quo
959 2370 1139 2407 Christus
1162 2370 1244 2407 falli
1268 2384 1349 2407 non
1372 2370 1520 2418 poterit

212 2428 318 2474 quod
363 2427 450 2475 quis
499 2427 548 2463 sit
593 2427 677 2463 eius
724 2428 828 2464 filius
867 2428 1094 2476 adoptivus,
1143 2428 1174 2464 si
1214 2428 1345 2476 ipsum
1387 2440 1519 2476 pense-

211 2493 395 2521 veranter
427 2485 467 2521 in
491 2485 670 2522 moribus
694 2485 887 2532 imitetur,
922 2485 1015 2534 quia
1038 2485 1130 2522 licet
1154 2485 1288 2534 gracia
1311 2485 1502 2534 predesti-

281 2674 305 2702 3.
327 2676 355 2703 A
381 2676 412 2703 in
439 2683 551 2711 marg:
580 2684 607 2704 2.
717 2685 762 2704 20.
795 2678 823 2704 A
856 2678 885 2705 in
920 2686 1032 2713 marg:
1207 2686 1244 2706 αι.
1278 2679 1322 2705 Α;
1356 2678 1519 2714 deperdat.

212 2708 255 2744 32,
276 2709 319 2737 33.
341 2710 380 2737 B:
402 2712 555 2746 quomodo
575 2719 679 2738 sumus
699 2713 765 2739 eius
776 2711 853 2746 filii,

283 2794 312 2826 3.
338 2794 417 2825 Mai.
444 2795 467 2835 1,
496 2796 548 2828 30.
