2003 3322
181 246 258 285 328

187 371 245 400 We
265 375 347 399 must
366 373 437 397 note

212 409 261 434 the
282 406 424 433 different

212 441 371 474 meanings
391 440 425 466 of

236 475 341 502 words
362 475 392 501 in

228 510 397 544 Scripture.

886 255 1004 287 OPUS
1030 255 1364 287 EVANGELICUM
1543 243 1648 298 [CAl‘.
1669 251 1776 280 xxm.

528 361 602 398 Hic
633 374 793 398 necesse
827 370 883 398 est
917 361 1053 397 fideles
1093 374 1164 409 pro
1203 361 1405 398 intellectu
1445 361 1536 398 fidei
1576 370 1613 398 et
1649 361 1776 409 logice

469 419 760 467 scripturarum
776 428 918 456 notare
934 419 1264 468 equivocaciones
1279 421 1506 456 verborum.
1529 419 1776 468 Augustinus

469 477 575 513 enirn
605 477 868 514 necessitatur
900 489 942 513 ex
976 478 1050 513 hac
1073 477 1150 513 fide
1172 477 1369 525 scripture
1393 477 1574 526 accipere
1597 477 1777 525 predica-

469 535 625 572 cionem
653 537 871 572 secundum
899 547 1073 581 causam,
1106 537 1324 571 secundum
1349 548 1471 584 quam
1495 534 1775 583 accepcionem

467 594 606 629 oculus
638 601 806 630 vocatur
837 593 1026 637 intencio,
1068 592 1161 641 quia
1195 606 1216 629 a
1248 593 1391 629 virtute
1424 592 1557 629 anime
1595 592 1810 641 procedit5

467 650 656 696 intencio,
681 660 718 687 et
740 660 850 687 tanta
875 650 1080 698 congeries
1103 663 1271 699 operum
1296 664 1373 699 que
1402 653 1626 699 procedunt
1650 650 1774 687 eciam

466 717 631 745 vocatur
669 708 708 745 in
750 708 858 745 vario
897 718 1079 756 tempore
1119 721 1263 756 corpus
1302 721 1323 745 a
1364 708 1552 755 Domino,
1598 718 1634 745 et
1678 709 1777 744 tales

466 766 766 814 predicaciones
799 768 1019 803 secundum
1054 779 1214 803 causam
1250 779 1410 803 necesse
1434 775 1491 803 est
1513 767 1687 803 volentes
1720 765 1777 801 in-

469 823 647 872 telligere
679 824 920 873 scripturam
961 836 1215 872 cognoscere.
1263 826 1344 860 Nec
1384 824 1573 872 magister
1611 823 1778 872 quilibet

466 881 573 929 ipsas
624 882 766 919 fundat
818 884 885 918 sed
939 882 1127 930 magister
1186 882 1362 930 optimus
1415 882 1612 918 Dominus
1667 883 1777 918 Jesus
1798 896 1836 916 10

468 939 665 977 Christus.
697 942 745 976 Et
779 939 885 977 iuxta
919 939 1169 977 consimilem
1204 939 1554 988 equivocacionem
1583 948 1778 977 vocantur

467 1010 590 1046 opera
613 998 768 1046 peccati
796 999 960 1034 tenebre
993 1006 1030 1034 et
1062 1010 1185 1046 opera
1214 997 1421 1034 meritoria
1444 999 1515 1034 lux
1536 998 1573 1034 in
1596 998 1776 1044 Domino,

467 1056 569 1092 sicut
602 1065 639 1092 et
672 1068 790 1092 cause
824 1068 976 1101 eorum,
1012 1065 1055 1092 ut
1087 1064 1195 1104 patet
1223 1055 1524 1101 Johannis1110,
1556 1068 1616 1103 ¹9-
1650 1058 1778 1092 Immo

467 1126 588 1150 omne
639 1116 748 1162 quod
808 1113 1087 1150 manifestatur
1139 1123 1176 1150 et
1228 1113 1327 1150 illud
1379 1114 1419 1150 in
1472 1114 1583 1150 cuius
1633 1113 1779 1150 virtute

466 1171 598 1220 ipsum
652 1171 932 1209 manifestatur
982 1181 1147 1208 vocatur
1195 1172 1271 1217 lux,
1327 1180 1368 1208 ut
1410 1180 1519 1220 patet
1560 1172 1835 1208 secundum15

467 1230 705 1277 Apostolum
730 1230 829 1278 Eph.
854 1231 920 1268 V0.
950 1232 998 1266 Et
1020 1229 1128 1266 iuxta
1152 1230 1398 1266 conformem
1425 1229 1777 1278 equivocacionem

467 1300 590 1336 opera
629 1287 804 1324 hominis
835 1296 1030 1325 vocantur
1063 1289 1225 1334 umbra3
1266 1300 1342 1336 que
1381 1300 1504 1336 opera
1542 1287 1629 1336 ipsa
1667 1287 1778 1336 prin-

468 1345 632 1394 cipiam,
666 1354 708 1382 ut
741 1346 987 1394 Augustinus
1026 1346 1170 1394 allegat
1207 1346 1445 1394 Apostolum
1487 1346 1586 1383 Coll.
1621 1347 1682 1382 ΙΙΙ.
1729 1347 1777 1382 Et

467 1412 576 1451 patet
620 1405 826 1452 quomodo
878 1412 987 1440 recta
1030 1403 1207 1441 intencio
1251 1403 1415 1440 viatoris
1460 1412 1517 1440 est
1561 1404 1626 1440 lux
1676 1416 1777 1451 opus

467 1474 583 1497 suum
608 1461 842 1500 iustificans.
861 1463 1031 1510 Oportet
1055 1461 1160 1498 enim
1177 1463 1286 1511 quod
1310 1462 1374 1497 lux
1396 1463 1531 1509 operis
1555 1462 1775 1498 secundum
1795 1474 1836 1495 20

466 1519 740 1556 intencionem
778 1519 982 1568 operantis
1021 1521 1071 1556 ad
1109 1528 1260 1556 rectum
1296 1520 1489 1556 honorem
1524 1519 1595 1556 Dei
1629 1520 1778 1565 redeat,

468 1586 505 1613 et
539 1590 629 1613 cum
665 1591 686 1614 a
720 1577 922 1626 personali
955 1577 1172 1614 affeccione
1212 1577 1330 1614 fuerit
1372 1577 1577 1626 eclipsata,
1617 1589 1778 1614 necesse

468 1644 525 1671 est
558 1644 600 1671 ut
634 1645 767 1672 causet
799 1637 1005 1672 tenebram
1038 1635 1280 1672 intencionis
1303 1635 1462 1682 iniuste,
1497 1635 1621 1672 immo
1653 1644 1697 1672 ut
1730 1634 1779 1671 sit

467 1693 554 1741 ipsa
578 1695 761 1740 tenebra;
787 1702 823 1730 et
847 1693 963 1730 istam
989 1693 1343 1742 equixocacionem
1376 1706 1421 1730 ac
1445 1693 1618 1741 logicam
1644 1692 1779 1729 fideles

467 1759 616 1788 attente
649 1751 913 1788 addiscerent.
1795 1754 1835 1786 25

526 1808 796 1846 Crisostomus
820 1818 953 1846 autem
978 1822 1097 1858 super
1119 1809 1195 1846 isto
1218 1818 1325 1846 textu
1348 1809 1404 1847 sic
1427 1809 1625 1858 loquitur:
1650 1809 1779 1852 Prius,

467 1866 608 1915 inquit,
636 1880 944 1904 commemorare
966 1869 1146 1904 debemus
1167 1868 1254 1917 quia
1285 1881 1357 1904 non
1381 1869 1428 1903 de
1449 1867 1649 1916 corporali
1670 1867 1779 1903 oculo

468 1925 637 1974 loquitur
667 1938 796 1962 sermo
829 1938 896 1962 nec
929 1927 975 1961 de
1007 1927 1078 1962 hoc
1110 1938 1277 1975 corpore
1306 1926 1409 1974 quod
1441 1925 1594 1961 videtur
1614 1925 1781 1974 aforis,-

467 1983 634 2031 alioquin
668 1983 852 2020 dixisset:
883 1985 927 2019 Si
947 1984 1079 2020 oculus
1108 1991 1194 2020 tuus
1216 1996 1333 2020 sanus
1346 1983 1476 2032 fuerit
1500 1991 1566 2019 aut
1587 1983 1777 2033 infirmus,

467 2053 565 2076 nunc
597 2049 723 2077 autem
756 2042 925 2091 simplex
957 2050 992 2078 et
1024 2054 1183 2090 nequam
1219 2042 1371 2078 dicitur.
1406 2042 1493 2077 Non
1526 2041 1623 2077 enim
1657 2041 1780 2076 omnis
1796 2045 1837 2076 30

467 2098 531 2146 qui
560 2099 765 2149 benignum
799 2100 949 2136 oculum
985 2100 1110 2146 habet,
1144 2099 1294 2136 omnino
1327 2112 1468 2148 corpus
1500 2099 1579 2135 eius
1611 2099 1778 2135 lucidum

468 2164 535 2202 est,
581 2169 647 2193 nec
679 2158 801 2193 omnis
833 2158 897 2206 qui
926 2158 1140 2208 malignum
1175 2158 1326 2194 oculum
1359 2158 1484 2204 hahet,
1529 2169 1670 2205 corpus
1702 2156 1780 2192 eius

467 2214 502 2249 in
536 2215 702 2251 tenebris
734 2223 799 2252 est.
854 2216 957 2260 Quid
988 2216 1119 2252 enim?
1163 2215 1206 2251 Si
1236 2216 1441 2265 benignum
1475 2215 1626 2251 oculum
1668 2214 1781 2250 habet

468 2280 503 2307 et
534 2273 745 2322 infirmum,
778 2274 963 2323 numquid
994 2286 1136 2322 corpus
1168 2273 1246 2309 eius
1278 2274 1313 2309 in
1347 2273 1488 2309 lumine
1519 2273 1603 2308 est?
1642 2272 1717 2307 Aut
1747 2272 1782 2308 si

469 2331 682 2380 malignum
714 2339 749 2367 et
777 2344 927 2382 sanum,
966 2331 1149 2380 numquid
1181 2343 1322 2380 corpus
1350 2331 1428 2367 eius
1450 2331 1485 2366 in
1509 2330 1673 2366 tenebris
1696 2330 1835 2366 estP‘o'S

468 2388 582 2438 Ergo
615 2401 757 2437 corpus
790 2402 861 2425 non
895 2403 917 2425 a
939 2390 1050 2437 foris
1081 2389 1150 2425 sed
1186 2389 1348 2435 abintus,
1383 2389 1423 2424 id
1454 2395 1522 2436 est,
1560 2388 1780 2437 corporalis

468 2454 615 2481 nature.
664 2447 843 2483 Lucerna
875 2455 1001 2483 autem
1035 2447 1113 2483 eius
1145 2454 1200 2482 est
1232 2459 1349 2491 mens,
1390 2459 1465 2495 per
1503 2458 1615 2494 quam
1650 2446 1778 2481 anima

468 2504 571 2539 videt
608 2504 746 2541 Deum.
806 2505 913 2540 Unde
947 2505 1066 2541 Jacob
1106 2505 1230 2541 Israel
1276 2505 1492 2553 appellatus
1536 2512 1602 2540 est.
1655 2503 1781 2539 Israel

468 2569 594 2597 autem
628 2562 824 2599 Hebraice
855 2563 1137 2612 interpretatur
1176 2575 1280 2599 inens
1320 2562 1451 2598 videns
1483 2563 1622 2598 Deum.
1672 2562 1780 2597 Post-

539 2763 558 2781 1.
581 2756 607 2782 A
629 2755 656 2781 in
680 2763 793 2788 marg:
813 2753 987 2786 ‚Iohannem
1017 2754 1056 2781 ib.
1079 2755 1122 2780 A:
1144 2754 1210 2780 Hec
1229 2761 1350 2780 necesse
1369 2755 1425 2779 esl.
1535 2761 1559 2787 7.
1581 2753 1624 2779 A:
1652 2755 1780 2779 vocatur

469 2789 564 2816 dces-t.
640 2798 677 2823 ¹7-
701 2789 818 2816 Gadda
840 2789 984 2817 membra,
1058 2788 1103 2815 36.
1126 2790 1169 2815 A:
1191 2789 1220 2815 si
1238 2789 1367 2815 abintus.

544 2872 579 2903 16
607 2879 639 2903 ct
671 2871 719 2903 18.
745 2872 824 2903 vide
851 2882 964 2914 supra.
1063 2871 1114 2903 26.
1143 2872 1210 2913 Op.
1240 2871 1333 2912 Imp„
1363 2871 1381 2902 1.
1410 2881 1438 2902 c.
1466 2881 1498 2912 p.
1523 2869 1600 2901 816.
