2003 3322
189 194 280 222 CAP.
299 185 410 239 xm]
665 196 876 228 SECUNDA
903 197 1028 228 PARS.

188 301 350 350 spiritus
396 311 440 338 ut
481 302 681 347 albumen,
733 311 769 338 et
813 310 956 338 natura
1007 314 1078 337 sua
1130 301 1261 337 divina
1313 314 1389 349 que
1442 311 1498 337 est

187 372 343 396 summe
374 359 564 396 nutritiva
596 359 770 395 hominis
802 368 845 395 ut
877 359 1052 405 vitellus;
1093 368 1128 395 et
1161 359 1215 395 sic
1248 359 1377 407 prima
1411 372 1497 406 per-

187 430 285 453 sona
331 426 462 454 movet
501 425 649 465 petere,
696 417 826 453 media
866 429 1036 464 persona
1076 426 1209 453 movet
1249 429 1416 464 querere
1461 425 1497 452 et

187 475 310 511 tercia
338 487 510 522 persona
544 483 675 511 movet
708 475 915 511 hominem
949 475 999 510 ad
1031 475 1288 522 pulsandum.

154 535 170 568 5
244 534 291 568 Et
335 528 464 580 potes't
509 531 702 580 applicari
755 532 1025 568 hereticorum
1078 531 1283 568 sentencia
1328 531 1368 567 in
1420 532 1496 567 hoc

186 589 350 626 dictum.
403 591 572 635 Quando
617 590 723 626 enim
768 589 896 626 fidelis
943 589 1305 625 communicandus
1349 601 1495 636 panem

184 648 372 694 postulat,
413 647 561 684 scilicet
600 647 857 683 eukaristiam
899 659 975 695 que
1021 656 1077 683 est
1124 646 1238 695 panis
1284 648 1497 694 supersub-

184 704 399 751 stancialis,
439 713 482 740 ut
520 705 583 740 hic
617 717 660 741 ex
694 705 770 741 fide
809 704 1062 752 supponitur,
1098 704 1296 740 hereticus
1328 703 1496 752 porrigit

184 761 257 797 sibi
292 765 348 807 (ut
381 762 478 799 false
511 762 637 810 fingit)
662 762 774 810 peius
807 775 927 810 quam
960 762 1150 810 lapidem,
1185 762 1278 811 quia
1311 761 1496 798 accidens

131 834 169 854 10
183 819 266 855 sine
298 820 477 856 subiecto
504 821 565 856 vel
597 833 721 855 unum
757 819 864 856 aliud
883 819 956 856 sibi
989 819 1238 867 incognitum
1271 819 1350 855 sive
1382 819 1494 866 nihil,

184 885 221 912 et
253 878 365 925 peius
398 878 437 913 in
460 877 583 914 calice
607 890 724 926 quam
758 886 984 925 serpentem
1013 878 1075 914 vel
1104 890 1301 914 venenum
1331 877 1496 925 aliquod

183 934 481 983 assignandum.
516 937 593 971 Sed
622 936 709 971 laus
740 935 789 971 sit
812 937 908 981 Deo,
942 935 1141 972 hereticus
1166 935 1240 971 iste
1261 947 1343 971 non
1366 943 1496 982 potest

183 1001 339 1029 mutare
372 1002 588 1038 creaturas,
628 993 729 1029 sicut
770 993 983 1029 verbaliter
1015 993 1111 1029 false
1144 993 1276 1040 fingit3
1324 1000 1361 1028 et
1393 992 1495 1028 sicut

182 1050 324 1086 fratres
369 1059 539 1098 pascunt
583 1051 792 1099 populum,
840 1050 907 1098 qui
952 1050 1028 1086 illis
1074 1052 1242 1087 credunt
1289 1062 1379 1086 cum
1424 1049 1493 1086 tali

129 1107 312 1156 15lapide
357 1118 393 1144 et
438 1108 507 1144 tali
554 1109 684 1144 toxico
728 1108 956 1156 serpentino
996 1108 1090 1156 quia
1129 1121 1219 1144 cum
1265 1107 1407 1153 heresi,
1454 1116 1495 1144 ut

180 1174 289 1213 patet
327 1167 375 1202 de
413 1165 559 1214 triplici
594 1166 842 1214 blasphemia
887 1166 1070 1213 fratrum,
1117 1168 1164 1202 de
1197 1165 1494 1214 preeminencia

180 1223 380 1260 oracionis
412 1223 596 1271 specialis
628 1236 749 1272 supra
781 1223 1013 1260 oracionem
1047 1223 1306 1273 dominicam,
1341 1225 1388 1259 de
1416 1223 1494 1259 fide

181 1280 347 1318 ecclesie
385 1290 521 1318 sancte
560 1282 757 1318 catholice
797 1294 888 1318 cum
929 1281 1071 1318 ceteris
1110 1281 1317 1318 heresibus
1350 1280 1493 1329 quibus

180 1348 350 1385 pascunt
394 1339 609 1387 simplices,
662 1339 718 1376 sic
763 1348 959 1388 quantum
1005 1341 1055 1375 ad
1101 1339 1276 1375 edulium
1321 1347 1492 1386 pascunt

124 1410 165 1431 20
180 1409 247 1432 eos
286 1409 375 1432 cum
411 1397 642 1443 mendaciis,
677 1397 855 1433 ludicriis
895 1406 931 1433 et
964 1396 1053 1433 aliis
1087 1397 1230 1433 fabulis
1262 1409 1333 1444 per
1365 1405 1490 1432 artem

180 1453 328 1490 diaboli
361 1455 614 1495 machinatis,
659 1457 707 1491 Et
740 1455 815 1491 ista
847 1464 903 1491 est
937 1454 1121 1491 subtilior
1153 1455 1308 1491 cautela
1343 1453 1491 1490 diaboli

178 1511 419 1558 introducta,
461 1512 554 1560 quia
586 1525 658 1560 per
690 1514 765 1549 hoc
803 1522 895 1549 sunt
929 1512 1111 1549 homines
1145 1512 1213 1561 qui
1253 1512 1383 1548 forent
1422 1511 1492 1547 filii

180 1569 251 1605 Dei
290 1578 496 1618 tamquam
537 1571 718 1607 membra
756 1570 906 1607 diaboli
945 1570 1151 1607 intoxicati
1191 1579 1228 1606 et
1260 1569 1488 1606 verificatur

179 1628 254 1663 hoc
288 1627 519 1664 metricum:

122 1689 161 1721 25
334 1686 479 1722 Toxica
513 1687 720 1722 verborum
749 1686 881 1734 perdit
913 1692 1056 1721 mentes
1083 1685 1333 1735 populorum.

236 1742 408 1790 Fingunt
437 1743 540 1779 enirn
564 1752 773 1792 tamquam
802 1743 921 1779 fidem
966 1742 1204 1779 catholicam
1240 1743 1348 1790 quod
1386 1754 1492 1790 papa

1703 200 1777 233 401

1538 596 1655 631 Heresy
1676 604 1708 623 as
1728 601 1758 623 to

1528 631 1578 657 the
1599 631 1763 658 eucharist.

177 1812 269 1836 suus
292 1800 341 1836 sit
357 1810 478 1849 caput
499 1800 733 1837 universalis
756 1801 920 1837 ecclesie
945 1809 981 1837 et
1004 1800 1080 1848 ipsi
1103 1800 1250 1848 singuli
1265 1800 1326 1836 vel
1348 1800 1487 1836 saltem
1505 1807 1643 1835 Fictions
1671 1807 1706 1834 of
1728 1808 1779 1835 the

178 1870 248 1893 sua
282 1858 473 1895 medietas
506 1859 588 1894 eius
621 1860 814 1904 membra,
849 1867 886 1895 et
925 1871 1012 1895 cum
1048 1871 1120 1894 nec
1153 1857 1283 1894 sciunt
1321 1858 1490 1894 fundare

179 1917 284 1952 hanc
324 1928 406 1952 esse
444 1916 563 1952 fidem
604 1916 781 1963 ecclesie,
821 1929 911 1952 cum
951 1929 970 1952 a
1012 1915 1210 1963 probabili
1249 1915 1299 1951 sit
1331 1915 1488 1960 falsum,

123 1980 164 2012 30
178 1985 251 2009 nec
269 1973 309 2008 in
325 1973 401 2010 ista
416 1973 651 2010 infidelitate
668 1983 925 2010 monstruosa
941 1975 989 2010 ab
1014 1973 1150 2021 aliquo
1166 1982 1223 2009 est
1246 1974 1488 2021 sperandum

179 2040 216 2066 et
238 2031 340 2068 forte
363 2043 407 2067 ex
429 2031 682 2068 involucione
704 2044 775 2068 sua
807 2032 847 2067 in
876 2031 1042 2068 crimine
1064 2040 1272 2079 tamquam
1307 2030 1489 2067 diabolus

178 2101 283 2125 nunc
323 2090 507 2137 desperat
555 2089 619 2125 ille
658 2089 725 2138 qui
764 2089 910 2125 dicitur
948 2089 1217 2125 communiter
1250 2101 1333 2124 esse
1364 2100 1488 2136 papa:

178 2145 243 2182 ille
290 2159 382 2194 ergo
426 2147 548 2183 frater
590 2147 658 2195 qui
696 2147 869 2183 seminat
908 2146 1004 2183 istos
1043 2147 1190 2182 nedum
1230 2146 1384 2194 lapides
1423 2147 1490 2181 sed

178 2215 340 2250 venena,
373 2204 530 2241 videtur
559 2217 642 2241 esse
665 2204 778 2252 peior
800 2217 921 2253 quam
945 2204 1127 2240 homines
1150 2216 1249 2252 quos
1272 2202 1491 2251 alloquitur

124 2265 163 2298 35
180 2261 243 2297 hic
295 2262 489 2308 Christus,
547 2275 637 2299 cum
691 2262 871 2299 Christus
930 2261 1119 2309 supponit
1171 2263 1277 2309 quod
1337 2262 1489 2297 nollent

179 2319 343 2355 fratrem
375 2332 490 2356 suum
524 2320 565 2355 in
597 2320 673 2356 isto
704 2319 918 2368 temporali
952 2319 1103 2356 cibario
1127 2319 1378 2355 defraudare.
1413 2319 1490 2354 Sed

179 2376 243 2413 isti
287 2390 368 2413 non
414 2377 557 2414 timent
604 2378 644 2414 in
687 2377 885 2425 spirituali
924 2378 1012 2413 cibo
1057 2376 1189 2413 anime
1227 2378 1398 2413 ducente
1440 2377 1490 2412 ad

180 2434 383 2471 diabolum
423 2435 607 2483 decipere
639 2436 779 2472 fratres
818 2448 924 2481 suos,
963 2447 1036 2471 nec
1075 2443 1205 2483 potest
1238 2436 1343 2470 Deus
1383 2433 1489 2470 fideli

180 2492 220 2528 in
252 2492 327 2529 ista
359 2492 462 2529 iusta
494 2493 694 2541 peticione
727 2493 909 2538 deficere,
944 2492 1051 2540 quia,
1080 2501 1123 2528 ut
1146 2492 1326 2528 Christus
1360 2490 1490 2539 arguit

121 2564 166 2594 40
180 2550 347 2586 Matthei
368 2552 431 2596 VI,
468 2552 533 2596 28,
567 2563 637 2599 per
669 2552 801 2587 locum
835 2564 856 2586 a
896 2550 1040 2587 maiori
1073 2550 1181 2598 quod
1213 2549 1245 2585 si
1277 2550 1385 2585 Deus
1416 2561 1489 2584 non

252 2750 271 2768 1.
293 2741 329 2768 B:
351 2744 380 2769 et
399 2742 549 2769 albumen.
622 2741 646 2768 5.
661 2742 689 2768 A
704 2742 733 2768 in
751 2748 847 2775 marg.
860 2750 866 2766 t
880 2740 959 2768 Nota
976 2741 1014 2767 de
1027 2740 1242 2767 Eucharistia.
1316 2746 1354 2766 21.
1369 2740 1412 2766 A:
1429 2739 1488 2766 ista

181 2779 223 2803 est
242 2776 337 2804 deest.
428 2776 468 2804 25.
489 2778 517 2803 A
536 2776 566 2803 in
589 2784 703 2811 marg.:
733 2775 849 2802 Versus.
947 2782 989 2808 27.
1011 2776 1055 2801 A:
1077 2775 1160 2809 capit
1179 2777 1288 2809 caput;
1307 2774 1348 2801 ib.
1370 2776 1414 2801 A:
1437 2774 1491 2809 qui

180 2811 307 2847 singuli.
378 2809 420 2838 35.
440 2812 483 2838 A:
505 2811 554 2837 hic
576 2810 668 2837 deest.

1307 2856 1349 2889 20

1539 1842 1631 1869 friars
1652 1850 1686 1869 as
1706 1846 1737 1869 to

1560 1878 1609 1904 the
1630 1885 1721 1912 pope.
