2003 3322
193 218 269 255 232
862 228 980 259 opos
1005 228 1339 259 EVANGEMCUM
1565 216 1674 270 [CAP.
1697 225 1789 252 Lxu.

202 339 292 366 Good
313 338 372 378 anfi
394 338 451 377 oad
542 332 589 368 Ut
626 332 709 369 sitis
735 333 817 383 filii
843 333 973 382 patris
1007 333 1127 369 vestri
1156 333 1220 382 qui
1250 334 1370 370 solem
1402 346 1513 370 suum
1554 333 1654 369 iubet
1692 333 1793 369 oriri

205 373 442 443 ⁵¹3552ss¹¹¹gk0e021n
478 402 596 439 super
634 390 750 427 bonos
788 398 824 427 et
861 391 985 427 malos
1023 398 1058 427 et
1091 391 1193 439 pluit
1231 403 1348 440 super
1386 391 1505 428 iustos
1544 398 1579 427 et
1618 391 1787 427 iniustos.

188 442 465 505 {iiisl-ig‘jinliicttrsoe
485 448 605 483 Caute
631 449 761 497 posuit
793 448 921 484 dicens
952 460 1070 497 super
1101 449 1219 485 iustos
1242 456 1276 485 et
1298 449 1470 495 iniustos,
1502 456 1537 485 et
1572 461 1643 485 non
1673 460 1791 498 super

190 512 242 539 but
262 516 294 539 to
314 499 457 539 different¹
479 505 639 541 iniustos
661 513 701 541 ut
723 506 854 550 iustos,
871 506 958 555 quia
980 506 1106 542 omnia
1130 507 1226 542 bona
1250 507 1356 543 Deus
1380 519 1451 543 non
1470 514 1639 556 propter
1661 518 1792 542 omnes

285 547 372 574 ends.
480 563 651 599 homines
683 564 750 599 dat
780 576 898 613 super
935 571 1084 600 terram
1128 564 1197 600 sed
1236 571 1402 613 propter
1438 576 1585 613 paucos
1625 571 1789 600 sanctos.

485 620 693 657 Contentus
732 629 787 657 est
819 622 931 665 enim,
971 628 1011 656 ut
1043 629 1271 670 peccatores
1302 629 1436 658 contra
1470 622 1648 658 meritum
1680 634 1790 658 suum

480 679 585 714 bonis
607 679 684 715 Dei
695 679 906 727 fruantur,
939 686 979 714 ut
1011 679 1101 715 iusti
1121 691 1233 727 quam
1262 687 1302 715 ut
1327 679 1417 715 iusti
1447 687 1581 716 contra
1613 679 1790 715 meritum

479 748 588 772 suum
623 749 644 772 a
676 737 783 773 bonis
814 737 893 773 eius
915 736 1177 785 fraudentur.
1218 737 1404 773 Similiter
1436 744 1471 773 et
1502 737 1653 786 quando
1691 737 1793 773 Deus

479 806 501 829 a
530 794 800 843 peccatoribus
832 795 1026 840 irritatur,
1060 795 1358 844 castigacionem
1391 807 1500 831 suam
1536 807 1607 831 non
1627 801 1793 844 propter

480 864 610 888 omnes
641 852 812 888 homines
845 852 958 888 mittit
989 852 1058 888 sed
1086 860 1252 901 propter
1273 853 1376 889 solos
1394 859 1633 902 peccatores,
1666 859 1791 887 tamen

480 910 668 957 equaliter
705 917 740 946 et
780 910 898 946 iustos
943 910 1068 960 tangit
1118 911 1439 958 quemadmodum
1479 917 1514 946 et
1552 917 1790 959 peccatores.

481 968 581 1003 Nam
621 968 945 1016 quemadmodum
984 968 1020 1003 in
1058 968 1165 1003 bonis
1205 980 1277 1004 non
1315 975 1474 1017 separat
1510 975 1738 1017 peccatores
1769 979 1791 1002 a

480 1025 602 1071 iustis,
641 1025 694 1061 sic
728 1038 794 1062 nec
826 1026 862 1061 in
895 1025 1008 1061 malis
1039 1033 1198 1074 separat
1230 1026 1350 1062 iustos
1381 1039 1403 1061 a
1432 1025 1715 1075 peccatoribus.
1750 1025 1791 1060 In

480 1083 586 1118 bonis
611 1090 838 1132 peccatores
871 1096 893 1118 a
926 1083 1034 1119 iustis
1068 1096 1140 1120 non
1171 1091 1342 1132 separat,
1366 1096 1410 1120 ne
1432 1083 1607 1133 separati
1627 1095 1790 1133 cognos-

479 1148 567 1176 cant
604 1153 644 1176 se
681 1141 846 1178 abiectos
879 1153 958 1177 esse
990 1148 1024 1177 et
1058 1142 1260 1190 desperent
1294 1142 1340 1177 de
1370 1154 1411 1177 se
1443 1142 1478 1177 in
1512 1141 1636 1188 malis,
1671 1141 1791 1177 iustos

479 1199 782 1248 apeccatoribus
801 1212 873 1235 non
891 1206 1062 1248 separat,
1087 1212 1131 1235 ne
1153 1199 1328 1248 separati
1348 1206 1586 1249 cognoscant
1598 1210 1639 1235 se
1653 1198 1793 1234 electos

480 1264 515 1292 et
550 1256 786 1307 glorientur,
827 1257 998 1293 maxime
1035 1269 1119 1292 cum
1154 1269 1220 1293 nec
1252 1257 1364 1293 malis
1403 1258 1498 1293 bona
1527 1263 1695 1306 prosunt
1725 1257 1794 1292 secl

481 1321 640 1350 noceant
664 1315 805 1365 magis,
839 1327 905 1351 nec
928 1315 1034 1350 bonis
1058 1315 1160 1350 mala
1185 1321 1345 1351 noceant
1366 1315 1435 1353 sed
1452 1322 1620 1364 prosunt
1652 1314 1791 1364 magis.

481 1373 582 1407 Nam
617 1372 718 1408 male
750 1373 919 1408 viventes
953 1373 1043 1408 dum
1072 1373 1167 1408 bona
1187 1372 1422 1422 percipiunt,
1455 1374 1507 1408 ad
1534 1372 1792 1421 preiudicium

479 1442 589 1466 suum
619 1430 840 1479 percipiunt
873 1437 908 1467 et
940 1430 1029 1466 boni
1059 1431 1148 1465 dum
1182 1431 1284 1466 mala
1312 1431 1535 1480 paciuntur,
1567 1431 1619 1466 ad
1642 1430 1793 1466 lucrum

481 1488 627 1524 iusticie
660 1488 739 1524 eius
766 1488 959 1537 procedit.
996 1490 1078 1524 Hec
1112 1487 1397 1526 Crisostomus.

203 1562 304 1590 Three
324 1570 451 1589 reasons
540 1545 643 1590 Quia
684 1545 772 1582 finis
812 1545 1025 1582 cuiuslibet
1066 1545 1248 1586 doctrine
1288 1546 1515 1594 evangelice
1556 1547 1671 1582 debet
1710 1558 1794 1582 esse

206 1597 456 1659 foretll‘gssffegsffm
482 1603 627 1640 caritas
652 1616 697 1640 ac
725 1616 908 1640 summus
941 1605 1089 1652 gradus
1122 1603 1301 1640 caritatis
1325 1612 1382 1640 est
1406 1604 1571 1652 diligere
1594 1603 1793 1649 inimicos,

482 1661 639 1698 videtur
672 1661 866 1709 proficere
900 1662 1008 1710 quod
1043 1661 1119 1697 ista
1152 1662 1321 1698 materia
1354 1663 1402 1698 de
1437 1662 1640 1710 diligendo
1665 1661 1795 1697 inimi-

199 1733 219 1752 ι.
242 1723 418 1763 Οὺεάῇεηεο
439 1728 468 1750 to
484 1731 552 1755 cos
592 1719 798 1755 recencius
837 1719 877 1755 in
917 1719 1112 1755 memoria
1153 1720 1368 1765 habeatur3
1413 1719 1504 1756 ideo
1544 1719 1709 1768 quidam
1752 1731 1794 1755 ex

272 1758 386 1786 Christ.
485 1777 691 1825 evangelio
721 1786 757 1813 et
782 1777 931 1813 sanctis
956 1777 1188 1813 doctoribus
1212 1778 1343 1814 adhuc
1367 1777 1570 1814 racionem
1594 1776 1793 1826 triplicem

481 1835 746 1883 collegerunt:
794 1834 925 1883 prima
958 1834 1125 1883 quilibet
1158 1835 1339 1871 subditus
1373 1848 1445 1871 suo
1479 1835 1646 1871 domino
1679 1836 1795 1871 debet

480 1893 609 1929 facere
643 1893 751 1941 quod
794 1893 981 1929 dominus
1022 1892 1086 1929 ille
1127 1892 1311 1941 precipit,
1352 1894 1445 1929 dum
1487 1892 1657 1930 faciliter
1697 1893 1793 1928 illud

480 1951 610 1987 facere
649 1950 796 1998 poterit
837 1959 874 1987 et
907 1951 1057 1987 factum
1092 1964 1173 1987 non
1206 1951 1323 1987 fuerit
1358 1959 1497 1987 contra
1531 1953 1679 1997 Deum;
1727 1951 1794 1986 sed

481 2008 676 2054 Christus,
712 2010 818 2045 Deus
852 2009 987 2054 homo,
1023 2008 1085 2044 hic
1109 2008 1279 2057 precipit
1303 2008 1466 2056 diligere
1500 2008 1723 2054 inimicum,
1758 2016 1795 2044 et

481 2067 604 2102 homo
644 2074 787 2114 potest,
818 2066 915 2102 illud
955 2066 1099 2113 facere,
1147 2079 1236 2102 cum
1271 2066 1320 2102 sit
1354 2066 1544 2115 operacio
1576 2065 1794 2103 voluntatis

481 2136 502 2159 a
543 2124 701 2160 Christo
735 2133 771 2160 et
804 2124 892 2160 aliis
926 2125 1163 2172 exemplata,
1199 2137 1293 2172 ergo
1327 2125 1448 2161 homo
1483 2126 1598 2161 debet
1632 2123 1795 2172 diligere

481 2181 703 2220 inimicum.
748 2184 1010 2230 Assumptum
1052 2190 1161 2230 patet
1202 2195 1243 2218 ex
1285 2181 1319 2218 vi
1354 2182 1587 2218 obediencie
1621 2181 1795 2218 Domino

482 2239 674 2276 faciende.
716 2240 756 2276 Si
791 2240 895 2276 enim
933 2252 996 2276 rex
1029 2240 1089 2276 vel
1122 2249 1303 2276 terrenus
1336 2240 1523 2276 dominus
1557 2239 1795 2276 formidatus

482 2296 708 2333 faciendum
763 2297 934 2345 precipit
987 2306 1023 2333 et
1067 2310 1201 2334 servus
1247 2310 1340 2334 suus
1385 2297 1483 2334 illud
1532 2298 1681 2334 efficiat
1726 2310 1795 2345 pre

481 2354 639 2400 timore,
675 2364 826 2403 quanto
860 2355 999 2403 magis7
1035 2355 1067 2390 si
1091 2355 1272 2392 Christus
1306 2356 1385 2392 tale
1410 2349 1625 2404 precipiatss
1660 2367 1795 2392 revera

481 2425 561 2448 non
579 2413 736 2449 videtur
754 2413 962 2449 excusacio
978 2413 1053 2448 nisi
1074 2413 1288 2449 infidelitas
1304 2426 1382 2462 qua
1402 2413 1577 2450 creditur
1593 2413 1793 2449 Christum

482 2470 558 2506 hoc
602 2484 682 2506 non
724 2470 930 2518 precipere
968 2471 1029 2507 vel
1067 2470 1225 2507 timoris
1260 2471 1469 2508 maioritas
1503 2484 1581 2519 qua
1614 2480 1796 2507 terrenus

483 2527 668 2564 dominus
709 2540 868 2564 summo
904 2528 1082 2564 Domino
1122 2529 1209 2577 plus
1249 2528 1433 2573 timetur3
1479 2537 1516 2564 et
1556 2528 1648 2577 quia
1683 2527 1796 2565 multi

552 2716 584 2734 Η.
613 2707 634 2734 Ρ)
662 2708 805 2742 corrigit:
840 2707 1056 2742 equanimiter.
1172 2716 1206 2738 1¹.
1235 2715 1271 2735 12.
1306 2708 1342 2735 B:
1377 2708 1630 2743 quemadmodum
1663 2724 1693 2728 -
1728 2717 1798 2736 nam

483 2742 575 2768 deest.
650 2742 687 2774 15,
711 2747 750 2769 ιι).
775 2743 818 2769 A:
840 2744 975 2769 aot'eclos
998 2758 1026 2761 —
1046 2743 1189 2777 separati
1207 2746 1399 2777 cognoscant
1419 2751 1450 2769 se
1473 2743 1568 2770 deest.
1654 2751 1696 2770 22.
1719 2745 1745 2770 A
1767 2745 1795 2770 in

483 2785 595 2811 marg:
617 2775 786 2804 Jolmnnes.
885 2785 930 2809 24.
954 2779 996 2804 A:
1021 2778 1094 2811 quia
1209 2779 1254 2803 26.
1277 2778 1305 2804 A
1326 2778 1353 2804 in
1378 2786 1490 2811 marga
1518 2778 1644 2811 Triplex
1665 2778 1751 2805 racio
1773 2786 1796 2805 1.

482 2812 525 2837 28.
550 2815 573 2838 Α
597 2811 625 2838 in
649 2819 762 2845 marg:
798 2812 876 2838 Nota
907 2816 969 2838 tres
998 2812 1140 2839 raciones
1165 2813 1247 2847 quod
1272 2811 1412 2839 dehemus
1439 2812 1579 2839 inimicos
1609 2812 1745 2849 diligere
1771 2813 1800 2840 si

481 2846 601 2881 aliquos
621 2846 826 2873 habuerimus.

1815 864 1851 883 10

1814 1144 1848 1175 15

1813 1724 1851 1754 25

1811 2013 1827 2044 3
1833 2024 1853 2042 0

1812 2301 1851 2333 35
