2003 3322
191 205 280 233 CAP.
301 195 424 249 XLVI]
705 206 845 237 PRIMA
872 206 998 237 PARS.

192 313 306 350 nobis
340 313 506 349 dictum.
540 314 581 348 In
611 312 757 348 talibus
781 320 912 348 autem
939 310 1158 359 requiritur
1181 319 1345 359 propter
1368 323 1507 346 eorum

193 371 473 407 difficultatem
508 369 755 417 incognitam
791 368 963 417 Spiritus
998 368 1133 406 Sancti
1175 367 1373 414 doctrina,
1418 368 1509 404 ideo

192 441 352 465 necesse
386 437 443 464 est
474 427 669 464 viatorem
704 427 806 464 iuste
837 426 966 463 vivere
992 428 1098 474 quod
1123 435 1256 474 posset
1290 425 1330 461 in
1362 425 1508 463 talibus

193 487 350 523 casibus
383 485 561 534 recipere
584 486 688 521 hanc
712 485 953 521 doctrinam.
989 486 1072 532 Ego
1097 493 1232 521 autem
1255 496 1328 520 nec
1353 482 1508 519 diffinio

159 546 299 592 §quod
343 544 489 580 Paulus
534 542 712 591 peccavit
759 543 799 579 in
843 542 919 579 isto
965 543 1071 590 quod
1110 544 1335 578 Johannem
1383 541 1509 577 voluit

192 601 412 650 reliquisse,
445 614 518 637 nec
545 601 585 637 in
608 601 685 636 isto
710 602 816 648 quod
842 601 1047 636 Barnabas
1072 612 1207 636 secum
1233 608 1509 646 assumpserat

193 660 298 695 hunc
329 661 565 704 Johannem,
601 671 689 695 cum
724 658 773 695 sit
805 658 1016 706 probabile
1049 659 1156 706 quod
1182 659 1331 694 Sancto
1355 655 1508 705 Spiritu

192 726 306 753 erant
339 717 447 753 ducti
481 726 517 753 et
550 716 651 753 sicut
684 717 902 752 timentibus
928 716 1053 752 Deum
1089 716 1215 751 omnia
1250 722 1508 764 cooperantur

192 775 228 811 in
261 776 421 819 bonum;
452 774 508 810 sic
540 783 706 822 peccata
738 774 839 810 levia
872 773 902 810 si
936 786 1013 821 que
1045 773 1085 809 in
1118 774 1194 809 hoc
1218 772 1507 809 commiserant

140 850 178 872 10
192 834 454 881 postmodum
506 833 764 880 profuerunt3
818 831 919 868 sicut
962 831 1209 879 Augustinus
1263 829 1405 867 recitat
1458 831 1505 866 de

192 890 367 939 peccatis
411 890 596 938 gravibus
641 890 748 926 Petri
794 891 901 937 quod
949 902 992 925 ex
1045 888 1117 925 Dei
1162 888 1297 937 gracia
1341 887 1415 924 sibi
1469 897 1506 924 et

1723 195 1795 232 165

193 948 358 985 ecclesie
390 948 642 997 profuerunt.
677 949 754 984 Sed
789 947 891 983 absit
924 956 1088 995 propter
1112 947 1188 983 hoc
1212 947 1374 982 credere
1398 947 1505 993 quod
1521 951 1602 978 That
1622 951 1702 990 good
1728 959 1797 990 mqy

1521 994 1608 1013 come
1627 986 1659 1013 ot
1678 994 1735 1013 our
1750 995 1796 1013 sin

193 1005 281 1054 quis
326 1007 442 1042 debet
486 1006 621 1054 gracia
665 1005 783 1042 huius
824 1005 912 1041 finis
951 1006 1011 1041 vel
1050 1004 1189 1041 leviter
1230 1016 1397 1052 peccare
1437 1013 1505 1039 aut
1528 1025 1611 1048 must
1632 1026 1683 1048 not
1705 1022 1792 1048 make

193 1063 285 1112 quia
325 1073 489 1111 peccata
527 1064 628 1100 levia
668 1073 735 1100 aut
775 1063 910 1111 gravia
949 1063 1004 1099 sic
1042 1062 1198 1110 prosint
1237 1061 1506 1109 dampnandis

141 1121 284 1161 15lieet
316 1121 470 1169 prosint
503 1121 688 1164 ecclesie;
734 1121 825 1157 ideo
858 1122 1038 1157 notanda
1077 1129 1167 1156 sunt
1204 1121 1324 1156 verba
1357 1118 1506 1155 Christi

194 1179 337 1228 quibus
377 1179 472 1216 dicit
510 1180 545 1215 si
583 1180 721 1215 dexter
759 1179 889 1215 oculus
921 1179 1156 1231 scandeliqat
1188 1186 1234 1215 te.
1288 1180 1336 1213 Et
1377 1189 1507 1214 corre-

193 1239 441 1285 spondenter
464 1246 521 1273 est
543 1237 849 1285 intelligendum
875 1238 922 1272 de
947 1249 1069 1273 manu
1093 1245 1130 1272 et
1152 1237 1267 1284 pede,
1293 1237 1340 1271 de
1363 1234 1507 1283 quibus

194 1295 361 1331 Matthei
393 1296 527 1341 XVIII,
563 1296 606 1341 63
650 1308 723 1331 nec
755 1295 874 1331 refert
907 1294 988 1330 sive
1020 1293 1298 1341 intelligantur
1329 1305 1399 1341 per
1431 1292 1507 1329 ista

195 1353 272 1390 tria
316 1353 440 1389 virtus
478 1354 538 1389 vel
579 1352 766 1401 potencia
805 1361 873 1389 aut
913 1361 1024 1389 actus
1063 1364 1199 1388 earum
1249 1351 1329 1387 sive
1373 1350 1507 1398 aliqua

139 1428 180 1449 20
194 1411 273 1447 alia
305 1410 535 1447 substancia
557 1423 628 1459 per
651 1410 739 1447 illas
764 1419 896 1459 partes
930 1409 1106 1446 hominis
1143 1409 1297 1446 mistice
1322 1409 1505 1457 figurata,

196 1470 289 1504 dum
324 1478 460 1505 tamen
507 1478 795 1517 consequenter
839 1469 1058 1504 secundum
1097 1480 1253 1503 sensum
1293 1468 1506 1503 doctorum

195 1526 399 1563 residuum
433 1526 483 1563 sit
516 1527 712 1563 catholice
744 1526 1004 1563 intellectum.

674 1661 814 1702 CAP.
848 1661 1023 1703 XLVI.

253 1757 443 1805 Sequitur
474 1757 514 1794 in
546 1767 654 1794 textu
689 1757 901 1806 evangelii:
947 1757 1103 1793 Dictum
1137 1764 1193 1792 est
1224 1763 1373 1792 autem:
1411 1755 1503 1799 Qui-

140 1823 341 1864 25cunque
379 1816 568 1852 dimiserit
606 1828 770 1851 uxorem
808 1827 917 1851 suam
958 1816 1020 1850 det
1058 1815 1093 1850 ei
1134 1815 1303 1850 libellum
1338 1813 1502 1862 repudii.

196 1873 286 1924 Ego
318 1881 444 1909 autem
479 1874 562 1910 dico
596 1873 701 1909 vobis
734 1873 820 1921 quia
854 1873 976 1909 omnis
1008 1873 1072 1921 qui
1109 1872 1299 1908 dimiserit
1339 1882 1504 1907 uxorem

195 1943 304 1967 suam
338 1939 499 1980 excepta
532 1944 647 1967 causa
671 1931 957 1979 fornicacionis
980 1930 1085 1978 facit
1124 1942 1206 1966 eam
1241 1929 1425 1974 mechari‚
1472 1936 1506 1964 et

195 1989 260 2037 qui
290 1989 489 2025 dimissam
524 1989 683 2025 duxerit
713 1989 921 2024 adulterat.
969 1989 1063 2024 Post
1096 1987 1323 2024 doctrinam
1358 1985 1506 2022 Christi

196 2046 372 2094 priorem
417 2048 465 2083 de
510 2046 656 2083 virtute
701 2045 1004 2094 concupiscibili
1049 2045 1173 2081 tradit
1217 2052 1506 2092 consequenter

139 2113 180 2144 30
196 2104 419 2141 doctrinam
473 2105 521 2141 de
574 2103 835 2141 matrimonio
889 2112 1171 2151 consequente.
1234 2104 1362 2150 Super
1425 2114 1504 2150 quo

195 2162 459 2210 Augustinus:
495 2162 577 2198 Hec
609 2163 757 2198 iusticia
790 2162 918 2198 minor
944 2168 999 2197 est
1017 2161 1307 2210 phariseorum,
1339 2160 1401 2196 cui
1429 2171 1502 2195 non

196 2227 252 2256 est
290 2220 529 2256 contrarium
569 2221 670 2268 quod
701 2220 891 2256 Dominus
938 2219 1028 2254 dicit
1070 2219 1106 2254 in
1145 2219 1216 2254 hoc
1260 2219 1365 2254 loco:
1416 2218 1502 2252 Non

1522 1064 1557 1082 us
1579 1056 1658 1083 sliun
1680 1055 1726 1082 sin
1747 1057 1797 1083 the

1626 1091 1697 1117 less.

1596 1758 1727 1786 Christ's

1537 1793 1675 1833 doctrine
1695 1802 1728 1821 as
1749 1798 1779 1820 to

1582 1836 1743 1864 marrlage.

1552 2174 1755 2208 Augustine's

1576 2214 1742 2236 comment.

79 2286 160 2326 372⁸
196 2278 293 2313 enim
326 2278 390 2326 qui
420 2278 587 2327 precipit
615 2273 619 2329 Ι
648 2278 738 2313 dari
768 2277 936 2313 libellum
971 2276 1124 2325 repudii
1155 2277 1226 2312 hoc
1253 2276 1430 2324 precept
1463 2282 1503 2310 ut
1530 2277 1663 2305 Christ’s
1684 2279 1743 2306 law
1763 2279 1790 2306 is

196 2348 301 2372 uxor
330 2336 560 2382 dimittatur,
592 2336 661 2372 sed
683 2335 747 2383 qui
770 2335 970 2379 dimiserit,
1004 2335 1133 2383 inquit,
1168 2335 1230 2370 det
1253 2334 1311 2368 illi
1332 2333 1500 2368 libellum

140 2399 179 2432 35
197 2394 360 2442 repudii,
406 2401 446 2428 ut
488 2393 737 2429 temerariam
783 2392 1024 2428 iracundiam
1065 2391 1293 2441 proicientis
1337 2402 1501 2426 uxorem

197 2451 315 2487 libelli
345 2451 534 2501 cogitacio
567 2457 814 2500 temperaret.
856 2450 932 2494 Qui
962 2450 1085 2500 igitur
1108 2449 1324 2485 dimittendi
1352 2460 1503 2484 moram

196 2509 368 2557 quesivit,
413 2509 647 2559 significavit
679 2515 860 2557 quantum
888 2508 1017 2557 potuit
1055 2507 1164 2543 duris
1207 2506 1422 2543 hominibus
1466 2518 1506 2542 se

265 2697 299 2717 11.
320 2690 365 2717 A:
386 2697 424 2717 ex
443 2689 537 2716 deest.
615 2687 652 2716 31.
674 2689 703 2716 A
722 2688 753 2716 in
774 2696 888 2723 marg:
909 2687 1110 2724 Augustinus.

266 2773 296 2805 8.
322 2774 424 2805 Rom.
450 2774 538 2814 VIII,
567 2772 619 2805 28.
720 2783 768 2805 10.
796 2773 829 2804 S.
849 2772 1033 2814 Augustini
1054 2772 1145 2813 Opp.
1163 2778 1246 2802 tom.
1266 2771 1322 2811 IV,
1346 2771 1432 2803 1310
1450 2768 1505 2811 (ἓ).

199 2830 251 2856 24.
278 2820 396 2851 Matth.
423 2820 464 2860 V,
493 2821 545 2854 31.
643 2820 695 2852 31.
722 2819 773 2851 De
792 2829 953 2850 sermone
968 2818 1108 2850 Domini
1128 2819 1162 2848 in
1180 2823 1310 2857 monte,
1338 2827 1369 2858 p.
1395 2815 1505 2860 181s2.

1526 2317 1580 2340 not
1598 2318 1745 2349 contrary
1764 2318 1795 2341 to

1549 2347 1599 2374 the
1619 2348 1669 2374 old
1690 2349 1760 2383 laW,

1561 2382 1614 2409 but
1632 2382 1751 2418 higher.
