2003 3322
187 220 275 248 CAP.
298 210 366 265 ιι]
702 222 839 253 PRIMA
867 222 992 253 PARS.
1714 216 1786 253 185

189 329 348 379 penitus
380 341 422 365 se
454 327 640 365 abstinet.
676 329 936 365 Consuetudo
968 328 1128 365 iurandi
1160 340 1253 376 sepe
1289 329 1383 366 facit
1420 330 1501 367 labi

188 389 229 425 in
261 386 509 424 iuracionem
542 385 651 423 verbi
684 385 822 423 ociosi.
858 386 935 432 Qui
969 394 1103 423 autem
1126 387 1292 423 verbum
1322 387 1501 425 ociosum

188 446 282 483 licet
320 457 458 482 verum
505 444 677 481 iurando
716 445 844 480 Deum
890 452 1033 481 testem
1081 444 1243 482 adhibet
1287 445 1348 481 sui
1392 446 1501 483 verbi

70 514 151 555 374³
187 503 325 550 ociosi,
361 510 556 551 quantum
590 502 631 538 in
658 502 746 550 ipso
770 511 828 539 est
856 498 861 555 Ι
891 504 1019 539 Deum
1044 502 1208 539 deducit
1231 502 1271 539 in
1294 503 1500 540 accionem

155 561 366 602 Sociosam
401 569 439 597 et
470 573 628 605 vanam,
665 561 759 609 quia
782 560 822 596 in
843 560 954 597 verbi
984 560 1329 597 testificacionem.
1365 561 1500 598 Ociosi

188 628 323 657 autem
356 618 593 655 testificacio
626 631 707 655 non
739 626 870 667 potest
904 631 987 655 esse
1026 619 1101 655 nisi
1143 618 1293 665 ociosa,
1328 619 1430 656 sicut
1464 629 1500 656 et

188 678 320 726 ipsum
355 676 616 713 testificatum
651 685 707 713 est
741 676 937 713 ociosum.

246 734 451 781 Similiter,
491 734 559 783 qui
598 735 764 771 verbum
804 734 969 783 aliquod
1003 735 1079 771 fine
1117 735 1290 771 nocendi
1330 735 1501 772 iurando
1534 751 1594 780 We
1616 756 1699 779 must
1719 756 1771 778 not

189 793 367 830 eiusdem
409 792 607 829 sermonis
641 794 769 829 Deum
810 801 952 829 testem
994 792 1169 839 adhibet,
1220 802 1415 841 quantum
1461 793 1502 830 in
1546 786 1761 848 {sffnggdtgoa

135 851 276 900 1oipso
311 859 368 887 est
401 852 529 887 Deum
563 849 658 887 facit
690 860 917 897 nocentem,
952 851 1047 899 quia
1070 850 1138 898 qui
1166 860 1305 888 testem
1341 851 1502 888 adhibet
1551 855 1762 883 mischievous

189 908 408 946 assercioni
453 921 522 945 sue
567 910 617 944 ad
663 910 834 946 eundem
882 908 1003 945 finem
1051 917 1258 957 retorquet
1303 918 1340 946 et
1387 921 1500 946 suam
1614 890 1697 918 oath.

189 966 457 1004 assercionem
491 975 528 1003 et
559 965 670 1003 testis
703 965 873 1003 adhibiti
905 967 1250 1006 testificacionem.
1297 967 1501 1013 Similiter,

190 1026 515 1074 quandocunque
539 1037 670 1061 sermo
701 1025 942 1074 proponitur
977 1025 1054 1061 fine
1087 1024 1267 1062 indebito
1301 1034 1338 1062 et
1371 1025 1500 1062 eidem

190 1082 366 1120 sermoni
399 1081 611 1119 adhibetur
643 1085 749 1120 Deus
782 1083 892 1121 testis
925 1083 1108 1129 iurando,
1144 1092 1339 1132 quantum
1373 1093 1430 1120 est
1462 1083 1503 1119 in

138 1147 173 1180 15
191 1141 347 1177 iurante
369 1140 441 1178 Dei
465 1140 796 1178 testificacionem
827 1141 971 1189 polluit
1004 1141 1183 1178 indebito
1214 1150 1252 1178 et
1281 1141 1503 1189 incongruo

192 1199 270 1236 fine
316 1210 390 1235 nec
436 1207 568 1247 potest
613 1211 696 1236 esse
747 1199 831 1236 sine
878 1208 1058 1248 peccato,
1113 1199 1145 1235 si
1198 1198 1270 1236 Dei
1324 1199 1501 1248 aliquam

192 1255 492 1305 operacionem,
527 1256 594 1305 qui
628 1257 683 1293 nil
717 1257 812 1294 facit
841 1257 917 1294 nisi
936 1270 1007 1306 per
1030 1270 1230 1294 summam
1254 1257 1500 1306 sapienciam

194 1323 230 1352 et
263 1327 463 1351 summam
500 1314 717 1361 racionem,
772 1324 967 1363 quantum
1009 1324 1067 1352 est
1105 1315 1145 1351 in
1184 1324 1222 1352 te
1265 1315 1429 1352 deducis
1463 1315 1503 1351 in

193 1372 448 1409 ociositatem
485 1381 521 1408 et
544 1372 575 1408 si
600 1372 683 1409 eius
711 1373 994 1421 operacionem
1019 1373 1197 1422 aliquam
1222 1373 1289 1422 qui
1322 1374 1379 1409 nil
1410 1373 1505 1410 facit

136 1447 178 1469 20
192 1430 267 1467 nisi
301 1442 371 1478 per
403 1443 603 1467 summam
638 1431 924 1479 benignitatem
959 1431 1123 1468 deducis
1151 1431 1191 1467 in
1214 1431 1503 1480 malignitatem

194 1497 231 1525 et
258 1489 299 1525 in
328 1488 503 1536 aliquem
539 1488 658 1524 finem
684 1488 967 1537 incongruum,
1001 1502 1091 1526 cum
1124 1489 1165 1525 in
1197 1489 1282 1526 eius
1315 1489 1504 1538 operibus

193 1547 249 1583 nil
271 1546 320 1583 sit
351 1546 646 1595 inordinatum3
681 1560 761 1584 non
788 1548 918 1584 solum
944 1547 1080 1596 itaque
1103 1547 1240 1584 iurans
1263 1548 1407 1584 falsum
1435 1548 1504 1584 sed

194 1604 321 1642 eciam
355 1604 491 1641 iurans
524 1604 705 1641 ociosum
738 1606 798 1642 vel
830 1605 1050 1653 malignum
1075 1606 1135 1642 vel
1169 1604 1392 1654 incongruo
1426 1605 1503 1642 fine

192 1662 394 1710 prolatum
438 1662 512 1699 Dei
550 1662 610 1699 sui
648 1675 796 1699 nomen
836 1662 1004 1699 assumit
1043 1663 1083 1699 in
1122 1675 1284 1710 vanum,
1330 1663 1425 1712 quia
1464 1663 1504 1700 in

134 1725 174 1758 25
192 1719 326 1757 ocium
350 1721 410 1757 vel
432 1719 472 1756 in
495 1720 714 1768 malignum
738 1721 799 1757 vel
828 1720 1113 1769 incongruum3
1149 1729 1186 1758 et
1215 1721 1271 1758 sic
1303 1721 1503 1769 contingit

193 1777 471 1826 multipliciter
503 1778 673 1815 iurando
696 1778 904 1815 veritatem
936 1779 1140 1816 incurrere
1163 1779 1384 1828 periurium
1419 1779 1504 1816 sine

193 1837 338 1872 menda
370 1835 449 1873 sive
483 1836 751 1873 mendacium.

726 1995 863 2037 CAP.
895 1996 970 2036 LI.

249 2103 522 2140 Crisostomus
568 2112 702 2140 autem
748 2115 868 2151 super
915 2104 990 2140 hoc
1042 2112 1149 2140 textu
1201 2104 1394 2152 evangelii
1448 2104 1503 2141 ita
1537 2115 1770 2153 chrysostom’s

135 2166 177 2198 30
191 2161 344 2198 scribit:
383 2161 485 2198 Ecce
517 2168 696 2210 quartum
730 2162 969 2209 mandatum,
1002 2163 1104 2210 quod
1136 2162 1334 2198 minimum
1362 2169 1502 2211 putant
1563 2157 1741 2223 ξᾟᾞῗξζ

191 2219 306 2255 avari
325 2219 389 2267 qui
419 2219 511 2255 bene
542 2219 675 2256 iurare
697 2231 770 2255 non
788 2226 930 2269 putant
962 2231 1044 2256 esse
1067 2227 1285 2269 peccatum,
1317 2220 1398 2256 sine
1429 2232 1501 2268 quo
1570 2227 1684 2249 cannot
1705 2223 1741 2249 be

192 2289 265 2312 non
292 2283 421 2327 potest
451 2285 558 2313 stare
591 2278 689 2327 Iegis
721 2278 959 2316 mandatum.
1007 2278 1107 2313 Nam
1141 2278 1216 2314 nisi
1245 2278 1502 2314 iuramentum
1518 2257 1780 2328 sepagggpgrgfom

193 2335 461 2381 interdicatur,
486 2347 557 2372 non
575 2342 740 2385 possunt
762 2335 962 2384 amputari
977 2335 1169 2384 periuria.
1198 2336 1267 2372 Ex
1288 2336 1503 2372 iuramento

193 2392 289 2428 enim
319 2393 537 2441 periurium
569 2400 795 2443 generatur.
832 2393 955 2429 Nemo
989 2400 1043 2429 est
1072 2394 1170 2429 enim
1195 2394 1260 2442 qui
1270 2394 1506 2442 frequenter

136 2453 175 2486 35
194 2450 294 2486 iuret
327 2457 362 2486 et
393 2463 465 2486 non
498 2451 706 2500 aliquando
726 2450 915 2499 periuret.
951 2450 1004 2486 Et
1022 2458 1190 2500 propter
1222 2451 1293 2488 hoc
1324 2452 1504 2488 admonet

195 2508 400 2544 Salomon:
456 2509 529 2545 tNe
578 2520 778 2545 assuescas
828 2520 870 2544 os
922 2515 1028 2544 tuum
1075 2509 1314 2546 iuramento:
1361 2510 1504 2545 multus

263 2695 297 2714 11.
318 2688 362 2714 A:
393 2690 423 2714 et
441 2687 580 2714 eundem.
694 2688 796 2716 12-15.
824 2689 867 2715 A:
902 2688 1054 2715 Similiter
1073 2704 1105 2707 —
1125 2688 1376 2724 testfficacionem
1408 2689 1502 2716 deest.

193 2728 240 2783 ἐξ..
258 2722 477 2783 Βρζιῑ.αῇἔέαείς
508 2722 538 2749 in
568 2723 804 2759 malignitatem.
932 2730 979 2757 29.
1011 2724 1040 2750 A
1073 2724 1103 2750 in
1137 2731 1250 2758 marg:
1288 2723 1501 2751 Crisostomus.

265 2838 318 2872 29-
346 2829 413 2871 Op.
443 2830 539 2871 Imp„
566 2830 586 2863 l.
614 2840 641 2861 c.
668 2840 700 2872 p.
731 2829 809 2861 800.
908 2829 960 2863 36.
989 2830 1095 2862 Eccli.
1121 2830 1238 2870 XXIII,
1264 2840 1295 2874 9.
