2003 3322
211 193 300 221 CAP.
322 181 436 239 μνη]
679 195 892 227 SECUNDA
919 195 1046 226 PARS.
1731 186 1813 234 457

213 315 307 338 rara
360 301 520 338 veritate
571 302 820 341 commendet.
873 301 916 337 Si
957 308 1086 338 autem
1139 310 1329 350 nunquam
1383 301 1528 337 diceret

213 372 346 396 verum
392 372 458 396 nec
503 360 554 395 ad
596 359 887 408 temptacionem
929 366 1087 408 poterat
1114 359 1311 408 proficere
1350 359 1527 396 seduccio

211 418 302 455 eius.
356 418 546 454 Demonia
591 417 688 453 enim
722 417 858 453 eiciunt
901 417 937 453 in
982 416 1133 453 nomine
1169 416 1317 453 Christi
1347 417 1527 453 habentes

210 475 390 524 spiritum
423 475 576 513 inimici.
630 475 765 525 Magis
807 482 932 511 autem
978 487 1050 511 non
1096 474 1255 519 eiciunt;
1305 476 1375 510 sed
1406 474 1529 510 eicere

178 536 194 568 5
213 534 391 570 videntur
422 533 702 569 colludentibus
732 533 805 569 sibi
825 533 1048 569 demonibus
1069 532 1175 581 ipsis,
1210 539 1245 568 et
1268 532 1352 569 ideo
1374 544 1528 581 semper

211 592 347 628 eiciunt
390 598 425 627 et
468 603 659 641 nunquam
706 598 857 627 sanant.
911 591 1072 640 Semper
1103 598 1190 626 ante
1221 590 1308 626 illos
1349 590 1528 626 demones

212 649 322 698 quasi
351 649 534 699 castigati
563 649 733 685 clamant
764 656 799 684 et
832 660 1023 697 nunquam
1068 648 1178 697 quasi
1218 647 1391 684 timentes
1424 659 1527 684 rece-

213 708 315 744 dunt.
354 707 519 743 Faciunt
550 714 585 743 et
617 707 776 743 virtutes
805 707 1012 743 secundum
1046 718 1088 742 ea
1122 718 1192 755 que
1238 705 1410 742 diximus
1455 718 1527 742 non

213 765 319 801 utilia
352 772 387 801 et
419 764 634 801 necessaria
666 765 734 801 sed
767 764 915 800 inutilia
948 771 983 800 et
1016 776 1126 800 vana.

161 833 198 853 10
270 824 311 858 In
344 823 516 859 omnibus
548 822 671 872 igitur
714 823 922 858 secundum
967 822 1116 858 Christi
1140 829 1369 871 preceptum
1403 822 1529 858 discu-

213 881 336 917 ciendi
371 888 459 916 sunt
478 881 641 928 fructus
672 892 817 916 eorum.
866 880 908 915 Si
938 881 1033 916 bona
1076 880 1336 926 conversacio,
1369 887 1404 916 et
1436 891 1529 915 vera

212 938 414 987 confessio.
450 939 492 974 Si
521 945 646 975 autem
671 945 737 974 aut
768 937 957 987 consessio
996 937 1288 974 conversacioni
1325 951 1398 974 non
1439 949 1528 973 con-

213 996 359 1033 venerit
401 1003 466 1032 aut
497 996 748 1034 conversacio
787 995 1033 1045 confessioni,
1067 995 1254 1044 sallibilis
1298 1003 1363 1032 est.
1427 996 1530 1031 Tunc

212 1054 347 1090 iurabo
391 1054 467 1090 illis
498 1054 583 1103 quia
627 1054 751 1090 nescio
781 1054 848 1103 qui
876 1054 976 1090 estis.
1046 1054 1150 1089 Tunc
1186 1053 1390 1100 sustinebo,
1442 1053 1530 1102 quia

161 1109 403 1162 15grandem
450 1112 547 1147 iram
579 1112 746 1163 grandis
779 1112 916 1148 dilacio
944 1111 1158 1161 precedere
1190 1111 1309 1157 debet,
1344 1119 1379 1147 et
1409 1124 1530 1161 gran-

214 1170 273 1206 dis
305 1170 442 1206 dilacio
475 1170 609 1206 iustius
642 1169 747 1218 facit
786 1181 866 1206 esse
908 1169 1088 1206 iudicium
1126 1169 1203 1204 Dei
1233 1177 1267 1205 et
1311 1169 1529 1219 digniorem

213 1235 406 1264 interitum
436 1235 699 1277 peccatorum.

272 1286 474 1322 Sciendum
506 1286 593 1335 quia
620 1293 846 1335 peccatores
877 1285 994 1321 nescit
1031 1286 1150 1332 Deus,
1197 1285 1283 1333 quia
1322 1297 1388 1321 nec
1421 1284 1632 1335 digni-God
1654 1290 1728 1330 does
1750 1295 1802 1317 not

212 1351 300 1380 sunt
331 1350 369 1379 ut
391 1351 687 1394 cognoscantur.
722 1343 785 1380 Sic
816 1343 912 1380 enim
936 1350 971 1379 et
992 1342 1199 1392 Apostolus
1230 1343 1303 1378 ait:
1339 1342 1531 1393 Cognovit
1561 1326 1800 1388 Ῑξῇοζζρὸζὲξξζδ

159 1411 200 1432 20
214 1401 404 1438 Dominus
435 1401 501 1450 qui
528 1408 615 1438 sunt
647 1401 778 1451 ipsius,
823 1413 895 1437 non
941 1401 1029 1450 quia
1074 1413 1146 1437 non
1191 1400 1387 1452 cognoscit
1424 1400 1528 1450 ipsos
1543 1396 1817 1457 ngltmlgnffivdffiesm

213 1459 282 1496 sed
312 1459 399 1495 illos
429 1471 518 1495 suos
557 1471 638 1495 esse
669 1471 740 1496 non
774 1459 982 1509 cognoscit.
1029 1459 1119 1495 Ideo
1152 1459 1216 1507 qui
1240 1466 1407 1508 pereunt
1450 1470 1526 1496 non
1617 1473 1649 1492 as
1669 1464 1735 1492 His.

204 1518 372 1566 fuerunt
415 1517 530 1554 illius.
582 1518 658 1552 Aut
689 1518 876 1566 quomodo
909 1524 945 1553 te
977 1517 1083 1553 Deus
1114 1524 1337 1568 cognoscat,
1371 1528 1455 1552 cum
1489 1524 1527 1552 tu

215 1575 340 1611 Deum
365 1587 598 1625 cognoscere
625 1575 734 1612 nolis.
769 1575 874 1611 Sicut
896 1575 992 1611 enim
1017 1587 1146 1611 omnes
1178 1574 1348 1611 homines
1369 1581 1528 1610 natura-

216 1632 307 1668 liter
338 1641 574 1683 cognoscunt
605 1633 743 1678 Deum,
777 1645 850 1669 non
882 1640 1008 1669 autem
1055 1633 1230 1668 videntur
1264 1644 1354 1669 vere
1385 1644 1529 1683 cogno-

160 1690 199 1723 25
215 1702 336 1734 scere,
370 1690 456 1739 quia
489 1703 562 1726 non
596 1691 712 1741 digne
744 1691 884 1736 colunt,
917 1690 1015 1727 sicut
1045 1690 1150 1727 servi
1180 1690 1403 1737 Dominum,
1435 1690 1532 1726 sicut

204 1749 370 1797 factura
394 1748 609 1796 factorem,
653 1755 688 1784 et
730 1749 799 1785 hoc
843 1756 898 1785 est
927 1749 1134 1784 secundum
1168 1755 1347 1784 naturam
1380 1748 1530 1797 quidem

217 1818 463 1856 cognoscere,
497 1819 568 1842 non
601 1814 725 1842 autem
752 1807 958 1843 secundum
993 1807 1239 1842 voluntatem.
1274 1806 1337 1842 Sic
1368 1813 1403 1842 et
1424 1806 1533 1842 Deus

95 1877 179 1917 403⁸
217 1864 449 1900 naturaliter
491 1876 621 1900 omnes
664 1865 860 1915 cognoscit
886 1859 892 1917 Ι
919 1865 988 1901 sed
1024 1877 1097 1901 non
1142 1876 1205 1901 eos
1244 1864 1397 1900 videtur
1443 1876 1532 1900 vere

217 1934 462 1973 cognoscere,
510 1922 598 1971 quia
642 1935 715 1959 non
749 1934 810 1958 eos
858 1922 987 1973 diligit
1020 1922 1129 1970 quasi
1147 1923 1288 1971 factor
1309 1922 1530 1971 facturam,

161 1980 327 2028 30quasi
370 1980 546 2016 dominus
586 1981 773 2029 proprios
815 1992 961 2018 servos.
1014 1980 1068 2016 Et
1119 1981 1189 2016 hoc
1222 1986 1275 2016 est
1322 1980 1530 2016 secundum

218 2045 396 2073 naturam
430 2050 678 2088 cognoscere,
711 2051 783 2074 non
806 2039 1014 2074 secundum
1040 2038 1287 2082 voluntatem,
1311 2038 1397 2086 quia
1421 2050 1531 2074 omne

218 2095 361 2131 malum
395 2103 625 2132 extraneum
658 2104 714 2132 est
745 2109 767 2131 a
799 2096 896 2132 Deo.

274 2153 389 2189 Jurat
420 2161 546 2189 autem
584 2153 773 2201 Christus,
807 2166 878 2190 non
912 2161 953 2189 ut
975 2154 1175 2190 veritatem
1208 2166 1316 2190 suam
1341 2166 1531 2190 commen-

219 2212 281 2247 det
311 2212 379 2247 sed
411 2218 450 2246 ut
482 2212 787 2247 incredulitatem
821 2212 1081 2261 condempnet.
1136 2212 1222 2247 Non
1256 2212 1353 2248 enim
1392 2212 1427 2247 si
1457 2223 1529 2247 non

163 2269 201 2303 35
218 2269 406 2305 iuraverit
443 2269 631 2313 Christus,
664 2269 858 2315 mentitur,
892 2270 961 2306 sed
992 2277 1031 2305 ut
1063 2269 1121 2305 illi
1158 2270 1324 2319 amplius
1367 2270 1530 2318 confun-

220 2327 361 2362 dantur
373 2327 551 2378 firmiori
573 2339 766 2376 responso,
791 2328 966 2376 quoniam
989 2327 1055 2377 qui
1074 2328 1245 2363 mendax
1267 2335 1322 2363 est
1344 2327 1528 2363 neminem

214 2392 328 2434 putat
359 2385 486 2420 dicere
519 2385 718 2421 veritatem
752 2397 869 2434 neque
901 2385 1024 2435 ipsum
1060 2385 1197 2423 Deum.
1239 2385 1315 2429 Qui
1335 2385 1432 2422 enim
1456 2398 1529 2421 non

219 2443 442 2479 seduccione
474 2443 619 2479 diaboli
649 2444 830 2492 deceptus
861 2443 1045 2479 mentitur
1085 2444 1154 2479 sed
1179 2443 1381 2492 proposito
1426 2455 1529 2479 men-

289 2596 322 2622 11,
345 2595 382 2615 12.
403 2589 447 2615 A:
468 2591 498 2616 et
509 2596 582 2616 vera
598 2588 750 2625 confessio
765 2590 858 2617 deest.
938 2597 976 2625 12,
991 2588 1027 2618 13.
1043 2590 1082 2617 B:
1104 2589 1276 2617 conveniat.
1351 2597 1393 2623 14.
1408 2588 1527 2617 Codd.:

219 2624 291 2661 tunc
311 2630 406 2658 usque
425 2626 507 2650 tunc.
609 2623 647 2651 15.
668 2624 710 2651 A:
733 2625 866 2659 grande.
959 2633 1000 2659 ¹9-
1021 2625 1066 2652 A:
1084 2624 1171 2651 sicut.
1270 2631 1313 2651 22.
1334 2623 1526 2660 B:fuerant

219 2665 326 2691 ipsius.
421 2665 467 2692 27.
496 2657 536 2685 B:
566 2661 669 2685 autem
689 2658 788 2692 deest;
819 2659 860 2686 ib.
891 2660 919 2686 A
939 2659 969 2686 in
995 2667 1108 2693 marg:
1145 2658 1294 2694 cognicio
1328 2658 1387 2685 Dei
1415 2658 1530 2693 duplex

219 2691 383 2753 ῗεαηάιιέη
403 2695 547 2720 naturam
566 2696 596 2720 et
613 2693 778 2721 secundum
792 2694 984 2726 voluntatem,
1005 2696 1033 2721 et
1050 2694 1094 2721 sic
1113 2693 1258 2728 cognicio
1279 2693 1412 2721 lzominis
1426 2692 1529 2728 quoad

254 2734 319 2753 eum
339 2734 355 2753 e
370 2734 393 2753 c.

295 2807 344 2840 ις).
370 2798 407 2830 ΙΙ.
435 2798 526 2830 Tim.
555 2808 585 2839 2,
617 2809 666 2842 19.
