2062 3327
206 238 294 265 CAP.
318 229 385 282 ιν]
716 241 853 271 PRlMA
882 240 1007 272 PARS.
1764 244 1773 266 1
1792 243 1803 265 1

208 347 381 395 gravitas
415 356 450 382 et
483 349 695 382 verborum
730 359 805 394 que
846 359 889 382 ex
921 347 1087 394 proprio
1127 360 1195 383 ore
1227 348 1406 395 loquitur
1445 349 1521 397 sig-

206 405 371 442 nancius
411 413 468 440 est
507 405 698 447 notanda,
745 404 835 440 ideo
881 405 929 440 ad
968 406 1192 440 notandum
1234 405 1404 442 istorum
1437 420 1523 443 ver-

210 466 349 500 borum
375 462 629 510 gravedinem
654 463 777 498 fertur
800 464 908 510 quod
944 462 1122 499 Christus
1155 476 1196 499 os
1227 476 1336 499 suum
1370 466 1523 513 aperuit

207 523 279 558 ista
313 522 463 557 docens.
512 520 552 556 Si
587 519 692 556 enim
727 533 792 556 rex
824 529 1006 557 terrenus
1040 521 1100 557 vel
1134 520 1322 557 dominus
1356 531 1522 570 propter

175 579 190 610 '3
207 581 281 616 hoc
313 580 421 627 qnod
454 591 523 614 ore
555 578 721 626 proprio
745 577 799 614 ita
822 577 1002 626 loquitur
1026 587 1062 615 et
1084 591 1164 614 non
1186 591 1256 626 per
1290 579 1520 616 ministrum

206 637 266 674 vel
299 636 504 673 subditum
538 635 766 684 signancius
790 645 847 672 est
868 637 1083 682 notandus,
1108 645 1260 684 quanto
1295 637 1422 686 magis
1456 651 1521 675 rex

206 708 344 743 regum
379 703 416 731 et
449 694 635 730 dominus
669 693 970 730 dominancium
1003 693 1080 731 ista
1112 694 1304 742 loquens?

263 753 447 790 Secunda
481 765 600 788 causa
633 751 777 800 quesiti
800 752 933 788 taliter
965 751 1210 807 assignatur:
1246 755 1428 798 Quedam
1464 762 1522 790 est
1537 771 1561 790 2.
1583 763 1631 791 To
1652 763 1740 790 mark
1762 762 1811 789 the

206 810 444 847 excellencia
466 810 562 858 legis
588 810 720 858 gracie
739 823 860 858 supra
879 810 1006 858 legem
1030 818 1218 857 veterem,
1235 810 1327 847 licet
1350 820 1521 860 utraque
1606 805 1743 829 contrast

1624 844 1707 863 wcen
1728 836 1778 862 the

154 880 191 900 10
210 868 404 917 processit
437 869 484 905 ab
518 867 698 905 eiusdem
723 868 795 904 Dei
829 867 1033 916 sapiencia
1066 868 1222 905 infinita
1261 871 1370 917 quod
1403 878 1521 906 testa-
1545 838 1690 899 mgistmw
1711 870 1799 906 given

207 935 386 963 mentum
431 925 564 974 gracie
608 927 746 963 datum
793 935 850 962 est
894 939 937 963 ex
971 938 1039 962 ore
1085 935 1121 963 et
1152 939 1324 975 persona
1357 927 1522 976 propria
1549 905 1794 969 bytrhglglfftlgxxird

206 984 368 1021 Domini
400 983 612 1020 incarnati.
646 985 768 1020 Vetus
801 993 935 1021 autem
970 992 1256 1021 testamentum
1291 986 1430 1022 datum
1464 995 1522 1022 est
1554 975 1794 1047 ἕῑζξὲἑξὲἓῗξῦ

207 1042 378 1080 terrifice
402 1041 625 1078 ministerio
649 1043 883 1090 angelorum
910 1042 1016 1079 iuxta
1039 1042 1139 1078 illud
1162 1044 1414 1080 Hebreorum
1432 1045 1458 1090 Ι,
1483 1057 1493 1080 1
1513 1059 1520 1080 :

206 1101 503 1150 Multiplzariam
537 1100 739 1149 multisque
762 1101 885 1137 modis
908 1101 998 1137 olim
1020 1099 1130 1137 Deus
1162 1101 1317 1150 loquens
1344 1102 1524 1151 patribus

155 1159 242 1195 15in
282 1159 485 1208 prophetis
530 1158 734 1194 novissime
774 1159 906 1195 diebus
951 1159 1033 1195 istis
1077 1159 1227 1195 Iocutus
1259 1167 1315 1196 est
1348 1160 1454 1196 nobis
1487 1160 1522 1195 in

205 1217 318 1253 Filio.
353 1218 466 1253 Patet
489 1224 622 1252 autem
656 1217 787 1253 forma
820 1216 998 1253 dacionis
1021 1216 1118 1264 legis
1141 1217 1284 1254 veteris
1307 1217 1432 1254 Exodi
1455 1219 1524 1253 XX

209 1284 245 1312 et
267 1276 354 1311 Act.
379 1276 458 1310 VII.
493 1276 586 1311 Ideo
609 1276 659 1311 ad
692 1274 996 1322 exprimendum
1036 1274 1277 1311 familiarem
1312 1275 1522 1312 dacionem

208 1332 303 1381 legis
335 1332 466 1380 gracie
501 1332 564 1368 hic
598 1332 745 1369 dicitur
779 1333 887 1381 quod
915 1333 1095 1369 Christus
1127 1334 1305 1383 aperiens
1338 1346 1380 1370 os
1411 1346 1521 1370 suum

210 1391 369 1428 docebat
400 1403 464 1427 eos
497 1391 636 1426 dicens.

152 1459 192 1480 20
264 1448 407 1485 Tereia
463 1461 556 1485 vero
601 1448 710 1485 racio
756 1450 872 1484 datur
927 1448 1038 1485 talis:
1086 1450 1192 1485 Deus
1237 1449 1523 1498 compendiose
1544 1463 1571 1491 3.
1591 1465 1638 1492 To
1660 1466 1744 1492 shew
1765 1465 1814 1492 the

209 1519 434 1543 consonans
467 1506 543 1554 legi
576 1506 699 1542 veteri
732 1506 900 1542 destruit
924 1506 1095 1543 heresim
1130 1519 1199 1554 per
1231 1509 1351 1544 verba
1384 1507 1522 1544 huius-
1550 1500 1801 1564 mzeflffinssfflffff

210 1564 318 1601 modi
350 1564 391 1600 in
434 1565 509 1600 hac
554 1573 678 1612 parte.
724 1566 825 1601 Nam
873 1565 1033 1601 Psalmo
1078 1566 1262 1611 LXXVII,
1298 1576 1319 1601 2
1355 1566 1522 1602 dicitur:

206 1623 389 1672 Aperiam
423 1622 458 1658 in
485 1622 688 1672 parabolis
720 1635 762 1659 OS
794 1635 931 1658 meum.
967 1623 1126 1672 Loquar
1153 1624 1446 1673 proposiciones
1477 1624 1523 1660 ab

208 1681 330 1717 inicio.
370 1682 477 1716 Istud
510 1689 644 1717 autem
677 1680 825 1717 factum
859 1680 1005 1717 Christi
1040 1680 1210 1729 explicat
1243 1682 1330 1730 quis
1363 1690 1421 1719 est
1453 1682 1525 1718 iste

152 1740 189 1772 25
208 1738 275 1787 qui
306 1740 426 1775 verba
459 1738 695 1786 prophetica
726 1738 801 1775 ista
835 1738 948 1783 dicit;
999 1748 1036 1775 et
1076 1739 1192 1775 multi
1225 1748 1316 1776 sunt
1360 1739 1525 1777 heretici

208 1796 275 1845 qui
299 1796 588 1833 humanitatem
615 1796 762 1833 Christi
785 1796 904 1832 nimis
938 1796 1245 1844 superficialiter
1278 1798 1523 1846 concipiunt,

208 1854 276 1903 qui
309 1854 445 1890 dicunt
469 1856 577 1903 quod
609 1867 690 1891 non
724 1863 782 1891 est
815 1854 1005 1902 possibile
1038 1857 1167 1892 Deum
1202 1856 1436 1893 humanitus
1470 1856 1524 1893 ita

210 1912 334 1960 loqui,
370 1912 467 1949 moti
496 1925 539 1948 ex
572 1913 646 1949 hac
680 1912 904 1949 evidencia:
940 1915 1046 1949 Deus
1080 1926 1124 1949 ex
1157 1913 1234 1950 fide
1269 1923 1326 1951 est
1357 1914 1524 1951 omnino

208 1969 426 2006 immobilis
460 1971 528 2007 sed
574 1970 605 2006 si
638 1970 693 2006 sic
726 1971 958 2018 loqueretur
994 1971 1224 2019 parcialiter
1257 1972 1351 2021 quia
1383 1985 1524 2009 secun-

90 2027 170 2070 354“
209 2030 303 2064 dum
337 2028 442 2064 labia
484 2037 722 2074 moveretur,
756 2028 847 2065 ideo
878 2042 1040 2065 necesse
1069 2028 1074 2079 Ι
1102 2029 1175 2066 fuit
1210 2031 1319 2078 quod
1351 2029 1524 2078 Spiritus

209 2088 378 2123 Sanctus
413 2085 476 2122 hic
509 2086 701 2123 insereret
734 2086 852 2123 istam
886 2087 1080 2135 formam3
1125 2096 1161 2124 et
1197 2101 1285 2124 cum
1321 2089 1524 2125 Mattheus

208 2144 280 2180 fuit
312 2144 466 2192 primus
511 2143 578 2192 qui
611 2144 770 2191 scripsit
810 2145 1075 2193 evangelium,
1116 2145 1191 2182 ista
1229 2146 1434 2183 sentencia
1468 2155 1525 2183 est

210 2202 400 2238 continue
432 2201 631 2249 posterius
664 2204 940 2251 supponenda.

268 2260 449 2296 Christus
484 2272 577 2308 ergo
622 2273 712 2297 vere
746 2270 782 2297 et
823 2261 984 2309 proprie
1016 2262 1194 2310 aperiens
1227 2274 1268 2298 os
1299 2274 1409 2298 suum
1443 2275 1524 2298 non

152 2317 191 2350 35
209 2317 475 2354 cachinnabat
495 2318 556 2354 vel
578 2318 797 2355 deridendo
832 2319 932 2355 dixit
953 2319 1156 2368 fratribus
1187 2320 1266 2356 suis
1290 2320 1423 2356 Raclza
1456 2322 1525 2356 sed

210 2377 379 2412 docebat
412 2388 477 2412 eos
512 2375 630 2412 fidem
660 2377 860 2413 salubrem
895 2389 970 2425 que
994 2378 1254 2424 postmodum
1290 2377 1522 2426 explicatur.

210 2435 257 2469 Et
290 2446 334 2469 ex
365 2433 441 2470 ista
473 2433 676 2470 sentencia
700 2434 863 2483 quidam
888 2435 1024 2471 fideles
1048 2434 1211 2471 eliciunt
1245 2436 1351 2484 quod
1385 2449 1525 2484 quam-

211 2504 367 2539 cunque
410 2492 537 2539 legem
584 2492 802 2529 humanam
849 2492 937 2541 quis
984 2493 1296 2541 dogmatizando
1342 2493 1524 2530 docuerit

209 2549 337 2597 ipsam
371 2562 451 2586 non
496 2549 698 2598 accipiunt
742 2550 818 2587 nisi
863 2552 910 2587 de
954 2560 1105 2599 quanto
1155 2564 1198 2588 ex
1236 2552 1320 2601 lege
1363 2551 1525 2588 Domini

279 2742 305 2767 ὅ.
328 2741 355 2768 Α
375 2741 405 2767 in
428 2749 540 2775 marga
562 2748 589 2767 2.
730 2742 765 2769 13,
788 2743 832 2769 A:
860 2742 1041 2769 ministerio.
1180 2751 1226 2770 20.
1248 2744 1275 2770 A
1296 2743 1326 2770 in
1348 2752 1462 2779 marga
1490 2753 1522 2779 3.

210 2775 255 2802 28.
277 2777 321 2802 A:
344 2776 467 2803 omnino
488 2776 585 2810 deest;
607 2776 628 2803 B
649 2776 678 2803 in
700 2784 796 2811 marg.
818 2777 913 2804 addit.
987 2776 1033 2810 34.
1056 2778 1084 2804 A
1104 2778 1133 2805 in
1156 2786 1271 2813 marg.:
1292 2777 1383 2806 Nota.

284 2858 337 2891 35.
365 2859 483 2890 Matth.
510 2860 551 2899 V,
580 2869 632 2890 22.
