2003 3322
206 1812 267 1840 We
288 1813 341 1839 ask
362 1812 409 1839 for

185 1848 321 1882 strength
344 1852 374 1873 to
395 1846 434 1874 do

267 1882 356 1917 right,

218 1926 263 1944 we
284 1917 353 1944 seck
373 1921 404 1943 to

190 1953 281 1979 know
303 1952 385 1978 what
406 1952 431 1978 is

266 1987 356 2021 right,

202 2031 248 2049 we
268 2023 369 2049 lmock
389 2026 419 2048 to

259 2058 364 2084 obtain

215 2093 405 2125 possession.

871 236 989 267 opus
1015 235 1351 266 EVANGELICUM
1561 221 1666 275 [CAP.
1687 231 1765 258 xm.

454 344 675 380 secundum
723 355 805 378 esse
850 355 966 377 suum
1018 340 1239 389 spirituale,
1292 341 1367 376 hoc
1420 348 1490 385 est,
1544 340 1764 375 seeundum

454 401 657 438 racionem
689 413 767 448 qua
800 413 822 436 a
853 402 936 436 Deo
968 398 1243 435 sanctificatur
1275 397 1429 446 aliquid
1461 398 1603 433 devote
1634 396 1765 445 ipsum

455 459 656 507 accipiens
694 457 933 494 sanctificat.
979 459 1028 492 Et
1065 456 1121 493 ita
1154 455 1319 492 concedi
1359 456 1475 491 debet
1514 456 1623 502 quod
1665 467 1767 491 unus

454 529 599 565 panem
647 517 862 553 comedens
907 514 974 563 qui
1019 523 1076 551 est
1115 513 1275 550 realiter
1314 525 1460 561 corpus
1500 512 1649 549 Christi
1686 525 1768 549 non

455 574 631 612 comedit
676 586 820 622 corpus
860 572 1019 619 Christi,
1064 572 1157 608 licet
1195 573 1381 608 comedat
1425 570 1523 606 illud
1567 572 1676 618 quod
1721 571 1801 606 de5

455 634 562 670 facto
586 641 643 669 est
666 644 811 679 corpus
827 631 988 676 Christi,
1013 630 1107 679 quia
1125 643 1207 666 non
1230 628 1404 666 comedit
1426 628 1525 664 illud
1548 629 1766 665 secundum

456 690 658 728 racionem
699 703 778 738 qua
818 698 875 725 est
914 701 1059 736 corpus
1099 686 1259 734 Christi,
1300 686 1394 735 quia
1432 686 1538 722 istud
1571 686 1678 723 fideli
1712 694 1770 722 est

456 748 665 798 proprium
718 757 754 784 et
798 746 934 783 bestiis
978 759 1055 795 que
1100 759 1121 782 a
1161 746 1239 782 fide
1285 744 1475 781 deficiunt
1520 757 1600 780 non
1639 752 1771 792 potest

457 815 698 855 competere.

514 864 555 901 Si
588 873 722 900 autem
755 876 861 911 papa
882 863 944 899 vel
966 861 1077 899 curia
1106 860 1370 898 cardinalium
1394 860 1500 896 istud
1524 859 1770 907 negaverint,
1791 871 1830 892 10

455 936 536 960 non
569 931 626 959 est
658 923 902 958 credendum
936 920 1014 956 illis
1046 919 1087 955 in
1118 919 1194 955 isto
1222 931 1295 955 nec
1328 918 1368 954 in
1400 918 1536 967 aliquo
1569 917 1661 965 alio,
1695 917 1771 954 nisi

457 982 505 1017 de
543 989 695 1029 quanto
734 979 774 1015 in
812 979 890 1015 fide
929 978 1125 1026 scripture
1170 990 1210 1014 se
1248 976 1502 1013 fundaverint
1540 976 1602 1012 vel
1645 975 1771 1012 eciam

457 1038 629 1075 racione.
667 1039 780 1074 Patet
813 1046 949 1073 autem
982 1036 1055 1072 iste
1088 1037 1231 1072 modus
1262 1034 1455 1083 loquendi
1489 1036 1537 1070 de
1568 1034 1773 1070 intellectu

456 1095 723 1133 terminorum
758 1103 1039 1131 concretorum
1072 1093 1113 1130 in
1146 1106 1265 1130 sensu
1297 1092 1523 1140 composito
1555 1092 1617 1129 vel
1648 1091 1773 1128 diviso

458 1167 501 1190 ex
554 1155 674 1190 modo
726 1152 920 1201 loquendi
970 1151 1197 1188 Aristotelis
1249 1160 1287 1187 et
1338 1150 1510 1186 aliorum
1559 1149 1830 1186 doctorum¹5

458 1213 693 1258 Grecorum‚
745 1223 917 1260 quorum
964 1212 1130 1246 modum
1174 1209 1367 1257 loquendi
1412 1210 1517 1245 hunc
1564 1209 1771 1244 doctorem

458 1271 630 1307 Grecum
664 1269 703 1305 in
736 1269 945 1317 proposito
989 1268 1232 1316 supponitur
1275 1275 1520 1314 acceptasse,
1569 1279 1660 1302 cum
1693 1267 1772 1301 An-

458 1329 627 1364 selmum
670 1327 708 1363 in
748 1327 881 1363 libello
920 1339 991 1362 suo
1031 1327 1079 1361 de
1112 1324 1387 1362 Grammatica
1426 1324 1465 1360 in
1506 1324 1581 1360 ista
1613 1323 1773 1372 equivo-

459 1386 623 1423 cacione
657 1385 832 1422 creditur
865 1386 1081 1421 laborasse.

970 1519 1111 1560 CAP.
1144 1519 1271 1559 XLI.
1793 1541 1834 1562 20

520 1616 782 1665 Prosequitur
815 1616 854 1652 in
887 1624 994 1651 textu
1028 1614 1239 1662 evangelii:
1274 1615 1394 1650 Petite
1422 1621 1457 1649 et
1481 1614 1636 1649 dabitur
1659 1613 1775 1659 vobis,

461 1676 608 1725 querite
646 1683 680 1711 et
719 1674 926 1720 invenietis,
968 1674 1125 1722 pulsate
1162 1681 1198 1709 et
1234 1673 1435 1721 aperietur
1474 1672 1590 1708 vobis.
1643 1671 1776 1706 Omnis

462 1734 559 1770 enim
601 1734 665 1781 qui
696 1733 793 1782 petit
831 1732 982 1780 accipit,
1030 1739 1065 1767 et
1102 1731 1166 1779 qui
1202 1731 1326 1778 querit
1364 1730 1505 1766 invenit
1542 1737 1578 1765 et
1604 1729 1779 1778 pulsanti

462 1792 671 1840 aperietur.
723 1792 852 1838 Super
895 1802 975 1837 quo
1014 1788 1279 1836 Augustinus:
1328 1788 1470 1823 Peticio
1514 1788 1682 1836 pertinet
1727 1788 1778 1822 ad

462 1850 748 1899 impetrandum
806 1848 1007 1884 sanitatem
1065 1847 1374 1896 firmitatemque
1433 1846 1565 1891 animi,
1633 1852 1672 1880 ut
1735 1858 1777 1880 ea
1793 1844 1834 1876 25

462 1920 532 1956 que
574 1907 847 1956 precipiuntzstr
880 1906 1043 1954 implere
1070 1905 1284 1953 possimus:
1327 1904 1524 1952 inquisicio
1566 1910 1692 1938 autem
1727 1904 1779 1938 ad

463 1966 727 2001 inveniendam
753 1964 965 2000 veritatem.
1006 1964 1100 1998 Cum
1135 1963 1232 1998 enirn
1266 1962 1374 1997 beata
1408 1962 1473 1996 illa
1504 1962 1579 1997 vita
1612 1961 1777 2005 accione,

464 2023 688 2073 cognicione
738 2029 773 2058 et
827 2021 1033 2057 dileccione
1084 2021 1339 2069 complecitur,
1391 2020 1496 2055 accio
1540 2019 1777 2068 facultatem

465 2094 597 2117 rerum
638 2082 698 2117 vel
736 2080 889 2125 virium,
937 2079 1213 2127 contemplacio
1252 2090 1383 2113 rerum
1424 2077 1777 2125 manifestacionem

465 2140 674 2184 desiderat,
707 2139 844 2174 horum
879 2138 1002 2188 igitur
1028 2138 1200 2186 primum
1230 2136 1438 2185 petendum
1472 2142 1538 2180 est,
1571 2135 1777 2170 secundum
1796 2135 1836 2166 30

464 2197 698 2246 querendum
745 2203 811 2245 est,
857 2203 897 2231 ut
941 2195 1039 2230 illud
1083 2196 1194 2230 detur
1233 2201 1267 2230 et
1310 2194 1380 2229 hoc
1425 2193 1652 2230 inveniatur.
1703 2193 1780 2228 Sea’

466 2255 644 2305 cognicio
677 2255 712 2290 in
747 2255 819 2290 hac
852 2254 910 2289 vie
942 2253 1018 2288 vita
1047 2253 1160 2302 prius
1193 2264 1305 2300 quam
1340 2251 1458 2299 ipsius
1485 2250 1678 2300 possessio
1711 2257 1777 2286 est.

465 2313 542 2349 Sed
585 2325 669 2348 cum
715 2312 872 2361 quisque
915 2323 1047 2346 veram
1094 2311 1193 2346 viam
1247 2309 1446 2355 invenerit,
1488 2308 1687 2358 perveniet
1730 2308 1781 2343 ad

465 2372 587 2420 ipsam
616 2370 913 2419 possessionem,
948 2381 1018 2418 que
1050 2373 1176 2405 tamen
1204 2367 1380 2416 pulsanti
1410 2367 1620 2416 aperietur.

528 2429 576 2464 Ut
607 2428 731 2478 igitur
762 2428 839 2463 tria
872 2427 967 2472 ista,·
1005 2427 1045 2462 id
1076 2433 1144 2471 est,
1172 2425 1325 2474 peticio,
1365 2425 1575 2473 inquisicio,
1604 2423 1780 2473 pulsacio
1797 2425 1836 2459 35

454 2487 559 2536 fiant
602 2486 823 2534 manifesta,
868 2485 936 2521 sub
983 2484 1108 2532 aliquo
1155 2483 1332 2532 exemplo
1368 2495 1571 2532 ponamus,
1618 2482 1779 2530 aliquem

539 2640 576 2659 12.
600 2632 637 2658 ss:
660 2632 697 2658 de
707 2631 787 2666 fide.
897 2639 937 2665 ¹4-
960 2632 1003 2657 A:
1025 2630 1222 2657 decretorum
1242 2629 1273 2656 in
1293 2636 1393 2655 seosu.
1487 2628 1527 2655 ιδ.
1550 2627 1588 2653 B:
1608 2628 1647 2654 de
1667 2626 1781 2653 libello.

467 2675 510 2694 22.
533 2668 554 2694 Β
575 2667 604 2694 in
628 2674 740 2701 marg:
761 2673 816 2702 39.
925 2674 972 2698 24.
994 2666 1038 2692 A:
1067 2672 1126 2699 quo
1146 2664 1245 2694 deest:
1274 2664 1314 2690 ib.
1336 2664 1364 2690 A
1384 2663 1414 2690 in
1438 2671 1550 2696 marga
1577 2662 1781 2697 Augustinus.

468 2702 509 2730 25.
532 2703 575 2729 A:
598 2701 698 2728 animi
715 2709 799 2736 quia.
874 2700 921 2727 26.
942 2702 986 2727 A:
1009 2699 1173 2733 inquisicio
1193 2699 1292 2725 twice.
1366 2705 1409 2733 27.
1433 2697 1470 2724 13:
1493 2697 1561 2724 ista.
1634 2696 1678 2723 28.
1694 2697 1737 2722 A:
1755 2698 1786 2722 et

468 2737 656 2764 dileccione:
681 2736 718 2763 ss:
741 2736 914 2771 impleatur.
1016 2733 1057 2762 35.
1079 2735 1123 2761 A:
1145 2733 1178 2760 id
1196 2736 1238 2760 est
1258 2733 1351 2760 deest.
1454 2731 1499 2759 36.
1521 2733 1549 2759 A
1570 2732 1600 2758 in
1622 2739 1734 2765 marg-1
1758 2738 1781 2757 1.

517 2819 569 2839 21.
598 2808 717 2840 Matth.
745 2808 817 2846 Vll,
845 2818 875 2849 7,
902 2806 921 2837 8
1055 2816 1107 2845 24.
1143 2806 1193 2836 De
1226 2815 1388 2837 sermone
1423 2804 1562 2835 Domini
1591 2804 1623 2834 in
1651 2808 1781 2840 monte,

468 2856 490 2885 1.
517 2865 543 2885 c.
573 2865 605 2895 p.
634 2864 709 2896 229.
