2003 3322
244 164 332 192 CAP.
353 155 464 209 xvn]
721 167 929 199 saeuum
960 169 1084 199 PARS.
1760 167 1833 203 305

241 286 409 321 corpore
441 283 638 321 separata.
674 275 900 310 Secundum
938 275 1087 310 malum
1121 288 1143 311 a
1176 288 1255 323 quo
1280 276 1342 312 hic
1376 277 1547 324 petimus

239 331 400 367 liberari
440 339 496 367 est
535 332 684 368 malum
726 331 1009 379 temptacionis
1048 332 1208 380 spiritus
1242 346 1321 381 quo
1364 335 1547 372 diabolus

239 390 369 436 pulsat
420 389 616 425 viventem
671 389 815 425 cotidie
869 399 905 425 ct
956 390 1183 437 specialiter
1234 390 1273 426 in
1328 392 1403 428 tine
1455 393 1544 430 vite.

237 446 423 483 Tercium
460 448 608 482 malum
643 460 664 483 a
697 460 776 495 quo
809 447 872 483 hic
905 447 1077 494 petimus
1109 448 1270 484 liberari
1304 458 1360 485 est
1394 450 1544 487 malum

205 504 508 540 vinduracionis
544 504 583 540 in
618 513 802 552 peccat03
834 504 944 541 cuius
978 506 1153 542 radicem
1188 506 1297 554 prius
1329 507 1545 556 poscimus,

236 575 325 599 cum
365 562 553 598 dicimus:
602 563 654 598 Et
692 575 736 598 ne
774 575 842 599 nos
880 563 1040 600 inducas
1076 564 1112 599 in
1146 565 1450 613 temptacionenz.
1497 569 1544 603 Et

234 629 399 668 quartus
444 622 590 668 gradus
635 629 672 656 et
716 620 879 657 ultimus
925 630 981 657 est
1026 634 1105 669 quo
1149 621 1323 669 petimus
1369 636 1390 659 a
1436 625 1543 661 malo

234 691 333 726 pene
367 677 514 714 diaboli
547 677 721 715 liberari.
758 678 950 715 Diabolus
984 679 1088 715 enim
1123 692 1166 716 ex
1198 692 1270 716 suo
1303 690 1469 728 peccato
1503 683 1542 718 in

233 735 424 784 Spiritum
468 738 659 772 Sanctum
701 737 820 773 habet
860 749 1003 784 penam
1044 737 1373 781 irremissibilem,
1419 753 1541 788 quam

179 808 216 828 10
231 806 375 841 penam
410 795 599 830 debemus
633 806 771 830 cavere
805 795 975 831 maxime
1007 804 1187 843 tempore
1221 795 1337 832 huius
1360 797 1432 835 vie.
1467 799 1541 834 Iste

231 864 322 899 ergo
346 852 593 900 quadruplex
623 853 768 900 gradus
800 852 894 889 mali
929 861 986 889 est
1015 866 1036 889 a
1060 866 1139 901 quo
1170 853 1344 901 petimus
1368 855 1541 892 finaliter

229 909 401 945 liberari.

285 969 337 1002 Ex
371 967 513 1015 quibus
556 967 710 1003 videtur
743 969 851 1016 quod
890 968 988 1004 nulli
1028 967 1103 1004 nisi
1142 969 1405 1015 predestinati
1445 980 1537 1008 sunt
1613 967 1694 1004 Only
1713 970 1764 995 the

226 1025 428 1061 fructuose
461 1025 642 1072 dispositi
674 1026 723 1061 ad
758 1027 955 1062 orandum
989 1026 1105 1062 istam
1145 1026 1373 1064 oracionem
1409 1029 1536 1065 domi-
1568 1003 1815 1073 εὲἧεῗοῗῖἓῖῃὲνῐὶἳιι

174 1082 371 1119 15nicam.
427 1083 591 1119 Presciti
642 1092 777 1119 tamen
830 1085 973 1120 debent
1022 1096 1137 1120 orare
1180 1084 1409 1133 frequenter
1460 1087 1534 1123 ista
1561 1073 1813 1136 ξέὲιῒξῗὲᾗξοᾷξξ

225 1140 425 1185 oracione,
467 1153 557 1177 cum
597 1150 727 1188 potest
765 1141 949 1189 mitigare
986 1141 1063 1178 illis
1103 1154 1248 1189 penam
1290 1143 1451 1191 diaboli,
1498 1155 1534 1181 et
1579 1142 1688 1169 should
1712 1151 1798 1178 pray.

226 1200 370 1234 debent
414 1198 469 1234 sic
508 1199 650 1245 vivere,
697 1208 739 1235 ut
776 1212 856 1235 non
901 1199 978 1235 sint
1017 1208 1212 1247 perpetuo
1254 1200 1443 1238 indurati.
1493 1203 1533 1239 Si

225 1265 356 1292 autem
397 1255 461 1292 isti
502 1256 628 1293 sancti
667 1256 911 1293 intenderint
949 1259 998 1293 ad
1043 1266 1253 1305 peccatum
1292 1259 1466 1296 notabile
1511 1273 1532 1297 a

223 1326 302 1361 quo
342 1313 536 1362 prescitus
575 1314 699 1362 surgit
733 1316 783 1351 ad
816 1323 973 1363 tempus
1013 1317 1231 1352 secundum
1266 1319 1530 1365 temporalem

165 1371 434 1418 2oiusticiam‚
468 1372 511 1407 fit
543 1374 716 1420 quedam
748 1372 934 1409 induccio
968 1373 1007 1409 in
1039 1374 1350 1421 temptacionem
1383 1376 1442 1411 vel
1474 1376 1531 1412 in-
1596 1382 1754 1422 ⁴Wyctif's

97 1431 175 1464 386⁰
220 1430 398 1466 tellectus
431 1429 586 1466 subtilis
621 1430 733 1476 alius,
773 1443 853 1466 non
893 1433 1106 1477 contendo,
1137 1428 1140 1485 Ι
1171 1441 1333 1480 paratus
1372 1445 1530 1482 semper
1563 1418 1805 1488 Wssfflffissgfflfo

220 1496 449 1524 reverenter
495 1488 672 1536 recipere
713 1501 996 1537 quemcunque
1041 1502 1201 1526 sensum
1248 1491 1384 1537 alium,
1434 1493 1527 1528 dum

218 1554 353 1581 tamen
392 1558 435 1582 ex
474 1545 672 1594 scriptura
704 1547 763 1582 vel
793 1546 953 1583 racione
986 1547 1110 1584 vivaci
1142 1548 1260 1584 fuerit
1292 1549 1528 1595 declaratus,

219 1612 349 1639 certus
385 1615 428 1640 ex
461 1604 538 1639 fide
571 1605 678 1652 quod
711 1604 845 1640 oracio
885 1604 960 1641 ista
993 1605 1195 1642 dominica
1234 1606 1284 1642 sit
1317 1606 1459 1643 melior
1492 1616 1529 1644 et

161 1662 199 1695 25
217 1660 401 1697 subtilior
433 1675 553 1710 quam
588 1662 722 1710 aliqua
755 1662 889 1699 oracio
924 1662 1000 1699 alia
1034 1672 1167 1711 potest
1200 1676 1296 1700 esse.

273 1719 518 1766 Augustinus
541 1728 674 1755 autem
699 1720 855 1756 videtur
878 1720 918 1756 in
947 1720 1097 1769 scripto
1126 1734 1198 1757 suo
1232 1735 1350 1770 super
1383 1724 1524 1759 eodem
1582 1732 1771 1771 Augus-tine:

216 1776 390 1824 capitulo
423 1777 588 1814 Matthei
622 1777 677 1813 ita
709 1777 837 1825 loqui:
880 1779 1049 1825 Videtur,
1083 1779 1225 1827 inquit,
1261 1780 1377 1816 michi
1402 1788 1524 1830 septe-
1575 1766 1782 1830 beltiffssetffsshc

216 1835 349 1870 narius
393 1835 462 1870 iste
505 1848 687 1871 numerus
732 1837 870 1871 harum
919 1837 1151 1885 peticionum
1205 1849 1425 1888 congruere
1469 1835 1670 1898 illiakgsgss
1685 1845 1814 1899 &gf-¹33¹]

216 1904 372 1928 numero
405 1893 620 1941 septenario
644 1905 715 1941 quo
748 1901 849 1929 totus
881 1894 950 1930 iste
981 1907 1110 1931 sermo
1142 1896 1326 1932 manavit.
1363 1896 1404 1931 Si
1425 1897 1523 1932 enim
1618 1913 1657 1932 on
1678 1907 1729 1933 the

159 1953 200 1984 30
215 1950 331 1985 timor
363 1951 439 1986 Dei
469 1958 525 1986 est
557 1963 628 1999 quo
666 1952 767 1987 beati
785 1952 890 2001 fiunt
924 1964 1117 2001 pauperes
1155 1953 1307 2002 spiritu,
1345 1955 1523 2002 quoniam
1620 1940 1738 1968 Mount.

215 2007 386 2056 ipsorum
420 2015 475 2044 est
508 2021 672 2058 regnum
706 2010 891 2055 celorum,
920 2018 1098 2058 petamus
1130 2018 1169 2046 ut
1201 2012 1462 2060 sanctificetur
1489 2013 1524 2048 in

214 2066 320 2101 nobis
372 2078 505 2101 nomen
550 2067 627 2101 Dei
675 2067 813 2103 timore
864 2068 990 2116 utique
1041 2075 1145 2104 casto
1184 2077 1438 2117 permanente
1489 2070 1524 2105 in

212 2123 339 2158 secula
383 2124 612 2159 seculorum.
661 2124 704 2159 Si
741 2125 866 2173 pietas
909 2132 964 2161 est
1006 2138 1079 2174 qua
1132 2126 1232 2161 beati
1273 2134 1360 2162 sunt
1403 2128 1523 2173 mites,

213 2181 389 2228 qnoniam
435 2181 509 2230 ipsi
539 2182 752 2218 hereditate
784 2183 1034 2231 possidebunt
1072 2191 1233 2227 terrani,
1268 2192 1446 2233 petamus
1484 2193 1524 2220 ut

157 2239 195 2271 35
214 2238 337 2273 veniat
375 2250 539 2288 regnum
573 2239 652 2275 eius
683 2240 763 2275 sive
802 2241 837 2275 in
876 2252 955 2284 nos,
996 2248 1035 2276 ut
1075 2242 1317 2278 mitescamus
1348 2242 1384 2277 in
1418 2243 1523 2279 nobis

213 2307 279 2330 nec
311 2296 346 2331 ei
376 2296 605 2333 resistamus
642 2297 721 2332 sive
753 2298 799 2333 de
830 2299 910 2334 celo
943 2299 978 2333 in
1012 2306 1140 2335 terras
1173 2300 1208 2335 in
1242 2300 1421 2335 claritate
1452 2301 1520 2336 ad-

213 2360 345 2389 ventus
387 2354 548 2390 Domini
592 2367 663 2402 quo
709 2367 782 2391 nost
818 2368 937 2404 supra
990 2357 1144 2392 modum
1188 2357 1444 2407 gaudebimus
1487 2366 1521 2393 et

212 2411 334 2459 ipsum
373 2419 588 2448 creatorem
629 2420 802 2448 nostrum
846 2421 880 2449 et
919 2415 1114 2450 dominum
1156 2423 1328 2451 nostrum
1369 2416 1518 2451 miseri-

279 2598 298 2616 1.
319 2591 363 2617 A:
382 2594 546 2625 seperata;
565 2592 605 2618 ib.
627 2592 664 2619 B:
686 2592 730 2619 sic
746 2592 886 2627 petimus.
962 2600 985 2619 2.
1007 2593 1033 2620 A
1049 2593 1078 2620 in
1095 2602 1209 2629 marg.:
1232 2602 1260 2621 2.
1335 2593 1359 2622 3.
1381 2596 1425 2622 A:
1447 2603 1515 2623 con-

209 2624 301 2651 tinue.
386 2634 415 2658 4.
436 2626 464 2652 A
485 2625 515 2652 in
536 2634 650 2661 marg:
671 2634 705 2660 3.
791 2635 817 2662 7.
838 2628 866 2655 A
887 2627 917 2654 in
939 2636 1052 2662 marg:
1074 2635 1107 2661 4.
1189 2628 1229 2656 18,
1253 2629 1290 2656 ss:
1312 2630 1515 2657 intenderent.

208 2659 254 2685 26.
275 2660 303 2686 A
324 2659 355 2686 in
377 2668 489 2695 marg:
511 2660 713 2696 Augustinus.
788 2661 830 2689 28.
854 2663 881 2689 A
902 2662 932 2689 in
955 2670 1069 2697 marg:
1092 2671 1114 2689 1-
1186 2662 1229 2690 33.
1250 2665 1278 2691 A
1298 2664 1329 2691 in
1351 2673 1465 2699 marg:
1488 2672 1515 2693 2.

280 2740 332 2771 27.
358 2731 409 2762 De
435 2742 596 2763 sermone
621 2732 762 2764 Domini
789 2734 823 2764 in
850 2740 979 2774 monte,
1007 2734 1027 2765 l.
1055 2745 1082 2766 c.
1101 2745 1133 2776 p.
1155 2734 1230 2766 215.
1317 2737 1369 2768 30.
1396 2736 1513 2768 Matth.

209 2776 250 2815 V,
280 2776 296 2809 3
326 2783 388 2808 etc.

1333 2848 1375 2870 20
