2003 3322
201 214 291 244 CAP.
311 207 396 261 XX]
677 216 889 248 SECUNDA
917 217 1042 248 PARS.

201 325 269 359 sed
302 323 480 358 ieiunium
512 331 679 371 propter
713 323 955 367 ommonem,-
998 323 1081 358 ideo
1114 322 1291 358 ieiunium
1326 335 1397 358 nou
1430 330 1517 358 aute

202 381 419 417 oracionem
449 380 626 429 precedit
656 381 724 415 sed
758 380 888 416 oracio
920 388 1006 415 aute
1037 380 1227 415 ieiunium.

266 438 399 474 Tercia
434 438 579 473 divisio.
615 438 721 483 Item,
755 438 1000 474 elemosinam
1026 438 1169 486 facere
1201 445 1265 473 aut
1294 438 1511 473 oracionem

201 504 267 531 aut
318 496 491 532 ieiunare
542 508 614 531 non
667 503 722 531 est
767 496 933 532 omnium
987 496 1195 543 hominum,
1246 497 1315 532 sed
1366 503 1512 531 tautum

170 555 403 598 5iustorum‚
445 554 509 602 qui
538 561 663 589 autem
692 562 828 602 peccat
867 561 901 589 et
932 554 1196 604 elemosynam
1221 553 1339 601 facitj
1380 554 1513 602 perdit

201 612 303 660 quod
335 612 461 660 facit;
499 623 576 660 pro
615 619 761 647 cessato
801 612 898 648 enim
939 619 1097 660 peccato
1140 611 1356 660 peccatoris
1396 612 1513 646 datur

201 670 440 720 elemosyna,
485 681 556 704 mm
592 681 669 718 pro
708 677 945 715 occurrente,
994 670 1033 705 id
1071 677 1138 713 est,
1184 670 1335 717 quaudo
1369 669 1514 718 penitet

201 739 268 763 uos
291 728 392 775 quod
405 727 590 775 fecimuS,
624 739 695 762 non
726 735 765 763 ut
792 740 867 776 per
884 727 1085 776 pecuniam
1105 727 1296 776 peccandi
1317 727 1513 763 licenciam

201 797 481 833 comparemus.

149 853 187 874 10
258 843 365 889 Item,
398 842 462 878 ille
494 849 581 877 orat
613 842 678 890 qui
707 843 781 878 iam
816 854 887 877 nou
916 850 1065 891 peccat,
1106 843 1170 890 qui
1200 850 1324 878 autem
1360 851 1447 878 orat
1480 851 1516 878 et

196 908 345 950 peccat,
379 912 451 936 non
486 906 604 949 rogat
637 900 762 935 Deum
796 901 864 936 sed
897 901 1044 936 deludit
1076 902 1216 936 Deum.

260 959 367 1004 Item,
406 958 470 993 ille
502 958 643 993 ieiunat
676 959 739 1006 qui
769 971 841 993 nou
869 966 1019 1007 peccat,
1061 959 1124 1007 qui
1154 967 1280 994 autem
1311 966 1449 1007 peccat
1481 966 1516 993 et

201 1016 342 1052 ieiunat
375 1028 447 1051 uon
480 1016 531 1050 ad
562 1016 732 1065 gloriam
767 1015 845 1053 Dei
874 1017 1016 1052 ieiunat
1047 1017 1135 1066 quia
1169 1029 1235 1053 nec
1267 1029 1306 1052 se
1339 1016 1516 1052 humiliat

201 1075 269 1110 sed
300 1074 516 1110 substancie
546 1086 612 1109 sue
639 1074 780 1122 parcit.

149 1131 185 1163 15
258 1131 435 1179 Denique
486 1131 688 1167 considera
734 1132 769 1167 in
820 1132 1096 1181 superioribus,
1151 1144 1202 1168 ex
1252 1144 1323 1180 quo
1373 1132 1516 1180 ceperit

207 1189 385 1225 Christus
431 1189 618 1238 apostolis
661 1190 740 1225 suis
789 1190 978 1225 salutaria
1025 1190 1152 1225 dicere
1198 1197 1397 1238 precepta,
1444 1202 1516 1225 non

200 1247 328 1283 statim
368 1247 404 1282 in
438 1247 580 1295 primis
618 1248 817 1282 mandavit
858 1248 904 1282 de
942 1248 1144 1283 elemosina
1179 1256 1244 1283 aut
1276 1248 1413 1283 ieiunio
1451 1255 1517 1283 aut

202 1305 394 1350 oracione,
428 1305 496 1340 sed
523 1305 637 1353 prius
670 1305 831 1353 expellit
864 1306 965 1340 mala
994 1313 1130 1354 postea
1164 1305 1374 1341 introducit
1405 1306 1514 1341 hona.

260 1363 455 1411 Scriptum
473 1370 526 1398 est
543 1363 628 1398 Non
650 1363 820 1398 occides:
842 1375 915 1412 ego
931 1371 1057 1399 autem
1082 1364 1187 1399 dico:
1210 1364 1296 1399 Non
1313 1364 1511 1399 irascaris.

145 1429 186 1450 20
202 1421 398 1469 Scriptum
432 1428 487 1456 est
512 1421 597 1456 Non
629 1421 888 1456 adulterabis:
921 1433 993 1470 ego
1017 1428 1143 1457 autem
1169 1421 1274 1457 dico:
1306 1422 1393 1456 Nou
1427 1434 1514 1457 corz-

202 1478 384 1526 cupisces.
425 1478 623 1527 Scriptum
658 1486 713 1514 est
746 1479 832 1514 Nou
860 1479 1106 1527 periurabis:
1144 1492 1216 1529 ego
1250 1487 1375 1515 autem
1411 1480 1516 1515 dico:

203 1536 288 1571 Nou
311 1536 469 1573 iurabis.
505 1536 700 1585 Scriptum
734 1544 789 1572 est
818 1536 979 1572 Oculum
1010 1549 1085 1585 pro
1119 1538 1250 1581 oculo;
1281 1549 1353 1586 ego
1388 1545 1513 1573 autem

204 1593 308 1628 dico:
340 1594 426 1629 Non
467 1594 648 1629 resistere
680 1595 794 1629 malo.
841 1594 1037 1644 Scriptum
1079 1603 1133 1630 est
1177 1595 1317 1630 eciam:
1362 1595 1515 1644 Diliges

202 1651 366 1686 amicum
401 1659 435 1687 et
458 1652 562 1687 odies
595 1651 787 1687 inimicum
800 1667 810 1687 .·
842 1664 915 1702 ego
947 1659 1074 1687 autem
1108 1653 1215 1688 dico:
1248 1653 1414 1703 Diligite
1446 1653 1514 1688 iui-

146 1708 319 1744 25micos
363 1716 523 1745 vestros.
584 1710 791 1757 Postquam
833 1722 929 1759 ergo
976 1710 1021 1745 ab
1068 1710 1141 1746 lziis
1187 1711 1360 1746 omnibus
1404 1711 1516 1746 malis

201 1767 391 1802 hominem
436 1767 630 1816 spoliavit,
680 1775 767 1803 tunc
816 1768 926 1803 dicit:
985 1768 1115 1803 Videte
1161 1781 1205 1804 ne
1249 1769 1513 1819 elemosynam

202 1832 370 1860 vestram
401 1837 533 1861 coram
564 1825 778 1861 homiuibus
792 1825 956 1873 faciatis
986 1833 1068 1872 etc.,
1102 1827 1305 1862 ostendens
1337 1827 1513 1875 quoniam

202 1882 274 1917 nisi
316 1883 428 1917 homo
472 1883 518 1918 ab
559 1883 630 1918 lziis
669 1883 841 1919 ommibus
879 1883 992 1919 malis
1030 1884 1233 1920 recesserit
1271 1885 1396 1933 prius,
1436 1885 1516 1920 sine

201 1952 316 1976 causa
338 1940 445 1989 facit
477 1941 545 1976 hec
577 1942 687 1987 bona,
717 1941 831 1990 prius
863 1953 960 1991 ergo
993 1949 1146 1990 oportet
1185 1943 1288 1977 mala
1323 1942 1517 1978 dimittere

144 2006 185 2038 30
201 2004 235 2033 et
265 1998 319 2033 sic
352 1999 448 2034 bona
486 1999 695 2047 suscipere,
734 1999 820 2047 quia
860 2011 932 2034 non
966 2006 1096 2047 potest
1134 2000 1247 2035 homo
1268 2000 1367 2049 fieri
1397 2012 1516 2036 novus

83 2062 162 2105 387*¹
201 2055 274 2091 nisi
305 2056 462 2091 desierit
494 2068 573 2092 esse
601 2051 606 2108 Ι
637 2064 764 2101 vetus,·
795 2057 859 2104 qui
888 2064 1015 2092 autem
1051 2057 1153 2092 mala
1187 2069 1259 2093 non
1294 2058 1450 2093 dimittit
1481 2065 1516 2093 et

200 2113 297 2148 bona
335 2113 494 2162 suscipit
526 2115 712 2149 bonorum
751 2127 909 2150 suorum
942 2115 1122 2164 graciam
1152 2116 1298 2164 perdit,
1332 2116 1514 2163 quemad-

201 2171 356 2206 modum
381 2171 415 2206 si
436 2171 517 2219 quis
540 2172 575 2206 iu
599 2184 641 2207 os
662 2184 771 2207 suum
796 2172 943 2220 aliquid
972 2173 1083 2208 dulce
1112 2173 1237 2208 mittat
1260 2186 1343 2208 cum
1377 2185 1515 2208 amaro

200 2229 378 2273 mixtum,
412 2230 574 2265 dulcedo
607 2229 673 2264 illa
706 2242 778 2265 uon
813 2230 878 2264 dat
909 2242 1019 2265 suum
1052 2242 1245 2279 saporem.

144 2294 182 2327 35
257 2286 386 2322 Nolite
412 2287 510 2336 fieri
545 2287 643 2323 sicut
675 2288 862 2338 ypocrite
901 2288 1044 2333 tristes,
1088 2289 1168 2324 sive
1212 2289 1258 2324 de
1301 2289 1516 2324 elemosinis

200 2344 327 2380 dicens
358 2344 412 2379 sic
435 2344 546 2380 dicit:
573 2345 633 2380 Ne
660 2357 792 2381 coram
817 2345 1131 2395 lzominibusfiat,
1154 2346 1234 2382 sive
1263 2347 1308 2382 de
1336 2347 1516 2383 oracione

199 2402 274 2437 sic:
324 2402 454 2437 Nolite
497 2414 577 2438 esse
620 2402 717 2438 sicut
761 2403 949 2453 ypocrite
1000 2404 1035 2438 in
1088 2404 1244 2453 angulis
1291 2404 1513 2453 platearum

199 2466 366 2505 orantes,
406 2459 485 2495 sive
525 2460 571 2496 de
603 2460 740 2496 ieiunio
781 2460 851 2496 lzoc
884 2461 983 2497 idem
1023 2461 1102 2510 ipse
1135 2462 1237 2498 dicit.
1284 2462 1396 2498 Vides
1428 2462 1514 2510 quia

267 2631 292 2659 3.
312 2633 354 2659 A:
383 2633 491 2660 Tereia
512 2633 612 2667 deest;
634 2635 663 2661 A
682 2634 712 2661 in
735 2642 851 2669 marg:
873 2635 902 2661 5.
1002 2634 1030 2662 6.
1052 2637 1096 2663 A:
1117 2636 1278 2663 cessando.
1372 2645 1412 2663 10.
1434 2637 1461 2663 A
1482 2637 1512 2664 in

197 2675 311 2701 marga
337 2667 366 2694 6.
452 2675 489 2694 12.
511 2670 539 2696 A
560 2669 588 2695 in
614 2677 727 2704 marg:
751 2678 779 2704 7.
863 2669 901 2697 15.
924 2670 962 2697 B:
984 2670 1080 2705 cepit,·
1106 2671 1146 2697 ib.
1168 2672 1214 2698 A:
1235 2671 1392 2698 salutaria
1404 2681 1414 2701 ,·
1441 2671 1461 2697 B
1483 2672 1511 2698 in

198 2709 312 2736 marg:
335 2702 477 2729 correxit.
551 2711 593 2730 ’32Δ
615 2705 659 2730 A:
682 2712 741 2731 non
761 2720 794 2723 —
814 2705 961 2739 scriptum
982 2708 1029 2732 est
1046 2705 1139 2732 deest.
1213 2704 1252 2733 31.
1274 2707 1318 2733 A:
1340 2706 1395 2741 qui
1412 2710 1513 2733 autem

198 2736 295 2763 twice.
367 2736 410 2764 33.
432 2739 475 2764 A:
497 2738 598 2765 mittit.
671 2737 715 2773 37.
737 2739 782 2766 A:
804 2739 884 2766 sicut
902 2740 996 2766 deest.

273 2828 321 2861 19.
349 2818 468 2850 Matth.
494 2820 536 2859 V,
565 2829 601 2851 21
633 2830 732 2863 seqq.
830 2820 883 2852 26.
911 2821 1027 2852 Matth.
1057 2822 1112 2862 VI,
1145 2832 1170 2854 1.

1727 207 1804 254 317

1593 446 1681 472 Alms
1703 447 1742 472 do

1528 480 1657 514 nothing
1678 480 1726 507 for
1746 483 1795 508 the

1562 515 1666 542 sinner
1686 515 1711 542 is
1729 516 1764 542 he

1557 550 1719 577 continues
1741 556 1770 577 [ο

1638 585 1695 619 sin,

1565 855 1599 874 so
1620 852 1671 874 too
1692 849 1766 875 with

1617 890 1726 918 prayer

1566 1137 1625 1163 and
1647 1136 1770 1171 fasting.

1565 1367 1671 1395 Christ
1692 1368 1772 1395 frees

1542 1411 1612 1429 men
1633 1404 1714 1430 from
1735 1403 1792 1430 evi!

1590 1438 1693 1464 before
1714 1438 1750 1464 hc

1531 1473 1651 1499 machus
1672 1473 1754 1499 them
1776 1477 1807 1499 10

1627 1515 1711 1543 pray.
