2003 3322
217 193 305 222 CAP.
328 184 467 238 xLV11.]
683 196 895 228 SECUNDA
924 197 1050 228 PARS.

215 303 356 339 viventi
391 304 427 339 in
466 315 603 339 carne:
645 310 813 352 propter
850 303 1126 338 adversitatem
1166 310 1304 338 nature
1347 303 1529 339 carnalis.

213 361 356 397 Nullus
399 369 525 397 autem
569 361 624 397 sic
667 368 723 397 est
765 369 950 408 angustus
989 368 1025 397 et
1063 361 1294 407 laboriosus,
1340 361 1531 409 quomodo

212 419 340 454 ieiunii
369 419 575 455 sinceriter
606 419 830 455 consumati.
872 419 925 454 Et
958 426 999 454 ut
1028 419 1142 465 scias,
1176 419 1352 455 attende:
1390 419 1532 455 Omnes

212 477 362 524 quidem
387 477 591 526 passiones
619 477 799 513 carnales
829 477 1009 513 dicuntur
1037 485 1075 514 et
1102 484 1201 523 sunt,
1232 477 1320 525 quia
1348 489 1391 513 as
1409 477 1532 525 piritu

180 535 341 570 5carnis
366 542 581 581 moventur,
613 535 693 570 sive
725 535 798 578 ira,
831 535 912 570 sive
943 535 1137 583 superbia,
1169 535 1249 570 sive
1280 535 1423 570 invidia
1454 534 1534 570 sive

212 592 386 627 avaricia
429 592 510 628 sive
557 605 655 628 vana
699 593 845 642 gloria.
901 592 1091 641 Precipue
1141 600 1267 628 tamen
1323 600 1403 629 tres
1445 599 1535 628 sunt

212 650 410 686 naturales
437 651 639 699 passiones
682 658 718 685 et
763 651 894 686 intime
932 658 968 686 et
999 651 1166 699 proprie
1210 650 1352 697 carnis,
1391 650 1535 686 scilicet

212 720 298 744 esca
330 714 365 743 et
392 716 523 756 potus,
556 708 692 744 deinde
724 721 837 745 amor
869 708 945 744 viri
974 708 1027 743 ad
1058 709 1259 744 mulierem
1293 715 1328 743 et
1361 708 1535 743 mulieris

211 778 325 802 amor
363 766 415 801 ad
453 766 593 809 virum,
625 766 661 801 in
701 766 820 802 tercio
861 766 944 802 loco
981 778 1177 815 sompnus.
1231 766 1421 810 Quoniam
1454 766 1535 802 sine

159 837 196 857 10
215 823 304 869 illis,
361 823 507 860 scilicet
550 823 610 859 ira
660 831 695 859 et
747 824 883 860 ceteris
938 824 1088 872 quidem
1131 824 1390 873 passionibus,
1451 824 1534 872 ipsa

211 889 351 917 natura
390 882 521 917 carnis
557 882 768 918 consistere
800 889 942 931 potest,
988 882 1069 918 sine
1101 882 1184 918 istis
1215 889 1356 927 autem,
1389 882 1536 918 scilicet

210 951 296 975 esca
328 946 365 975 et
396 939 533 975 ceteris
560 940 819 988 passionibus,
858 952 976 989 neque
1002 947 1131 988 potest
1163 940 1374 976 consistere
1405 940 1536 975 carnis

211 1005 365 1033 natura.
413 997 530 1048 Ergo
561 998 673 1047 quasi
698 1005 837 1047 partes
869 999 1157 1046 quodammodo
1190 1006 1278 1034 sunt
1311 1005 1347 1033 et
1378 998 1534 1046 supple-

210 1063 336 1091 menta
381 1063 519 1091 nature
562 1056 756 1100 carnalis;
799 1068 886 1091 nam
933 1056 985 1091 ad
1024 1068 1154 1092 omnes
1193 1056 1293 1092 alias
1320 1056 1534 1105 passiones,

158 1113 353 1149 15scilicet
396 1113 497 1149 iram
535 1121 619 1157 etc„
662 1126 734 1150 non
779 1113 986 1150 necessitas
1025 1121 1164 1149 nature
1201 1114 1373 1150 carnalis
1417 1121 1535 1163 urget

209 1171 279 1207 sed
304 1171 554 1220 presumpcio
596 1171 758 1220 spiritus
797 1172 939 1217 carnis,
984 1172 1036 1207 ad
1078 1172 1183 1218 istas,
1222 1172 1367 1208 scilicet
1406 1184 1532 1208 escam

211 1236 295 1275 etc.,
347 1236 495 1265 tantum
540 1229 622 1278 ipsa
670 1230 875 1266 necessitas
927 1237 1065 1265 nature
1116 1230 1300 1266 carnalis,
1354 1228 1445 1267 Ideo
1499 1237 1535 1265 et

211 1286 378 1337 gravius
410 1295 465 1323 est
497 1300 562 1323 eas
593 1300 614 1322 a
648 1295 790 1323 natura
824 1288 978 1323 carnali
1001 1288 1210 1337 precidere
1236 1300 1351 1337 quam
1385 1295 1534 1324 ceteras

207 1344 429 1393 passiones;
461 1345 669 1394 precidere
706 1353 832 1381 autem
874 1346 975 1381 iram
1009 1353 1077 1383 etc.
1113 1346 1227 1382 labor
1259 1353 1314 1382 est
1347 1358 1423 1394 per
1454 1346 1533 1382 col—

155 1417 197 1438 20
214 1403 491 1439 luctuacionem
525 1403 670 1449 cordis,
702 1404 797 1439 istas
829 1411 955 1440 autem
983 1404 1199 1453 passiones,
1230 1404 1375 1440 scilicet
1407 1416 1534 1440 escanz

213 1468 297 1504 etc„
340 1461 550 1510 precidere
592 1473 665 1497 non
710 1462 833 1497 solum
880 1462 993 1497 labor
1031 1470 1086 1498 est
1122 1462 1191 1498 sed
1236 1474 1462 1498 consumere
1500 1470 1535 1498 et

212 1525 415 1554 conterere
446 1526 481 1555 et
514 1519 733 1569 interficere
764 1520 889 1569 ipsam
922 1527 1103 1555 naturam
1139 1520 1336 1556 carnalem
1371 1527 1406 1556 et
1426 1520 1538 1569 quasi

212 1584 397 1612 truncare
424 1577 684 1613 substanciam
709 1577 832 1626 ipsam
855 1578 1199 1627 quemadmodum,
1231 1578 1266 1614 si
1295 1578 1378 1626 quis
1405 1578 1534 1627 preci-

214 1635 323 1671 deret
354 1647 376 1670 a
409 1647 576 1684 corpore
607 1635 766 1684 aliquod
804 1636 1070 1672 membrorum
1104 1635 1234 1685 ipsius.
1284 1636 1328 1671 Si
1357 1648 1455 1686 ergo
1490 1636 1537 1672 he

157 1695 195 1727 25
214 1700 293 1728 tres
320 1693 521 1741 passiones
552 1694 754 1730 naturales
785 1701 872 1730 sunt
904 1701 939 1729 et
970 1693 1101 1729 intime
1133 1701 1169 1729 et
1196 1694 1362 1743 proprie
1393 1702 1533 1730 nature

214 1750 400 1797 carnalis,
424 1751 566 1786 nullius
583 1751 780 1800 passionis
809 1752 1044 1787 abstinencia
1072 1752 1128 1788 sic
1155 1752 1372 1801 sanctificat
1394 1764 1536 1801 corpus

213 1808 402 1856 quomodo
434 1809 667 1845 abstinencia
699 1810 746 1845 ab
779 1809 862 1846 istis
889 1810 1033 1846 scilicet
1061 1810 1157 1846 escis
1179 1817 1263 1856 etc.,
1288 1818 1328 1846 ut
1349 1810 1398 1846 sit
1420 1810 1534 1847 homo

213 1873 355 1913 castus,
394 1873 434 1902 ut
457 1867 513 1903 ‘sit
550 1866 709 1914 ieiunus,
750 1874 792 1903 ut
827 1867 877 1904 sit
914 1868 951 1903 in
992 1867 1138 1918 vigiliis
1164 1880 1436 1917 perseverans.
1482 1868 1535 1904 Et

213 1924 320 1960 nulla
348 1924 494 1960 scilicet
522 1924 580 1960 ire
602 1932 637 1961 et
659 1932 876 1961 ceterorum
896 1925 1029 1974 passio
1061 1925 1116 1962 sic
1143 1926 1363 1974 coinquinat
1391 1938 1534 1975 corpus

158 1987 199 2019 30
214 1983 404 2031 quomodo
432 1983 638 2032 passiones
676 1983 758 2027 iste,
798 1991 838 2018 ut
868 1984 918 2019 sit
950 1984 1064 2019 homo
1096 1991 1163 2019 aut
1185 1984 1437 2032 fornicarius
1468 1992 1535 2020 aut

214 2040 394 2089 epulator
438 2048 505 2076 aut
544 2041 696 2077 deditus
739 2053 913 2090 sompno.
965 2042 1056 2077 Ideo
1095 2048 1130 2077 et
1173 2042 1384 2091 Apostolus
1423 2042 1534 2078 dicit:

220 2097 342 2134 Omne
366 2106 584 2147 peccatum,
614 2099 866 2148 quodcunque
891 2099 1042 2148 fecerit
1072 2099 1199 2146 homo,
1238 2107 1353 2136 extra
1392 2111 1535 2149 corpus

215 2163 290 2200 est,·
331 2156 397 2205 qui
426 2164 552 2192 autem
574 2157 818 2205 fornicatur,
852 2157 888 2193 in
927 2169 1071 2206 corpus
1107 2169 1218 2193 suum
1252 2165 1401 2206 peccat,
1448 2158 1534 2206 quia

208 2214 376 2262 proprie
408 2215 454 2250 de
486 2215 569 2263 ipsa
602 2222 744 2250 natura
783 2215 913 2251 carnis
946 2215 1080 2263 passio
1101 2215 1389 2263 fornicacionis
1420 2228 1534 2266 egre-

159 2275 197 2309 35
216 2271 333 2309 ditur.
384 2272 438 2308 Et
480 2272 672 2308 Dominus
722 2273 758 2308 in
811 2272 1014 2323 evangelio
1068 2273 1307 2321 epulatorem
1347 2274 1535 2323 proponit

216 2329 481 2378 dampnatum,
514 2330 576 2366 cui
600 2342 755 2379 pauper
786 2330 967 2383 Lazarus
1005 2331 1229 2375 adiacebat,·
1266 2338 1301 2367 et
1332 2332 1532 2368 Abraham

216 2399 289 2422 non
329 2387 422 2423 dicit
454 2388 506 2423 ei.-
536 2388 626 2434 Fili,
660 2388 875 2424 recordare
912 2388 999 2437 quia
1038 2395 1077 2424 tu
1117 2389 1187 2425 hoc
1225 2396 1260 2425 et
1292 2389 1363 2425 hoc
1383 2389 1533 2438 fecisti,

215 2444 360 2481 scilicet
383 2446 487 2481 mala
510 2445 546 2481 in
571 2446 646 2481 vita
683 2454 747 2482 tua
780 2453 816 2482 et
848 2458 946 2482 nunc
978 2447 1184 2493 cruciaris,
1217 2447 1285 2482 sed
1316 2447 1402 2496 quia
1436 2448 1533 2483 bona

216 2502 395 2552 recepisti
415 2503 450 2539 in
475 2503 552 2539 vita
585 2511 671 2549 ταας
702 2511 738 2539 et
769 2504 896 2553 utique
917 2504 1109 2540 Dominus
1141 2504 1176 2540 in
1210 2504 1411 2555 evangelio
1439 2518 1532 2554 pre-

285 2680 326 2699 ιο.
341 2673 385 2699 A:
401 2672 470 2707 ipsa
486 2672 578 2699 deest.
653 2680 694 2700 10.
709 2672 825 2700 Codd.:
842 2675 872 2700 et
884 2681 950 2700 cum
964 2673 1026 2700 lziis
1039 2672 1170 2708 quidem.
1246 2672 1346 2702 11-13.
1362 2675 1406 2702 A:
1421 2674 1487 2702 sine
1499 2690 1533 2694 »-

215 2709 329 2734 natura
344 2707 436 2734 deest.
511 2715 552 2740 14.
569 2707 607 2734 B:
629 2715 735 2734 omnes
754 2708 832 2734 illas.
906 2708 948 2735 16.
962 2709 1007 2735 A:
1027 2708 1145 2735 scilicet
1156 2716 1256 2735 escam
1271 2708 1366 2736 deest.
1404 2707 1443 2737 31.
1458 2710 1487 2736 A
1501 2710 1531 2736 in

215 2749 330 2776 marg.:
352 2741 434 2769 Nota
448 2750 573 2769 summe.
645 2741 692 2778 325,
707 2740 754 2777 39.
769 2743 813 2769 A:
834 2750 915 2769 nunc
927 2757 960 2762 —
974 2743 1038 2769 vila
1054 2745 1107 2770 tua
1122 2743 1216 2770 deest.
1288 2742 1336 2779 39.
1350 2745 1394 2771 A:
1410 2745 1530 2779 ubique.

287 2814 339 2846 32.
366 2813 404 2845 ΙΙ.
432 2813 512 2844 Cor.
540 2813 597 2853 VI,
629 2813 676 2845 18.
776 2815 827 2856 37.
857 2815 972 2846 Lucae
998 2815 1086 2854 XVI,
1115 2814 1167 2846 25.

1325 2873 1391 2917 27*

1737 199 1820 233 419

1556 415 1604 442 An
1626 415 1691 442 sins
1712 423 1762 442 are
1783 414 1817 442 of

1571 452 1620 477 tlte
1641 450 1727 480 flesh.
1750 451 1803 477 but

1611 486 1759 520 specially

1572 520 1724 555 gluttonv,
1746 521 1806 548 lust

1601 555 1661 582 and
1681 552 1773 582 sloth.

1578 1236 1667 1300 Thely
1688 1245 1738 1264 are
1759 1246 1794 1265 so

1630 1281 1645 1299 c
1660 1273 1746 1308 osely

1549 1308 1718 1334 connected
1740 1308 1813 1335 with

1549 1350 1606 1369 our
1626 1347 1734 1370 nature
1753 1343 1819 1370 that

1561 1378 1632 1412 they
1652 1386 1705 1405 are
1725 1383 1809 1404 most

1568 1412 1698 1440 difficult
1717 1417 1748 1439 to
1770 1413 1806 1439 be

1635 1448 1682 1474 rid
1703 1447 1744 1474 of.

1551 1933 1654 1962 Hence
1673 1935 1724 1962 the
1748 1935 1823 1963 need

1601 1970 1636 1997 of
1651 1970 1776 2005 fasting.
