2003 3322
210 256 297 284 CAP.
318 246 429 301 XXIL]
723 257 864 290 PRIMA
890 257 1017 289 PARS.
1757 247 1803 296 73

700 373 837 415 CAP.
871 372 1036 414 XXII.

268 482 323 518 Ex
355 482 438 518 istis
472 481 672 529 colligitur
694 482 802 529 quod
836 489 919 517 tota
952 480 1135 517 recencia
1167 480 1404 529 insipiencia
1437 480 1520 517 sine
1550 499 1690 529 Whatis
1711 504 1741 526 to
1763 499 1799 526 be

213 541 329 588 culpa
362 540 403 576 in
434 548 540 576 terra
580 538 788 575 militantis
828 538 993 575 ecclesie
1038 539 1267 575 introducta
1306 547 1521 575 causantur
1546 534 1810 598 savqooffireiexsvsitilalt.

213 611 256 635 ex
287 598 377 634 talis
409 597 501 634 salis
535 596 764 634 deficiencia
795 596 835 633 in
859 596 992 633 officio
1017 598 1123 645 quod
1149 597 1329 633 Christus
1362 597 1520 640 limitat,

181 660 255 693 5ut
299 656 418 692 faciat
463 668 552 692 cum
598 654 779 692 terrenis.
832 656 924 691 Ideo
963 667 1123 691 necesse
1163 663 1221 691 est
1259 663 1302 691 ut
1341 654 1522 692 Christus

213 716 353 751 doceat
405 714 500 762 quid
553 721 610 749 est
661 725 752 750 cum
804 713 873 749 tali
915 713 995 749 sale
1036 714 1147 749 fatuo
1196 712 1437 759 faciendum,
1491 712 1521 749 si

213 785 234 809 a
268 771 424 808 mistico
457 784 528 808 suo
565 771 698 808 officio
734 771 936 808 evanuerit
975 780 1011 807 et
1045 770 1306 819 spiritualiter
1340 771 1523 807 homines

213 843 293 867 non
325 829 486 875 salierit,
520 829 614 877 quia
646 837 740 865 tunc
773 829 935 865 indubie
968 830 1136 865 multum
1173 838 1302 866 nocet.
1345 829 1524 865 Christus

214 897 346 925 autem
380 888 495 924 docet
528 887 591 924 hic
615 888 690 924 hoc
714 887 771 923 sal
794 895 1002 935 tamquam
1028 887 1274 935 superfluum
1301 895 1337 924 et
1361 886 1524 935 corpori

162 959 200 980 10
216 945 379 983 ecclesie
412 945 598 982 nocivum
631 946 738 982 foras
772 945 1010 981 mittendum
1038 954 1074 981 et
1104 947 1152 982 ab
1177 945 1408 982 horninibus
1433 958 1526 982 con-

216 1004 468 1049 culcandum,
515 1003 608 1052 quia
651 1003 753 1040 sicut
794 1003 991 1040 medicina
1031 1003 1200 1040 salubris
1239 1012 1296 1040 est
1336 1003 1525 1040 sanandis

216 1075 305 1099 cum
358 1061 570 1110 diligencia
615 1063 868 1110 apponenda,
919 1061 975 1098 sic
1019 1062 1248 1110 corruptela
1294 1061 1445 1098 inutilis
1490 1070 1527 1097 et

214 1120 355 1157 nociva
379 1128 435 1156 est
459 1132 549 1156 cum
572 1128 681 1156 tanta
705 1119 917 1167 diligencia
940 1121 1220 1156 ammovenda.
1246 1121 1338 1156 Ideo
1359 1128 1527 1168 peccant

217 1186 355 1215 contra
387 1186 567 1215 sanctam
603 1186 772 1214 matrem
807 1177 1018 1215 ecclesiam
1051 1178 1119 1226 qui
1157 1179 1236 1215 tale
1275 1178 1333 1214 sal
1372 1178 1526 1214 fatuum

91 1236 173 1272 361d
216 1249 298 1273 non
331 1245 539 1281 evacuant,
573 1248 664 1272 cum
698 1236 747 1272 sit
780 1236 945 1272 ecclesie
977 1235 1034 1272 sic
1066 1235 1265 1274 nocivum.
1295 1233 1301 1289 Ι
1330 1236 1370 1273 Si
1394 1245 1528 1272 autem

217 1303 404 1331 naturam
438 1294 529 1330 salis
562 1294 742 1331 amiserit
776 1303 812 1330 et
844 1293 1124 1342 refrigescente
1158 1294 1324 1331 caritate
1357 1306 1403 1331 ac
1436 1306 1528 1331 can-

220 1354 338 1389 dente
375 1352 658 1400 temporalium
697 1351 1017 1389 lubrificancium
1064 1352 1282 1401 cupiditate
1327 1352 1529 1400 proximos

219 1410 558 1456 scandalizaverit,
609 1410 836 1458 superiores
869 1410 937 1458 qui
971 1419 1108 1447 amant
1142 1410 1351 1447 ecclesiam
1385 1412 1530 1447 debent

219 1470 437 1506 secundum
485 1468 631 1505 Christi
671 1468 897 1505 doctrinam
938 1481 1129 1505 evacuare
1174 1469 1527 1516 indisposicionem

162 1527 335 1563 20huius
380 1526 471 1563 salis
517 1536 652 1563 sancte
699 1526 817 1563 matri
863 1527 1028 1563 ecclesie
1079 1527 1134 1563 sic
1189 1526 1385 1563 nocentis.
1439 1528 1531 1563 Ideo

219 1584 313 1621 dicit
367 1586 539 1633 quedam
593 1585 724 1633 glossa
776 1586 883 1633 quod
931 1585 962 1621 si
1014 1585 1071 1621 sal
1100 1585 1227 1636 *istud
1273 1585 1531 1633 liquescendo

220 1642 422 1680 evanuerit
444 1642 591 1691 frigore
613 1652 770 1679 terrene
794 1643 1038 1691 cupiditatis,
1063 1643 1155 1691 quia
1180 1643 1319 1680 exinde
1335 1643 1533 1693 frigescet

220 1701 364 1737 caritas
397 1701 607 1737 multorum
642 1704 699 1745 (ut
723 1700 818 1737 dicit
842 1701 1009 1737 Matthei
1032 1702 1166 1748 XXIV⁷
1198 1704 1257 1745 12>
1281 1702 1341 1738 vel
1365 1702 1532 1737 humore

222 1758 391 1796 carnalis
424 1758 662 1795 lubricitatis
703 1772 779 1807 que
816 1767 922 1796 vetat
956 1759 1149 1796 visionem
1185 1768 1221 1796 et
1254 1772 1439 1807 saporem
1473 1772 1533 1795 sa-

166 1815 204 1848 25
222 1817 377 1865 piencie
422 1818 557 1862 (Hebr.
591 1818 670 1863 XII,
713 1830 778 1863 14:
824 1818 962 1853 Pacem
1002 1818 1202 1866 sequimini
1238 1830 1322 1853 cum
1362 1818 1535 1854 omnibus

223 1883 257 1911 et
288 1875 577 1911 sanctimoniam
611 1876 691 1911 sine
722 1887 794 1924 qua
828 1888 936 1912 nemo
971 1876 1111 1911 videbit
1131 1877 1285 1921 Deum),
1320 1876 1394 1912 erit
1428 1884 1535 1912 extra

222 1941 407 1970 naturam
443 1933 535 1969 salis
568 1935 617 1969 ad
650 1933 829 1970 officium
864 1933 962 1969 illud
994 1934 1148 1971 inutile.
1183 1937 1285 1971 Nam
1314 1935 1534 1970 secundum

223 1993 480 2039 Jeronymum
515 1992 691 2039 prelatus
725 1991 944 2040 cupiditate
977 2001 1019 2028 ut
1058 2005 1163 2040 aqua
1203 1991 1344 2038 affluit,
1390 1992 1536 2028 timore

224 2048 466 2097 perdicionis
505 2049 787 2097 temporalium
830 2049 1056 2087 succumbit
1096 2059 1132 2086 et
1166 2062 1300 2086 errore
1333 2050 1430 2098 legis
1464 2049 1535 2086 Dei

168 2108 247 2144 30a
279 2108 405 2155 gradu
437 2107 529 2143 salis
561 2120 601 2143 se
633 2107 764 2156 ipsum
799 2107 936 2156 deicit3
970 2109 1076 2157 quod
1110 2108 1140 2144 si
1175 2107 1372 2156 contingit
1395 2107 1435 2144 in
1458 2121 1537 2156 quo

226 2166 292 2202 fiet
325 2165 577 2201 subditorum
618 2165 866 2211 emendacio,
914 2179 1003 2202 cum
1050 2165 1199 2203 subditi
1238 2166 1333 2202 mali
1373 2175 1539 2214 peccata

226 2223 300 2260 sibi
334 2224 591 2260 accumulant
623 2232 659 2260 et
693 2224 836 2272 prelati
869 2236 941 2261 nec
975 2237 996 2260 a
1029 2237 1069 2261 se
1103 2224 1198 2272 ipsis
1230 2236 1302 2260 nec
1326 2237 1348 2260 a
1371 2223 1538 2260 subditis

227 2289 392 2330 peccata
416 2290 623 2328 evacuant,
657 2282 747 2318 ideo
772 2282 916 2318 dicitur
939 2283 1045 2318 Eccl.
1069 2284 1173 2318 XIII:
1205 2282 1301 2332 Quis
1325 2282 1540 2318 medebitur

228 2340 460 2375 incantatori
489 2352 510 2375 a
543 2347 719 2389 serpente
747 2341 963 2389 percusso?

172 2397 210 2428 35
287 2398 399 2433 Unde
432 2397 616 2433 radicalis
650 2410 770 2434 causa
794 2398 1045 2446 regnacionis
1069 2397 1217 2434 diaboli
1248 2406 1305 2434 est
1327 2406 1537 2445 peccatum
1607 2413 1660 2441 Sin
1682 2413 1716 2440 of
1733 2413 1783 2440 the

229 2454 482 2502 superiorum
506 2455 683 2492 ecclesie.
709 2456 853 2492 Deficit
873 2456 977 2493 enim
1001 2456 1104 2492 inter
1127 2459 1255 2492 Deum
1281 2464 1318 2492 et
1341 2456 1535 2504 populum
1583 2449 1802 2510 {ssiierrcShOfiiiss}

230 2512 439 2559 mediator,
473 2526 545 2561 pro
569 2522 734 2561 peccato
762 2514 900 2562 populi
933 2514 1158 2551 satisfactos
1191 2523 1228 2551 et
1260 2513 1539 2562 ignorancium
1581 2518 1739 2589 thepgiiieir
1754 2518 1802 2545 his

300 2713 329 2744 9:
350 2705 389 2732 B:
410 2705 461 2745 Ῐιῐε
481 2706 574 2733 deest.
648 2707 684 2734 15.
706 2707 746 2734 B:
767 2709 830 2734 tam
849 2706 997 2734 nocivum.
1077 2706 1118 2741 25,
1139 2707 1186 2734 26.
1208 2708 1258 2735 A:
1286 2715 1350 2735 cum
1371 2707 1544 2734 hominihus

229 2743 473 2767 sanctimoniam.
546 2742 591 2768 28.
613 2742 641 2769 A
660 2742 691 2769 in
712 2750 825 2777 marg:
847 2741 1041 2777 Jeronymus.

303 2845 354 2866 20.
393 2836 591 2877 Sermones,
630 2836 724 2868 Pars.
756 2838 794 2877 II,
833 2838 942 2869 Serm.
982 2837 1051 2877 LII,
1089 2848 1121 2879 p.
1163 2836 1238 2879 378.
1382 2847 1435 2879 27.
1462 2837 1544 2869 ibid.

234 2882 286 2916 33.
312 2881 444 2913 Eccles.
469 2882 540 2923 XII,
571 2883 622 2915 13.
