2003 3322
201 831 308 859 Rulers
329 831 387 858 and

207 871 291 902 great
312 874 380 893 men

859 251 977 283 opus
1003 251 1339 283 EVANGELICUM
1503 239 1608 294 [CAP.
1632 247 1754 276 xxvn.

445 359 656 396 considera
689 358 728 394 in
762 357 1031 406 magnatibus,
1072 357 1111 393 in
1152 357 1305 394 clericis
1351 359 1483 406 quoad
1522 358 1759 406 temporalia

444 416 785 465 superfluentibus
819 425 855 452 et
889 415 975 452 aliis
1011 416 1149 452 mundi
1184 415 1372 452 divitibus
1406 425 1443 452 et
1467 429 1510 452 ex
1533 416 1612 453 alio
1635 417 1759 453 latere

444 475 484 511 in
507 474 700 523 operariis
724 473 950 511 ociantibus
974 483 1011 511 et
1035 474 1121 511 aliis
1145 473 1261 510 sectis
1285 483 1418 522 preter
1440 475 1568 522 legem
1594 475 1756 512 Domini

445 532 705 579 introductis;
739 541 776 569 et
808 531 865 568 illi
899 541 992 568 sunt
1023 532 1064 568 in
1098 544 1218 568 causa
1251 545 1375 581 quare
1409 532 1626 569 multitudo
1648 533 1760 570 vian-

446 591 551 628 cium
585 590 626 627 in
659 590 743 627 istis
777 598 931 627 tantam
967 589 1119 639 patitur
1152 589 1408 637 discrasiam;
1455 600 1490 628 et
1523 604 1612 627 cum
1647 591 1793 640 quasi5

445 658 527 686 tota
563 648 779 685 multitudo
813 648 1011 685 viancium
1052 648 1093 684 in
1132 647 1218 684 istis
1258 648 1311 685 eis
1343 648 1560 697 participat
1592 662 1635 686 ex
1668 662 1761 686 con-

445 720 577 754 senSU,
623 720 703 743 non
743 706 889 743 mirum
930 706 962 743 si
1002 705 1180 743 militans
1218 706 1387 743 ecclesia
1425 706 1466 743 in
1499 706 1575 743 isto
1607 707 1761 744 infideli

446 764 661 814 participio
694 764 898 813 puniatur.

505 823 649 871 Capiat
702 835 795 871 ergo
845 831 1093 870 magnatum⁷
1149 822 1387 859 clericorum
1443 831 1479 859 et
1528 822 1758 872 potencium

158 901 269 929 should
293 905 345 928 not
365 901 431 928 take
448 881 665 918 multitudo
699 882 747 917 de
779 881 863 917 istis
897 879 1187 928 temporalibus
1216 881 1436 917 secundum
1462 881 1640 929 regulam
1664 881 1762 929 legis
1782 892 1820 913 10

158 944 244 964 more
266 937 340 963 than
362 935 430 963 God

197 971 314 1004 allows‚
336 970 395 998 and

175 1006 283 1033 should
307 1009 359 1032 not
378 1005 416 1032 let

156 1043 207 1068 the
227 1048 293 1067 new
314 1040 423 1067 orders

200 1075 330 1110 plunder
347 1075 398 1102 the

242 1117 328 1145 poor.

448 939 518 976 Dei
554 948 590 976 et
624 941 854 976 destruatur
886 938 1144 987 superfluitas
1170 938 1507 975 communitatum
1542 947 1578 976 et
1611 939 1762 987 specia-

447 997 539 1034 liter
572 997 813 1046 religionum
846 1009 1040 1034 novarum
1074 1009 1144 1045 per
1177 996 1382 1033 diabolum
1423 996 1656 1034 introducta
1715 999 1762 1033 Et

447 1064 570 1093 staret
602 1055 821 1092 multitudo
853 1054 1054 1092 viancium
1089 1056 1310 1091 secundum
1347 1056 1456 1103 quod
1480 1054 1637 1103 expedit
1661 1055 1763 1091 mili-

447 1113 624 1150 tantibus
663 1113 845 1161 regulata
881 1113 921 1150 in
961 1112 1164 1149 alimentis
1209 1122 1245 1149 et
1283 1112 1537 1161 tegumentis.
1591 1115 1639 1149 Et
1691 1113 1763 1150 hec

447 1171 556 1209 racio
590 1184 714 1220 quare
747 1172 876 1208 clerus
909 1172 1026 1207 debet
1059 1180 1200 1207 contra
1234 1172 1332 1208 tales
1365 1172 1511 1207 abusus
1534 1170 1574 1207 in
1597 1171 1819 1208 ecclesia15

448 1238 564 1267 acute
597 1230 797 1275 invehere,
832 1238 868 1266 et
901 1228 1128 1277 specialiter
1161 1237 1301 1265 contra
1333 1230 1404 1265 has
1433 1238 1560 1265 sectas
1591 1238 1763 1277 quatuor

449 1301 540 1325 cum
585 1287 665 1324 suis
709 1287 898 1324 abusibus
939 1296 1079 1324 contra
1124 1287 1250 1335 legem
1291 1286 1454 1323 Domini
1498 1287 1761 1325 introductas

449 1349 619 1383 Necesse
651 1345 813 1394 quidem
861 1354 917 1382 est
957 1346 1065 1393 quod
1105 1344 1272 1382 ecclesia
1312 1354 1476 1394 propter
1521 1358 1762 1382 consensum

450 1405 488 1440 in
530 1404 610 1441 suis
651 1403 841 1440 abusibus
885 1403 926 1440 in
970 1403 1263 1452 temporalibus
1307 1403 1502 1452 paciatur,
1549 1412 1592 1439 ut
1636 1404 1766 1440 consi-

450 1464 635 1499 deremus
668 1470 864 1511 quantum
899 1462 1054 1507 fratres,
1097 1461 1298 1508 monachi,
1340 1460 1524 1498 canonici
1557 1470 1593 1498 et
1638 1462 1765 1498 clerus
1782 1471 1823 1492 20

450 1520 624 1557 cesarius
664 1529 909 1557 consumunt
950 1521 997 1556 de
1037 1519 1111 1556 hiis
1150 1519 1441 1567 temporalibus
1488 1527 1525 1555 et
1569 1528 1763 1568 quantum

449 1579 646 1616 seculares
679 1577 834 1614 domini
868 1586 905 1614 et
939 1577 1078 1614 mundi
1112 1577 1251 1614 divites
1275 1590 1317 1614 ex
1340 1591 1410 1614 sua
1434 1577 1622 1625 superbia
1645 1586 1765 1626 atque

451 1637 543 1685 gula
581 1638 803 1673 abutuntur
842 1635 916 1673 hiis
955 1635 1244 1684 temporalibus
1283 1648 1404 1684 supra
1447 1636 1764 1681 moderanciam,

451 1704 488 1732 et
521 1694 744 1731 videbimus
768 1695 877 1742 quod
910 1702 1017 1730 totus
1041 1694 1213 1742 populus
1247 1693 1301 1730 eis
1334 1693 1594 1730 consenciens
1628 1693 1765 1742 aliquo

449 1765 514 1789 sex
547 1765 738 1801 generum
774 1751 823 1788 sit
862 1765 905 1788 ex
939 1751 1010 1788 Dei
1051 1751 1311 1799 providencia
1350 1752 1388 1788 in
1429 1751 1597 1788 istorum
1639 1752 1766 1800 parci—
1783 1753 1822 1785 25

451 1810 587 1847 monia
621 1809 922 1846 racionabiliter
955 1810 1196 1858 puniendUS.
1233 1809 1520 1858 Relinquamus
1546 1823 1640 1858 ergo
1664 1810 1767 1846 hanc

449 1868 727 1905 infidelitatem
762 1869 872 1916 quod
907 1870 1011 1904 Deus
1046 1880 1126 1904 non
1150 1866 1333 1916 providet
1365 1867 1439 1903 nisi
1473 1868 1573 1904 forte
1602 1880 1767 1916 genera—

449 1926 538 1963 liter
591 1925 812 1963 viatoribus
866 1925 905 1962 in
958 1925 1033 1962 hiis
1086 1925 1219 1972 bonis3
1273 1927 1341 1961 sed
1395 1927 1606 1962 credamus
1659 1927 1765 1974 quod

449 1984 664 2021 iustissime
698 1984 896 2020 subtrahit
922 1983 1155 2020 hominibus
1179 1982 1340 2020 racione
1366 1983 1424 2019 sui
1449 1983 1603 2032 pcccati
1626 1996 1767 2020 secun-

450 2044 545 2078 dum
580 2043 689 2091 quod
724 2041 920 2090 competit
953 2041 1156 2090 sapiencie
1190 2041 1360 2077 infinite.
1784 2044 1825 2077 30

917 2189 1057 2230 CAP.
1090 2189 1303 2230 XXVII.

510 2286 700 2334 Sequitur
733 2285 772 2321 in
805 2294 913 2322 textu
947 2285 1162 2333 evangelii:
1199 2285 1328 2321 Nolite
1361 2286 1484 2334 igitur
1512 2285 1668 2322 solliciti
1688 2298 1769 2321 esse

453 2344 639 2380 dicentes:
685 2344 788 2387 Quid
822 2344 1142 2379 manducabimus
1175 2350 1241 2378 aut
1273 2344 1364 2391 quid
1395 2344 1566 2379 bibemus
1598 2351 1663 2379 aut
1696 2355 1768 2391 quo

452 2402 704 2451 operiemur?
737 2402 820 2437 Hec
852 2402 950 2437 enim
984 2402 1111 2438 omnia
1143 2408 1278 2451 gentes
1311 2402 1518 2450 inquirunt.
1561 2401 1639 2437 Scit
1671 2401 1768 2437 enim

448 2467 564 2509 pater
597 2467 735 2505 vester,
777 2459 863 2507 quia
903 2459 975 2495 hiis
1015 2459 1188 2495 omnibus
1221 2459 1415 2509 indigetis,
1469 2460 1627 2502 Querite
1670 2472 1767 2509 ergo
1785 2471 1824 2504 35

448 2518 619 2566 primum
656 2530 820 2567 regnum
856 2517 930 2553 Dei
960 2525 995 2552 et
1026 2517 1214 2552 iusticiam
1248 2517 1327 2552 eius
1359 2525 1393 2553 et
1425 2518 1491 2552 hec
1524 2517 1651 2552 omnia
1684 2517 1767 2552 adi-

454 2575 603 2611 cientur
637 2576 752 2611 vobis.

526 2763 566 2787 14.
588 2756 631 2782 A:
660 2757 744 2781 recta
772 2754 813 2781 in.
923 2761 962 2789 17.
990 2755 1016 2780 A
1044 2754 1072 2780 iu
1103 2762 1216 2789 marg:
1245 2753 1324 2781 Nola
1354 2757 1462 2781 contra
1492 2757 1593 2781 sectas
1616 2754 1767 2789 privatas.

456 2796 494 2817 21.
516 2791 559 2817 A:
582 2789 612 2816 in
635 2789 714 2821 lzt'is;
735 2789 756 2816 Β
777 2788 924 2816 correxit:
946 2789 983 2816 de
1003 2788 1060 2815 his.
1133 2788 1177 2816 32.
1200 2789 1237 2815 B:
1259 2789 1361 2824 igitur
1381 2789 1473 2815 deest.

528 2874 579 2905 32.
608 2873 725 2904 Matth.
755 2873 808 2913 Vl,
837 2873 984 2906 ’ἀι-33.
