2003 3322
174 213 263 241 CAP.
283 203 394 257 xxx]
690 214 831 246 PRIMA
859 213 985 245 PARS.

231 321 306 358 Hic
338 319 605 358 communiter
637 319 843 356 dubitatur
865 320 897 356 si
919 319 1071 356 viantes
1094 319 1270 356 iudicare
1292 328 1481 367 poterunt

1697 205 1767 241 105

1527 328 1678 356 Whether
1698 336 1744 355 we

1501 371 1556 390 can
1578 364 1669 390 know
1690 364 1773 390 what

173 380 240 428 qui
287 378 365 415 sint
409 387 542 426 partes
587 377 771 424 ecclesie3
817 386 854 414 et
903 377 1059 414 videtur
1103 379 1212 426 quod
1264 377 1333 421 sic,
1387 377 1565 426 quiarnen
1590 401 1766 432 areapart

173 436 335 486 prelatis
379 445 470 472 sunt
514 436 692 473 redditus
738 444 774 472 et
818 435 1045 472 reverencie
1094 435 1324 482 tribuende;
1372 437 1481 483 quod

173 508 254 532 non
292 503 424 542 posset
463 507 546 531 esse
585 494 659 530 nisi
698 493 840 541 prelati
881 493 1045 530 ecclesie
1083 494 1214 530 forent
1259 493 1406 541 cogniti
1444 502 1481 530 et

140 552 403 589 §huiusmodi
442 565 464 589 a
502 552 653 600 populo
686 551 873 598 iudicati3
919 560 956 588 et
1001 551 1056 588 sic
1096 552 1274 588 humana
1318 551 1480 597 eleccio,

173 624 322 648 corona
355 619 392 647 et
424 611 495 646 hec
527 609 639 658 signa
671 609 875 646 sensibilia
906 609 1131 646 necessario
1155 617 1245 645 sunt
1269 611 1480 648 credenda.

172 671 221 705 Et
252 668 357 705 idem
382 668 538 705 videtur
571 669 618 704 de
651 676 996 704 sacramentorum
1020 667 1260 716 accepcione
1285 676 1321 704 et
1345 667 1480 704 multis

173 726 294 775 signis
327 725 427 763 aliis.
462 728 516 762 Ex
549 725 693 774 quibus
725 725 912 774 cognosci
936 734 1068 774 potest
1092 738 1168 774 que
1190 737 1360 774 persone
1392 734 1485 762 sunt

171 793 303 833 partes
337 783 514 821 ecclesie.
549 783 677 820 Aliter
708 783 814 820 enim
838 796 881 820 ex
905 783 1141 820 confusione
1164 783 1312 832 periret
1333 783 1484 820 noticia

117 858 155 878 10
174 842 404 888 christiani3
451 850 488 879 et
536 842 798 878 confirmatur
842 854 885 878 ex
924 843 999 878 hoc
1041 842 1150 890 quod
1190 841 1372 878 Christus
1418 841 1482 878 hic

173 900 288 936 dicit:
334 901 420 936 Non
447 907 576 948 potest
614 900 749 936 civitas
780 900 964 935 abscondi
993 912 1113 949 supra
1146 907 1310 936 montem
1338 899 1480 949 posita.

229 958 304 994 Hic
335 957 491 995 videtur
526 957 661 994 multis
695 957 803 1006 quod
836 970 948 994 error
981 959 1027 994 de
1060 956 1211 994 iudicio
1234 958 1481 1006 prelatorum

172 1015 336 1053 ecclesie
373 1017 594 1052 secundum
634 1014 747 1064 signa
786 1015 1013 1052 adulterina
1053 1015 1257 1052 sensibilia
1297 1024 1355 1052 est
1394 1027 1484 1064 per-

170 1086 305 1111 versus
338 1082 374 1110 et
406 1074 501 1110 facit
533 1073 660 1110 multa
693 1073 797 1110 mala
829 1073 868 1110 in
902 1074 1069 1110 ecclesia
1103 1073 1313 1110 militante.

120 1136 153 1170 ι5
230 1132 304 1168 Hic
337 1131 483 1168 dicitur
515 1133 622 1180 quod
655 1140 815 1179 oportet
848 1131 1050 1169 Christum
1084 1131 1124 1167 in
1158 1133 1278 1168 corde
1312 1132 1407 1180 poni
1439 1140 1482 1168 ut

172 1190 299 1226 basim
335 1189 427 1226 fidei
460 1199 497 1226 et
530 1189 660 1237 ipsum
694 1189 805 1226 nosci
829 1201 873 1226 ex
896 1189 972 1226 fide
997 1189 1204 1238 evangelii,
1238 1198 1275 1226 et
1303 1202 1374 1238 per
1406 1190 1481 1226 hoc

1513 433 1547 460 of
1564 433 1613 460 the
1633 433 1759 459 church.

1509 1139 1568 1168 We
1589 1147 1659 1174 may
1681 1140 1761 1167 form

1544 1183 1560 1202 a
1580 1175 1727 1210 probable

1506 1210 1665 1245 judgment
1684 1210 1764 1236 from

174 1247 345 1284 discerni
385 1247 453 1296 qui
492 1247 627 1284 fideles
672 1256 859 1284 secuntur
898 1247 1100 1288 Christum
1139 1247 1180 1283 in
1221 1247 1399 1284 moribus
1443 1245 1575 1284 etvtheilm
1594 1244 1694 1277 frans,
1722 1244 1774 1270 but

172 1306 227 1342 sic
259 1317 330 1354 per
361 1306 436 1341 hoc
459 1305 721 1353 probabiliter
742 1306 803 1342 vel
835 1305 1037 1353 opinative
1069 1305 1248 1342 iudicare
1281 1318 1357 1354 que
1391 1314 1481 1341 sunt

172 1373 305 1412 partes
344 1363 510 1400 ecclesie
550 1372 587 1400 et
618 1376 690 1412 per
731 1363 962 1412 oppositum
1000 1363 1181 1400 iudicare
1219 1363 1482 1412 probabiliter

114 1438 155 1459 20
172 1434 247 1471 que
275 1430 365 1458 sunt
387 1430 520 1470 partes
548 1421 714 1466 diaboli;
752 1430 788 1458 et
818 1421 873 1458 sic
896 1421 1070 1458 inveniet
1092 1423 1214 1458 homo
1239 1435 1260 1459 a
1284 1421 1483 1470 probabili

172 1481 305 1528 plures
337 1492 528 1528 personas
567 1481 786 1516 secundum
826 1479 1004 1516 divinum
1042 1479 1237 1516 iudicium
1278 1492 1354 1529 que
1393 1488 1484 1516 sunt

171 1547 305 1586 partes
340 1537 489 1574 diaboli
523 1550 643 1586 quam
678 1550 754 1586 que
787 1546 879 1574 sunt
911 1546 1044 1586 partes
1078 1537 1256 1575 ecclesie.
1303 1540 1351 1574 Et
1391 1538 1483 1574 hinc

173 1596 354 1633 dolenter
387 1595 482 1632 dicit
515 1597 731 1644 propheta:
775 1596 920 1632 Factus
956 1596 1054 1632 sicut
1086 1596 1200 1632 homo
1233 1609 1484 1647 congregans

171 1666 346 1690 racemos
398 1654 433 1689 in
485 1661 717 1703 autumpn03
768 1662 805 1690 et
853 1653 1034 1691 Christus
1080 1653 1175 1690 dicit
1221 1655 1268 1690 de
1312 1666 1352 1690 se
1397 1654 1485 1701 ipso

113 1717 152 1750 25
170 1713 257 1748 Joh.
290 1713 336 1758 X,
373 1711 443 1747 38:
484 1711 673 1761 Operibus
705 1711 871 1757 credite;
902 1720 938 1748 et
971 1711 1136 1748 Matthei
1168 1713 1250 1758 VH,
1291 1713 1352 1759 16,
1387 1711 1484 1748 dicit

172 1771 219 1806 de
253 1769 386 1806 malis:
418 1769 487 1805 Ex
509 1769 711 1818 fructibus
743 1782 875 1805 eorum
909 1770 1149 1820 cognoscetis
1181 1782 1256 1806 eos.
1292 1769 1357 1807 Sic
1390 1782 1484 1818 ergo

172 1827 281 1864 nosci
329 1836 366 1864 et
410 1826 579 1863 iudicari
617 1836 786 1875 possunt
824 1836 903 1864 tam
951 1827 1089 1864 fideles
1138 1840 1257 1876 quam
1304 1827 1484 1864 infideles

170 1884 320 1922 noticia
352 1884 546 1933 opinabili
579 1885 679 1922 citra
712 1885 853 1932 fidem;
894 1894 931 1922 et
964 1885 1063 1922 citra
1098 1885 1218 1922 fidem
1253 1885 1356 1932 dico,
1391 1886 1483 1934 quia

172 1943 372 1980 nescimus
397 1955 516 1991 quam
542 1943 719 1991 graciam
747 1952 839 1980 sunt
861 1943 1045 1980 homines
1070 1943 1244 1980 finaliter
1266 1943 1484 1992 accepturi,

114 2008 156 2040 30
172 2002 239 2038 sed
284 2001 518 2038 estimamus
559 2014 581 2037 a
619 2001 819 2050 probabili
864 2001 959 2050 quia
1005 2001 1120 2038 multi
1164 2001 1296 2039 vocati
1340 2001 1484 2050 prelati

172 2058 336 2096 ecclesie
369 2067 459 2094 sunt
481 2058 601 2095 vitam
625 2058 742 2095 istam
774 2058 916 2095 misere
948 2059 1112 2105 finituri,
1147 2059 1240 2108 quia
1264 2061 1483 2096 secundum

172 2116 397 2153 doctrinam
423 2116 570 2153 Christi
594 2129 637 2153 ex
659 2117 739 2153 suis
771 2117 960 2165 operibus
994 2126 1031 2153 et
1064 2117 1259 2154 fructibus
1293 2118 1484 2154 debemus

171 2173 432 2223 probabiliter
464 2174 656 2212 iudicare.

229 2231 418 2280 Sequitur
449 2232 489 2268 in
513 2241 641 2269 textu:
674 2233 806 2281 Neque
826 2234 1037 2269 accendunt
1060 2234 1259 2269 lucernam
1284 2241 1319 2269 et
1337 2241 1484 2282 ponunt

115 2295 153 2329 35
171 2303 253 2327 eam
286 2290 353 2327 sub
386 2290 512 2326 modio
544 2291 612 2327 sed
632 2303 749 2340 super
774 2291 1064 2337 candelabrum,
1100 2299 1138 2326 ut
1163 2292 1288 2327 luceat
1312 2292 1484 2328 omnibus

172 2349 235 2398 qui
265 2348 300 2384 in
335 2348 446 2384 domo
478 2356 578 2385 sunt.

230 2408 357 2454 Super
387 2419 466 2455 quo
488 2405 753 2454 Augustinus:
793 2406 896 2451 Quid
923 2414 1109 2456 putamus
1141 2407 1193 2443 ita
1227 2419 1308 2444 esse
1341 2407 1482 2443 dictum

172 2465 238 2501 sub
277 2464 417 2508 modio,
456 2472 496 2500 ut
534 2464 742 2500 occultacz'o
782 2471 928 2500 tantum
970 2466 1124 2501 lucerne
1162 2465 1383 2515 accipienda
1422 2466 1484 2509 sit,

173 2530 367 2570 tamquam
400 2522 434 2558 si
465 2522 627 2558 diceret:
659 2522 782 2558 Nemo
816 2523 990 2558 accendit
1023 2523 1218 2559 lucernam
1252 2530 1287 2559 et
1319 2523 1485 2559 occultat

241 2710 262 2729 1.
282 2703 310 2729 A
331 2702 360 2728 in
382 2709 496 2736 marg.:
518 2702 657 2729 Dubium.
681 2710 703 2729 1.
794 2710 821 2737 7.
841 2703 870 2730 Α
891 2703 919 2730 in
942 2710 1056 2738 marg:
1078 2710 1106 2730 2.
1204 2711 1244 2731 12.
1264 2704 1292 2731 A
1313 2703 1343 2730 in
1365 2711 1480 2739 marg:

171 2736 348 2772 Responsio.
422 2735 465 2771 37.
486 2737 515 2764 A
534 2737 564 2764 in
586 2745 699 2772 marg:
720 2737 921 2773 Augustinus.

243 2832 296 2864 23.
322 2830 424 2864 Mich.
451 2831 522 2872 VII,
555 2842 580 2863 1.
679 2832 730 2874 34.
757 2832 876 2864 Matth.
902 2833 943 2873 V,
975 2832 1025 2865 15.

1548 1284 1663 1318 cannot·
1681 1279 1716 1306 be

1574 1318 1698 1341 certain.

1545 2415 1727 2451 Augustine.
