2003 3322
184 231 200 266 3
213 231 261 267 30
882 238 1000 270 OPUS
1025 236 1362 269 EVANGELICUM
1535 223 1641 277 [CAP.
1663 232 1775 261 xx1v.

945 363 1084 403 CAP.
1116 363 1304 403 XXIV.

207 468 428 505 chrysostom:
530 459 790 508 Prosequitur
822 468 957 495 autem
990 458 1261 495 Crisostomus
1294 467 1389 494 tunc
1412 466 1561 494 textum
1585 458 1778 506 evangelii

210 515 422 584 ffiv‘gngypffig
472 520 544 554 sub
574 517 648 554 hiis
675 517 823 553 verbis:
857 517 1099 563 Intellexisti,
1140 516 1282 565 inquit⁷
1317 517 1506 565 quomodo
1535 516 1599 565 qui
1627 516 1777 552 oculum

216 585 300 624 mind
321 586 427 624 whose
473 577 585 612 habet
605 576 817 624 simplicem
836 587 977 624 corpus
999 587 1109 610 suum
1133 575 1299 610 lucidum
1320 572 1446 622 habet,
1463 574 1529 623 qui
1543 582 1667 610 autem
1692 586 1778 609 ocu-

181 621 259 655 hope
279 628 304 646 ¹⁵
324 627 354 646 ’Π
376 619 457 646 God.
473 635 565 680 lum,
584 634 623 669 id
640 640 694 670 est
717 640 891 679 mentem,
908 633 1020 668 habet
1042 639 1107 668 aut
1130 632 1372 682 malignitate
1393 632 1520 681 aliqua
1539 632 1779 668 tenebrosam
1797 634 1813 665 5

472 700 538 728 aut
582 691 810 727 diviciarum
864 691 1174 740 concupiscencia
1228 690 1486 726 turbulentam
1539 690 1779 726 tenebrosum

466 750 640 799 possidet
683 761 837 798 corpus.
883 749 985 783 Nam
1017 761 1087 798 que
1125 760 1188 784 res
1214 748 1374 796 faciunt
1412 755 1573 784 mentem
1618 747 1782 783 hominis

469 808 712 857 spiritualem
748 819 828 843 esse
860 814 895 842 et
927 807 1124 853 mundam,
1157 806 1237 855 ipse
1270 817 1332 842 res
1365 818 1415 842 ex
1448 806 1600 842 diverso
1624 805 1783 857 faciunt

470 866 668 902 carnalem
709 872 744 900 et
782 864 999 901 sordidam.
1046 864 1248 908 Quomodo
1275 864 1329 913 fit
1361 864 1504 899 munda
1536 875 1642 899 mens
1680 863 1782 898 illius

469 924 534 973 qui
555 923 661 972 facit
692 923 939 959 elemosinam
973 929 1008 958 et
1037 934 1143 971 spem
1178 922 1289 957 habet
1321 922 1356 957 in
1395 922 1475 958 celo
1514 921 1618 971 (spes
1655 929 1781 957 autem
1802 934 1841 954 10

470 982 506 1017 in
539 982 664 1017 Deum
687 981 794 1029 facit
826 988 986 1016 mentem
1019 980 1261 1029 spiritualem
1301 987 1336 1015 et
1374 979 1596 1027 mundam);
1637 979 1691 1015 sic
1723 978 1787 1027 qui

473 1039 631 1075 divicias
675 1046 897 1089 congregat
940 1050 1024 1074 cum
1054 1045 1228 1088 peccato,
1279 1050 1385 1087 spem
1437 1050 1544 1073 suam
1586 1037 1697 1086 ponit
1748 1036 1783 1071 in

473 1106 634 1133 terram.
674 1097 752 1140 Qui
780 1104 907 1132 autem
939 1109 1044 1146 spem
1073 1096 1183 1145 ponit
1213 1096 1249 1130 in
1283 1103 1390 1131 terra
1424 1096 1526 1132 illius
1559 1107 1664 1131 mens
1696 1107 1783 1131 car-

473 1155 571 1191 nalis
604 1162 659 1191 est
692 1162 727 1190 et
758 1155 968 1190 immunda.
1018 1154 1126 1190 Illius
1165 1165 1261 1204 ergo
1301 1161 1379 1189 tota
1413 1166 1505 1189 caro
1545 1153 1580 1188 in
1621 1152 1787 1188 tenebris

473 1221 541 1258 est,
575 1213 614 1248 id
647 1220 715 1259 est,
757 1213 792 1248 in
828 1213 1009 1261 peccatis.
1067 1211 1302 1256 Quomodo?
1352 1212 1515 1255 Quando
1555 1210 1652 1247 enim
1693 1212 1842 1246 caro15

472 1271 679 1307 secundum
697 1283 807 1306 suam
825 1278 1005 1306 naturam
1027 1270 1125 1306 sicut
1149 1269 1319 1306 diximus
1342 1269 1787 1318 concupiscitperversa‚

474 1331 587 1365 lzomo
631 1341 737 1377 spem
782 1329 923 1364 liabens
971 1329 1006 1363 in
1040 1336 1148 1363 terra
1188 1335 1223 1363 et
1268 1334 1429 1363 mentem
1469 1325 1788 1375 concupiscenciis

475 1387 749 1430 turbulentam,
783 1398 855 1422 non
889 1386 923 1421 ei
954 1385 1183 1422 contradicit
1216 1397 1282 1421 nec
1309 1385 1453 1421 iusticie
1476 1384 1789 1421 consideracione

476 1445 672 1481 diiudicat.
720 1445 801 1480 Nec
834 1444 965 1480 iudicii
984 1444 1120 1493 futuri
1157 1443 1298 1479 virtute
1336 1443 1558 1492 repercutit,
1596 1442 1683 1491 quia
1723 1454 1789 1477 nec

476 1503 578 1539 videt
606 1515 691 1539 cum
714 1502 763 1538 sit
795 1514 916 1548 cecus,
951 1514 1017 1538 nec
1046 1501 1228 1551 intelligit
1251 1513 1331 1537 esse
1353 1501 1497 1537 malum
1519 1501 1622 1550 quoa'
1644 1500 1789 1535 malum
1806 1512 1847 1533 20

475 1569 542 1608 est,
588 1568 623 1596 et
660 1560 694 1596 si
730 1561 810 1596 vult
842 1572 915 1597 non
944 1567 1085 1609 potest,
1124 1559 1210 1608 quia
1242 1571 1347 1608 spem
1382 1571 1455 1595 non
1495 1559 1607 1594 habet
1646 1558 1719 1594 nisi
1754 1557 1789 1592 in

476 1619 616 1655 seculo.

212 1682 357 1711 Without
375 1683 436 1710 this
536 1676 686 1712 Scimus
729 1682 855 1710 autem
898 1675 984 1723 quia
1027 1686 1114 1723 spes
1159 1674 1265 1710 nobis
1314 1681 1468 1723 prestat
1520 1674 1699 1709 virtutem
1753 1681 1792 1709 ut

206 1718 443 1780 hggceogieesstffll
479 1734 700 1771 carnalibus
743 1732 1063 1782 concupiscenciis
1107 1733 1344 1769 resistamus.
1398 1732 1474 1776 Qui
1515 1739 1641 1767 autem
1685 1743 1790 1780 spem

227 1788 429 1858 5¹³Vb00331¹¹²
480 1805 552 1829 non
600 1792 711 1827 habet
755 1791 791 1826 in
829 1791 910 1827 celo
950 1790 1129 1826 virtutem
1169 1803 1242 1827 non
1281 1791 1393 1826 habet
1432 1790 1612 1826 resistere
1655 1792 1846 1826 conca-25

471 1849 672 1900 piscenciis
706 1849 806 1894 suis;
844 1849 926 1884 ideo
950 1848 1002 1898 fit
1034 1861 1127 1885 caro
1161 1849 1265 1884 illius
1297 1855 1375 1884 tota
1409 1848 1622 1884 tenebrosa.
1668 1848 1720 1883 Et
1753 1855 1793 1883 ut

478 1908 630 1944 brevius
652 1915 687 1943 et
711 1907 955 1955 manifestius
978 1918 1230 1956 exponamus,
1256 1906 1383 1941 anima
1396 1906 1509 1955 prius
1533 1918 1645 1955 quam
1659 1913 1792 1954 peccet

479 1966 607 2002 divino
639 1965 787 2001 auxilio
820 1964 1045 2013 confortata
1080 1965 1233 2001 domina
1267 1972 1322 2000 est
1346 1964 1524 2013 corporis
1545 1964 1606 2000 sui
1627 1971 1662 1999 et
1682 1964 1794 2013 quasi

479 2024 600 2060 libera
641 2030 675 2059 et
708 2023 845 2073 regina
883 2023 988 2058 sedet
1026 2022 1062 2057 in
1101 2030 1213 2058 trono
1253 2022 1383 2058 cordis
1421 2022 1481 2058 sui
1522 2029 1556 2058 et
1599 2022 1793 2071 gubernat

478 2094 621 2131 corpus
652 2093 761 2117 suum
784 2080 895 2130 quasi
911 2080 1109 2130 palacium
1133 2093 1265 2125 suum;
1298 2092 1364 2116 nec
1383 2087 1511 2129 potest
1534 2092 1617 2115 eam
1642 2079 1793 2116 vincere
1810 2082 1851 2113 30

478 2152 584 2185 caro,
608 2140 642 2175 si
662 2146 787 2174 autem
811 2139 1001 2189 gravibus
1023 2151 1062 2174 se
1075 2138 1247 2188 peccatis
1270 2138 1517 2188 obligaverit,
1543 2145 1631 2174 tunc
1663 2137 1791 2173 divino

479 2197 627 2233 auxilio
671 2197 850 2233 destituta
890 2204 926 2232 et
966 2197 1001 2231 in
1035 2204 1228 2246 potestate
1265 2196 1470 2245 spirituum
1505 2196 1792 2232 immundorum

479 2256 653 2302 redacta,
675 2255 728 2304 fit
760 2263 794 2291 et
827 2255 961 2290 debilis
994 2263 1029 2290 et
1061 2255 1227 2304 infirma⁷
1266 2262 1306 2289 ut
1337 2254 1412 2289 iam
1447 2266 1519 2290 non
1557 2254 1605 2289 sit
1638 2253 1792 2290 domina

478 2313 657 2362 corporis
695 2313 755 2348 sui
789 2313 857 2349 sed
895 2313 1036 2349 ancilla
1073 2313 1216 2362 magis,
1255 2319 1290 2348 et
1321 2312 1394 2347 iam
1429 2324 1501 2348 non
1539 2324 1631 2347 caro
1669 2311 1795 2347 anime

477 2372 646 2407 subiecta
679 2378 734 2406 est
764 2372 832 2406 sed
864 2371 991 2406 anima
1024 2371 1145 2407 carni.
1180 2371 1260 2406 Nec
1291 2371 1394 2419 quod
1426 2370 1507 2406 vult
1539 2370 1665 2405 anima
1689 2369 1793 2418 facit
1809 2369 1848 2403 35

478 2430 546 2464 sed
577 2430 680 2477 quod
712 2441 804 2465 caro
837 2429 1009 2478 coegerit
1041 2430 1111 2464 lzoc
1143 2429 1270 2464 anima
1293 2428 1410 2476 facit.

538 2486 768 2522 Intellexisti
802 2499 899 2536 ergo
930 2487 1121 2535 quomodo
1144 2487 1209 2535 qui
1239 2486 1389 2521 oculum
1423 2486 1559 2521 mentis
1588 2485 1790 2521 sordidum

482 2545 593 2580 habet
624 2552 744 2581 totum
777 2557 918 2594 corpus
941 2545 1044 2581 illius
1066 2545 1308 2580 tenebrosum
1333 2544 1419 2580 erit.
1453 2544 1496 2579 Si
1516 2551 1642 2579 autem
1667 2543 1792 2579 lumen

551 2736 575 2764 3.
596 2737 640 2764 A:
663 2737 810 2764 intellexi.
920 2737 948 2763 (v.
975 2738 1018 2763 A:
1048 2736 1243 2763 tenebrosum
1269 2735 1363 2762 deest.
1473 2735 1510 2762 18.
1539 2736 1583 2761 A:
1613 2742 1673 2762 non
1702 2735 1792 2762 enim.

482 2770 524 2799 23.
547 2774 572 2798 Λ
596 2772 623 2798 in
647 2780 759 2806 murga
786 2772 828 2798 I)c·
847 2779 909 2806 spe.
984 2770 1027 2806 37.
1051 2772 1087 2797 13:
1109 2771 1293 2797 Intellexisti
1310 2774 1420 2797 autem.

553 2865 580 2885 2.
610 2855 675 2897 Op.
706 2856 801 2896 Imp,
830 2856 849 2886 Ι.
876 2866 902 2886 c.
930 2866 962 2896 p.
988 2854 1066 2896 817.
