2003 3322
185 224 274 253 CAP.
295 215 420 269 mm]
698 227 838 258 PRIMA
866 226 990 257 PARS.

186 347 258 371 non
300 341 424 383 potest
455 333 624 382 probari
665 345 781 382 neque
825 332 1020 381 temptari,
1051 331 1137 381 quia
1176 343 1284 367 nemo
1329 331 1387 367 illi
1423 332 1496 368 cito

187 392 410 428 violenciam
426 391 542 440 facit,
566 391 601 426 in
626 391 812 441 largitate
834 397 960 426 autem
993 396 1206 438 temptatur
1227 397 1262 425 et
1285 389 1493 438 probatur.

1713 215 1790 251 215

244 450 352 495 Item,
393 461 468 498 per
511 448 737 498 largitatem
765 460 919 498 pauper
963 460 1035 483 non
1075 454 1203 496 potest
1242 447 1412 496 probari
1460 454 1495 483 et
1522 455 1593 483 how
1616 455 1666 483 the
1688 461 1778 489 poor.

186 507 380 556 temptari,
423 507 510 556 quia
556 518 627 542 non
667 506 779 542 habet
817 506 916 541 unde
954 505 1174 555 largiatur;
1216 512 1251 540 et
1295 505 1379 541 ideo
1419 517 1494 554 per

155 565 417 614 5pacienciam
451 571 664 613 temptatur
695 571 730 600 et
756 564 963 613 probatur,
994 563 1029 599 si
1067 562 1283 613 benignitas
1315 563 1394 598 eius
1420 574 1496 611 per

186 622 365 658 iniuriam
400 634 472 658 non
505 629 689 657 mutatur.
735 622 908 670 Denique
945 621 980 657 si
1012 621 1211 657 veritatem
1246 621 1496 657 considerare

188 680 363 716 volumus
386 687 420 716 et
442 679 662 730 intelligere
693 680 900 723 racionem,
932 679 1074 714 scimus
1096 678 1183 727 quia
1207 678 1344 715 divicie
1366 685 1498 714 nostre

188 750 260 774 non
291 745 378 773 sunt
409 744 539 773 nostre
575 738 643 773 sed
674 737 762 774 Dei.
807 738 914 773 Deus
957 737 1054 772 enim
1100 736 1386 786 dispensatores
1429 748 1497 771 nos

189 795 416 831 diviciarum
449 807 609 831 suarum
644 795 761 831 voluit
793 807 885 841 esse,
913 807 984 830 non
1009 794 1195 841 dominos,
1228 802 1262 831 et
1294 794 1378 830 ideo
1411 806 1496 830 cum

138 868 176 890 10
191 853 356 889 voluerit
388 853 456 889 dat
486 865 563 898 eas,
602 860 637 889 et
668 865 690 888 a
729 864 800 901 quo
838 852 1004 889 voluerit
1036 851 1147 888 tollit.
1192 852 1296 888 Illud
1334 851 1499 902 proprie

190 918 362 947 nostrum
386 918 442 947 est
464 911 566 959 quod
587 910 623 946 in
647 917 781 947 nostra
803 917 859 947 est
879 915 1070 960 potestate
1091 910 1233 947 habere
1253 910 1286 946 si
1307 911 1498 946 volumus.

196 969 398 1013 Quomodo
436 976 562 1005 autem
608 976 781 1005 nostrum
826 969 980 1004 dicatur
1022 968 1124 1017 quod
1156 969 1227 1004 etsi
1264 968 1502 1004 voluerimus

191 1027 331 1063 habere
365 1039 436 1062 non
464 1039 685 1075 possumus,
726 1026 799 1062 nisi
834 1026 940 1063 nobis
967 1026 1098 1075 suerit
1143 1027 1309 1062 datum?
1351 1025 1502 1063 Deinde

192 1085 406 1128 considera,
440 1092 480 1120 ut
511 1084 602 1133 quid
632 1085 700 1120 tibi
730 1084 857 1134 magis
887 1085 1046 1121 divicias
1077 1085 1243 1121 credidit
1269 1097 1384 1135 quam
1417 1084 1503 1121 illi?

139 1148 174 1180 15
193 1143 389 1191 Numquid
419 1154 470 1178 ex
500 1143 577 1178 alia
609 1155 736 1178 massa
760 1143 832 1178 luti
857 1150 892 1178 te
904 1142 1018 1190 fecit,
1051 1154 1102 1179 ex
1133 1143 1209 1179 alia
1242 1143 1351 1179 illum
1373 1150 1409 1179 et
1426 1154 1503 1192 pro

191 1208 227 1236 te
254 1200 452 1236 Christum
484 1200 649 1236 tradidit
671 1212 748 1249 pro
781 1200 847 1236 illo
880 1207 1006 1236 autem
1040 1200 1205 1249 aliquem
1238 1200 1505 1252 angelorum?

194 1259 236 1293 Si
265 1270 337 1307 per
369 1258 495 1294 onmia
534 1258 589 1294 sic
620 1258 727 1294 illum
763 1258 904 1309 diligit,
943 1259 1133 1307 quomodo
1178 1259 1244 1294 te?
1296 1260 1382 1295 Non
1421 1258 1505 1294 ideo

192 1317 260 1352 tibi
291 1316 395 1352 dedit
425 1316 596 1362 divicias,
630 1323 669 1351 ut
701 1316 842 1352 habeas
874 1328 938 1352 eas
969 1317 1037 1353 sed
1069 1324 1109 1351 ut
1141 1317 1341 1366 tempteris
1372 1317 1408 1352 in
1441 1316 1506 1352 eis.

195 1375 284 1409 Ideo
328 1374 509 1409 admonet
547 1374 776 1423 Apostolus:
819 1374 1014 1410 Divitibus
1046 1374 1158 1411 huius
1189 1375 1324 1411 mundi
1348 1374 1509 1424 precipe

138 1447 179 1468 πο
196 1444 267 1467 non
300 1432 463 1481 superbe
490 1444 628 1481 sapere
660 1444 726 1468 nec
756 1444 919 1481 sperare
954 1432 990 1467 in
1014 1432 1159 1469 incerto
1187 1432 1417 1469 diviciarum
1440 1432 1509 1468 sed

197 1491 334 1539 largos
370 1501 452 1525 esse
489 1490 836 1526 communicatores
879 1490 1078 1526 bonorum.
1132 1491 1234 1526 Nam
1275 1503 1431 1540 pauper
1472 1490 1508 1525 in

195 1547 399 1583 sanctitate
430 1548 569 1583 melior
600 1555 667 1594 est,
712 1554 751 1583 tu
789 1547 825 1583 in
867 1548 980 1584 rebus
1019 1548 1269 1585 secularibus.
1323 1549 1400 1584 Tue
1448 1559 1511 1583 res

194 1605 402 1655 proficiant
446 1606 497 1640 ad
532 1605 636 1641 illius
677 1605 993 1642 sustentacionem
1039 1605 1075 1641 in
1115 1606 1186 1643 hoc
1217 1607 1359 1653 seculo,
1398 1612 1438 1641 ut
1476 1612 1511 1641 et

197 1663 301 1699 illius
331 1663 514 1699 sanctitas
540 1663 724 1712 proficiat
761 1664 813 1699 ad
849 1670 953 1699 tuam
993 1665 1309 1701 sustentacionem
1351 1664 1387 1699 in
1419 1663 1508 1699 alio.

142 1721 304 1758 258icut
341 1721 468 1757 ulmus
505 1721 747 1769 infructuosa
791 1722 858 1757 dat
894 1722 1095 1757 humorem
1135 1723 1203 1758 viti
1238 1730 1275 1758 ut
1316 1722 1401 1758 vitis
1434 1733 1511 1771 pro

196 1792 236 1815 se
269 1786 303 1814 et
330 1791 406 1828 pro
440 1779 543 1815 ulmo
576 1780 715 1828 offerat
738 1779 943 1827 sructum;
974 1792 1072 1830 ergo
1105 1793 1174 1816 nos
1205 1781 1305 1817 iubet
1332 1780 1512 1815 Christus

197 1844 330 1873 mutuo
363 1837 459 1872 dare
477 1838 695 1886 pecuniam,
728 1849 800 1872 non
833 1845 960 1873 tamen
992 1838 1061 1873 sub
1094 1839 1235 1875 usuris.
1276 1838 1353 1882 Qui
1383 1845 1509 1873 autem

198 1895 266 1930 sub
298 1895 427 1931 usuris
458 1902 630 1931 mutuum
665 1896 732 1930 dat
758 1895 793 1930 in
812 1895 943 1944 prima
966 1895 1117 1944 quidem
1132 1896 1245 1944 facie
1265 1909 1334 1932 sua
1358 1896 1513 1932 videtur

201 1953 309 1999 dare,
343 1965 480 1989 revera
513 1960 639 1990 autem
673 1965 745 1988 non
778 1965 847 1988 sua
882 1953 947 1988 dat
978 1954 1047 1989 sed
1078 1954 1241 1991 alterius
1263 1954 1374 1990 tollit.
1408 1954 1509 1989 Nam

144 2018 185 2049 30
202 2011 355 2046 videtur
386 2011 537 2059 quidem
571 2011 788 2047 necessitati
829 2023 1074 2058 succurrere,
1121 2025 1259 2048 revera
1303 2019 1430 2048 autem
1475 2011 1511 2046 in

201 2069 385 2104 maiorem
420 2069 534 2105 mittit
565 2069 841 2107 necessitatem.
874 2069 936 2105 De
968 2082 1041 2105 uno
1073 2071 1191 2106 eciam
1227 2070 1376 2107 vinculo
1398 2069 1513 2106 solvit

202 2134 236 2162 et
268 2127 399 2162 multis
443 2127 603 2163 vinculis
640 2127 782 2177 alligat
819 2134 854 2162 et
891 2139 963 2163 non
998 2135 1166 2177 propter
1209 2128 1397 2165 iusticiam
1436 2127 1514 2164 Dei

202 2185 268 2220 dat
299 2185 367 2220 sed
383 2192 551 2234 propter
582 2185 745 2220 lucrum.
781 2184 927 2221 Sin‘zilis
949 2185 1045 2221 enim
1069 2193 1125 2222 est
1142 2187 1305 2235 pecunia
1329 2186 1511 2222 usuraria

201 2242 347 2291 aspidis
379 2243 539 2279 morsui.
574 2242 680 2278 Sicut
712 2242 808 2278 enim
832 2242 896 2290 qui
924 2243 971 2278 ab
1003 2244 1138 2293 aspide
1157 2244 1379 2293 percutitur
1405 2243 1514 2292 quasi

145 2304 184 2337 35
202 2300 412 2335 delectatus
445 2301 550 2336 vadit
572 2300 607 2335 in
630 2312 804 2336 somnum
838 2307 873 2335 et
905 2300 959 2336 sic
989 2313 1064 2350 per
1093 2302 1323 2338 suavitatem
1359 2301 1513 2351 soporis

202 2358 380 2403 moritur,
439 2358 494 2394 sic
537 2365 572 2393 et
620 2358 686 2407 qui
726 2357 864 2407 accipit
909 2358 978 2394 sub
1022 2360 1162 2407 usuris7
1210 2372 1288 2409 pro
1340 2367 1514 2409 tempore

203 2416 429 2461 delectatur,
461 2415 572 2464 quasi
601 2415 666 2463 qui
694 2416 913 2465 beneficium
947 2417 1096 2466 accipit,
1135 2425 1170 2453 et
1200 2418 1255 2453 sic
1281 2429 1357 2466 per
1386 2417 1513 2453 suavi-

202 2481 317 2509 tatem
350 2473 521 2522 beneftcii
552 2485 624 2509 non
650 2473 762 2509 sentit
784 2474 973 2522 quomodo
996 2475 1170 2524 captivus
1192 2475 1376 2525 efficitur.
1410 2475 1512 2511 Nam

202 2531 298 2567 sicut
331 2543 513 2567 venenum
553 2531 700 2580 aspidis
738 2531 903 2568 latenter
934 2544 1009 2581 per
1052 2533 1179 2569 omnia
1217 2534 1390 2569 membra
1436 2533 1513 2568 dis-

274 2701 302 2727 6.
324 2701 353 2727 Α
372 2700 402 2727 in
423 2708 537 2735 marg:
570 2700 662 2728 Nola.
771 2708 810 2727 12.
830 2701 875 2727 A:
907 2701 1056 2728 volumus.
1164 2702 1205 2729 16.
1228 2702 1271 2727 A:
1299 2704 1401 2727 autem
1421 2701 1515 2727 deest.

206 2732 249 2760 23.
282 2736 325 2761 A:
353 2734 533 2769 proficiunt.
659 2735 700 2762 25.
734 2736 777 2763 A:
808 2735 888 2761 sicut
916 2736 1042 2762 volmus.
1168 2737 1216 2763 26.
1248 2736 1293 2762 A:
1326 2738 1355 2762 et
1383 2735 1515 2762 verlino.

206 2776 251 2802 27.
272 2771 316 2795 A:
338 2772 478 2796 mutuam.
551 2768 591 2796 31.
612 2770 657 2796 A:
680 2770 776 2796 eciam
798 2769 891 2796 deest.

282 2850 330 2883 19.
356 2841 380 2872 Ι.
406 2840 498 2872 Tim.
524 2841 581 2881 VI,
613 2851 662 2883 17.

1533 1843 1664 1877 Against
1684 1851 1789 1878 usury.
