2003 3322
861 245 979 276 OPUS
1004 244 1341 276 EVANGELICUM
1556 231 1662 285 [CAP.
1684 241 1751 269 xv.

438 353 536 388 idem
572 364 661 387 vere
692 352 908 400 centuplum
944 351 1112 400 recipiet,
1150 351 1184 386 si
1221 351 1255 386 in
1289 351 1462 386 celestem
1491 351 1663 400 patriam
1698 351 1752 386 in-

436 410 581 457 troibit,
626 410 660 445 si
690 410 787 446 enim
829 410 941 445 detur
974 409 1144 458 pauperi
1185 409 1312 459 egenti
1350 409 1506 457 lapillus
1551 421 1645 444 unus
1690 416 1755 444 aut

436 480 564 503 massa
598 468 678 514 luti,
725 468 841 503 nichil
872 467 905 503 ei
938 468 1066 512 datur,
1112 467 1198 515 quia
1231 466 1388 515 lapillus
1426 474 1491 501 aut
1524 479 1651 502 massa
1685 466 1757 502 luti

436 539 507 561 non
537 533 664 574 potest
701 538 809 561 suam
851 525 1107 574 indigeneianz
1151 525 1340 560 relevare.
1387 525 1483 559 Pari
1525 525 1680 560 racione
1722 524 1756 559 si

435 584 599 619 daretur
637 584 670 619 ei
708 583 889 619 denarius
929 590 963 618 et
1002 594 1043 618 eo
1077 595 1148 618 non
1177 589 1307 631 posset
1345 594 1454 617 suam
1495 582 1787 632 indigenciamS

436 642 624 687 relevare,
659 641 776 677 nichil
807 640 842 677 ei
873 640 1036 676 daretur
1069 640 1182 676 immo
1213 640 1346 689 pocius
1379 647 1623 678 oneraretur.

494 699 693 745 Similiter,
739 699 856 734 nichil
899 705 954 734 est
992 699 1132 734 donum
1173 699 1241 734 sed
1279 698 1406 748 magis
1445 710 1550 744 onus,
1597 698 1669 734 nisi
1711 710 1752 734 eo

430 757 552 806 possit
585 757 803 807 indigencia
836 756 914 792 eius
946 756 1007 792 cui
1023 763 1227 805 prestatur
1249 756 1439 800 relevari,-
1465 768 1540 804 per
1570 768 1610 792 se
1631 756 1755 806 igitur

434 823 468 850 et
497 815 660 864 proprie
692 816 811 850 datur
843 815 1058 864 indigencie
1091 821 1126 849 et
1158 814 1311 850 miserie
1344 814 1547 850 relevaeio.
1584 814 1626 849 Si
1656 814 1752 850 enim

429 885 630 921 possemus
651 873 731 908 sine
753 873 824 908 hiis
838 872 1075 908 transitoriis
1098 872 1328 908 miserorum
1353 871 1547 907 miseriam
1564 873 1753 918 relevare,
1775 886 1813 906 10

434 931 469 966 in
503 931 584 980 ipsa
610 931 851 967 relevacione
874 943 895 966 a
918 930 1074 966 miseria
1092 931 1258 979 prestita
1281 930 1453 966 omnibus
1482 930 1567 966 aliis
1590 930 1753 966 circzmz—

433 989 588 1038 scriptis
641 1002 826 1039 magnum
882 989 1021 1024 donum
1075 988 1321 1024 dedissemus.
1391 988 1567 1024 Prestitis
1629 995 1754 1024 autem

435 1047 607 1083 omnibus
638 1047 874 1083 transitoriis
905 1047 938 1082 si
970 1059 1041 1082 non
1070 1053 1229 1095 possent
1268 1046 1394 1095 aliquo
1434 1047 1547 1082 modo
1580 1059 1663 1082 eum
1696 1046 1757 1082 cui

430 1112 660 1154 prestantur
693 1118 715 1140 a
743 1118 813 1141 sua
846 1105 1004 1140 miseria
1034 1105 1252 1151 sublevare,
1287 1104 1404 1140 nichil
1436 1104 1470 1140 ei
1492 1105 1656 1140 daretur
1686 1104 1755 1140 sed

435 1176 563 1213 grave
594 1164 653 1211 (ut
687 1163 829 1199 dietum
862 1159 936 1214 est)
971 1175 1066 1199 onus
1099 1163 1156 1199 illi
1187 1163 1462 1212 imponeretur.
1776 1164 1812 1196 15

493 1222 535 1256 In
581 1221 754 1257 omnibus
797 1221 920 1271 igitur
967 1221 1147 1270 operibus
1191 1220 1458 1257 misericordie
1508 1220 1580 1256 hoc
1630 1220 1754 1256 solum

437 1280 569 1314 datum
603 1287 671 1326 est,
708 1279 854 1315 scilicet
892 1292 914 1314 a
953 1279 1109 1315 miseria
1148 1286 1183 1315 et
1215 1278 1434 1328 indigencia
1468 1278 1680 1323 relevacio;
1722 1285 1757 1314 et

436 1338 508 1373 hoc
547 1337 703 1386 recipiet
742 1337 998 1386 unusquisque
1029 1337 1065 1372 in
1099 1337 1236 1386 patria
1268 1337 1412 1372 scilicet
1444 1349 1466 1372 a
1499 1336 1655 1372 miseria
1687 1348 1756 1372 sua

438 1395 715 1432 relevacionem
765 1395 941 1444 centuplo
986 1403 1021 1431 et
1064 1395 1232 1444 amplius
1283 1395 1398 1430 immo
1451 1394 1757 1430 inestimabiliter

435 1453 603 1502 amplius
647 1466 759 1502 quam
800 1454 860 1489 hic
899 1466 981 1489 eam
1021 1454 1211 1489 tribuerat
1249 1453 1318 1489 sed
1356 1453 1572 1502 centuplam
1615 1452 1757 1488 dicitur
1773 1465 1815 1486 20

438 1519 678 1561 recepturus,
724 1512 810 1560 quia
858 1512 1015 1561 recipiet
1058 1512 1133 1547 iam
1168 1511 1389 1561 perfectam
1435 1518 1470 1546 et
1511 1518 1754 1560 perpetuam.

441 1570 694 1606 Centenarius
716 1582 879 1619 namque
902 1570 988 1618 quia
1012 1577 1068 1606 est
1090 1570 1280 1606 secundus
1310 1569 1493 1605 denarius
1516 1576 1551 1604 et
1573 1580 1758 1604 numerus

436 1628 584 1663 cubitus
611 1629 898 1677 perfeccionem
933 1635 968 1664 et
986 1628 1286 1677 perpetuitatem
1319 1627 1529 1677 signficat,
1564 1627 1757 1662 Dominus

435 1693 561 1721 autem
604 1698 713 1722 more
750 1686 934 1735 sapientis
972 1693 1007 1722 et
1045 1686 1180 1735 optimi
1217 1685 1467 1721 retributoris
1504 1685 1602 1721 hanc
1642 1684 1756 1721 retri-

435 1744 631 1780 bucionem
685 1745 903 1793 centuplam
954 1744 1062 1780 nobis
1105 1751 1309 1780 conservat
1354 1755 1471 1792 usque
1513 1744 1565 1778 ad
1608 1745 1813 1791 tempus25

435 1814 507 1850 quo
540 1802 669 1852 magis
707 1802 968 1852 indigebimus
1009 1810 1044 1838 et
1082 1814 1155 1850 quo
1194 1802 1417 1838 ordinacius
1455 1809 1490 1837 et
1529 1801 1664 1837 melius
1703 1807 1757 1836 est

435 1868 475 1895 ut
507 1860 613 1896 nobis
649 1868 861 1909 prestetur.
908 1861 995 1896 Hoc
1027 1868 1154 1895 autem
1187 1868 1338 1909 tempus
1370 1860 1443 1895 erit
1476 1860 1511 1895 in
1545 1859 1650 1896 exitu
1684 1859 1758 1894 vite

434 1925 469 1953 et
501 1919 536 1953 in
571 1918 631 1953 die
663 1918 812 1954 iudicii:
844 1919 885 1953 In
919 1919 991 1954 hac
1023 1926 1148 1954 tamen
1183 1919 1258 1953 vita
1282 1918 1379 1953 hanc
1401 1918 1617 1966 centuplam
1642 1917 1757 1952 retri-

435 1976 631 2012 bucionem
680 1977 900 2025 recipimus,
946 1977 981 2012 in
1028 1984 1136 2012 terra
1182 1978 1217 2011 in
1264 1988 1332 2024 spe
1376 1988 1488 2024 quam
1540 1976 1575 2011 in
1610 1976 1756 2024 futuro

436 2034 658 2070 habebimus
691 2034 727 2070 in
762 2047 814 2070 re.
850 2035 929 2070 Per
961 2035 1032 2071 ista
1050 2041 1162 2085 patet
1181 2034 1390 2070 concordia
1423 2034 1813 2084 evangelistarumsso

435 2100 470 2127 et
494 2093 668 2128 veritatis
690 2093 948 2128 testimonium
976 2093 1011 2128 in
1036 2093 1176 2128 AIarco
1210 2093 1299 2128 dum
1328 2092 1490 2128 dicitur:
1523 2091 1752 2140 Centuplum

435 2151 593 2199 accipiet
639 2151 674 2186 in
721 2152 791 2187 hoc
830 2151 973 2194 seculo,
1017 2151 1053 2186 in
1093 2163 1165 2199 quo
1210 2163 1354 2186 sumus.
1408 2150 1565 2185 Arralis
1603 2149 1753 2197 quidem

435 2209 610 2257 accepcio
644 2209 734 2244 talis
761 2209 853 2244 doni
873 2209 908 2244 in
934 2209 1071 2244 mortis
1092 2209 1258 2244 articulo
1282 2216 1337 2244 est
1359 2209 1534 2257 accepcio
1563 2207 1752 2258 gloriosa.

954 2333 1096 2376 CAP.
1128 2333 1238 2374 XV.

494 2430 636 2465 Adhuc
687 2439 819 2466 movet
865 2430 928 2466 hic
980 2438 1142 2466 sanctus
1197 2431 1245 2465 ad
1299 2442 1422 2477 opera
1478 2427 1810 2465 misericordie35

437 2488 680 2525 faciendum.
735 2488 844 2538 Quis,
890 2488 1033 2536 inquit,
1081 2488 1154 2523 erit
1193 2488 1325 2537 segnis
1362 2489 1414 2523 ad
1452 2500 1569 2536 opera
1604 2487 1752 2523 miseri-

435 2546 579 2583 cordie,
624 2546 658 2581 si
699 2546 916 2582 consideret
963 2546 1251 2582 misericordias
1284 2545 1444 2582 Domini
1486 2546 1623 2594 factas
1664 2545 1756 2588 sihi,-

507 2722 528 2741 1.
550 2714 588 2741 B:
610 2714 816 2749 centiplalunz.
890 2723 920 2747 4..
942 2715 980 2741 13:
1001 2722 1086 2741 suam
1107 2714 1202 2742 deest.
1275 2721 1320 2741 20.
1337 2715 1379 2741 A:
1402 2714 1525 2741 tribuat.
1600 2711 1642 2740 32.
1659 2714 1702 2740 A:
1724 2716 1753 2740 et

437 2749 467 2776 in
489 2749 547 2775 hoc
565 2750 677 2775 seculo.
753 2748 798 2784 37.
819 2749 985 2785 Arfactas
1005 2750 1112 2785 igitur.

508 2821 561 2853 31.
600 2821 704 2851 Recte
742 2821 860 2851 Mauh.
898 2821 986 2859 XIX,
1032 2829 1090 2863 29:
1127 2821 1336 2861 Centuplum
1381 2820 1531 2860 accipiet
1568 2825 1601 2852 et
1640 2820 1751 2851 vitam

435 2870 620 2897 aeternam
643 2868 849 2908 possidebit.
