2003 3322
161 220 236 254 [40

856 219 974 250 OPUS
999 219 1336 252 EVANGELICUM
1480 208 1588 263 [CAR
1611 217 1749 246 xxxix.

432 324 569 373 fecisti
590 331 676 361 ante
697 324 838 371 Deum,
870 325 904 361 si
925 332 1089 376 rogatus
1106 326 1358 375 placaberis?
1389 327 1475 363 Non
1499 327 1596 362 enim
1621 328 1750 363 volens

440 390 476 418 te
506 383 752 419 substernere
771 383 840 419 sub
859 384 1022 432 pedibus
1053 383 1140 432 tuis,
1173 384 1274 420 iubet
1304 391 1340 420 te
1356 384 1470 433 prius
1503 397 1651 435 rogare
1682 385 1751 421 sed

442 441 571 477 volens
603 447 637 477 et
669 441 896 477 humilitatis
925 441 1098 492 gloriam
1126 442 1371 491 pretendere.

499 499 576 534 Sed
609 499 725 547 forte
764 498 877 535 dicis:
908 511 981 549 ego
1016 499 1101 535 volo
1140 499 1396 545 reconciliari,
1440 500 1509 536 sed
1555 500 1615 536 dic
1658 500 1751 536 mihi

440 557 628 605 quomodo
674 556 984 593 reconciliabor?
1034 557 1171 601 Qualis
1209 558 1397 606 precessit
1444 558 1613 606 offensio,
1660 558 1781 596 talis5

440 615 548 650 debet
578 614 686 662 sequi
716 615 997 651 reconciliacio.
1046 615 1088 650 Si
1125 615 1297 665 cogitatu
1332 615 1535 664 offendisti,
1575 615 1747 666 cogitatu

439 672 712 717 reconciliare;
762 672 796 708 si
828 673 954 709 verbis
991 673 1194 721 offendisti,
1240 673 1366 709 verbis
1410 673 1674 720 reconciliare,
1717 673 1750 709 si

438 730 616 779 operibus
667 730 859 779 offendisti
908 730 1087 780 operibus
1148 731 1410 768 reconciliare.
1472 731 1593 768 Omne
1649 731 1747 768 enim

433 795 634 838 peccatum
668 789 857 837 quomodo
889 788 1155 836 committitur,
1188 789 1320 825 eodem
1350 790 1464 826 modo
1488 796 1523 825 et
1538 789 1747 839 penitetur,

439 853 478 881 ut
505 853 614 896 puta,
647 846 829 896 cogitasti
859 847 960 882 male
972 846 1116 895 facere
1137 846 1254 883 alicui
1282 847 1506 894 christiano,
1538 859 1610 883 non
1638 853 1748 896 potes
1768 863 1806 885 10

438 916 574 940 munus
605 911 711 940 tuum
744 905 888 953 offerre
918 911 1006 940 ante
1027 904 1167 948 Deum,
1201 905 1287 953 quia
1319 905 1434 942 lzabes
1466 905 1501 940 in
1536 905 1654 941 corde
1684 912 1749 941 tuo

438 962 598 998 nocendi
614 962 872 1011 propositum.
909 962 1097 1012 Recogita
1132 963 1223 999 bene
1252 963 1354 1011 quod
1381 963 1615 1014 cogitaveris
1648 963 1749 999 male

438 1027 472 1056 et
502 1020 708 1069 penituisti.
758 1021 859 1056 Nam
894 1020 1145 1071 cogitacionis
1171 1027 1373 1070 peccatum
1406 1021 1607 1057 contraria
1640 1020 1745 1071 cogi-

437 1078 584 1114 tacione
618 1078 854 1114 dissolvitur.
895 1078 990 1122 Quis
1012 1078 1148 1115 testis?
1180 1079 1402 1128 Propheta.-
1440 1079 1522 1123 Que
1555 1078 1746 1115 dicitisin

437 1136 618 1172 cordibus
642 1136 780 1172 vestris
802 1143 837 1172 et
859 1136 894 1172 in
918 1136 1101 1172 cubilibus
1124 1136 1262 1173 vestris
1290 1136 1604 1187 compungimini.
1635 1136 1748 1173 Vides
1767 1141 1803 1174 15

437 1195 522 1244 quia
538 1194 656 1230 irasci
669 1201 806 1230 nature
820 1201 888 1241 est,
908 1194 1046 1243 exequi
1058 1201 1182 1230 autem
1199 1194 1440 1230 iracundiam
1459 1194 1664 1231 voluntatis
1678 1201 1744 1230 est.

497 1252 539 1288 Si
565 1259 690 1289 autem
716 1252 842 1288 verbis
864 1252 937 1288 tuis
960 1252 1078 1288 lesisti
1089 1252 1267 1301 fratrem
1291 1260 1411 1299 tuum,
1446 1253 1543 1289 vade
1564 1260 1599 1289 et
1622 1252 1748 1289 verbis

436 1310 598 1359 satisfac
637 1312 671 1346 ei
702 1322 753 1347 ex
784 1310 902 1346 corde
933 1317 996 1346 tuo
1041 1317 1075 1346 et
1114 1310 1322 1360 penituisti.
1381 1310 1571 1354 Quoniam
1620 1317 1745 1346 autem

438 1369 644 1405 verborum
688 1375 887 1418 peccatum
934 1368 1140 1405 verborum
1184 1369 1455 1418 satisfaccione
1507 1368 1745 1415 dissolvitur,

436 1427 541 1463 testis
563 1434 617 1463 est
638 1427 783 1463 Aaron.
825 1426 920 1462 Cum
953 1426 1050 1462 enim
1075 1427 1311 1463 detraxisset
1344 1427 1389 1463 de
1411 1426 1567 1478 Moyse,
1603 1426 1746 1462 vadens
1763 1440 1805 1462 20

438 1485 564 1521 verbis
610 1484 768 1535 rogavit
811 1496 895 1521 eum
942 1484 1089 1521 dicens:
1144 1486 1258 1535 Rogo
1303 1485 1467 1521 Domine
1511 1497 1555 1521 ne
1598 1483 1747 1532 inferas

436 1543 472 1578 in
505 1555 572 1579 nos
600 1549 801 1592 peccatum
835 1543 918 1589 hoc,
956 1543 1043 1591 quia
1075 1542 1344 1593 ignoravimus
1374 1543 1475 1592 quod
1501 1542 1747 1592 peccavimus

436 1601 471 1636 in
505 1608 550 1637 te.
586 1601 628 1636 Si
659 1607 783 1637 autem
817 1600 997 1649 operibus
1029 1601 1193 1649 aliquem
1227 1601 1429 1650 offendisti,
1458 1607 1553 1650 puta
1586 1599 1747 1636 alicuius

435 1671 590 1695 causam
614 1659 768 1708 fraude
799 1659 990 1695 abstulisti
1020 1666 1085 1694 aut
1117 1659 1285 1708 aliquam
1319 1671 1400 1695 rem
1420 1670 1495 1708 per
1521 1657 1744 1694 violenciam

435 1717 637 1763 abstulisti,
671 1717 792 1753 redde
823 1717 856 1753 ei
889 1729 959 1765 que
990 1717 1200 1762 abstulisti;
1234 1724 1268 1753 et
1296 1716 1503 1766 penituisti.
1555 1716 1802 1759 Quoniam25

436 1782 561 1811 autem
596 1776 789 1811 abstracte
817 1775 875 1811 rei
896 1782 1097 1824 peccatum
1122 1787 1254 1811 rerum
1279 1774 1635 1824 recompensacione
1668 1773 1744 1809 dis-

433 1833 612 1880 solvitur,
656 1833 761 1869 testis
805 1840 860 1869 est
892 1833 1065 1869 Zacheus
1108 1833 1256 1869 dicens:
1306 1832 1483 1879 Domine,
1529 1843 1747 1881 quecunque

435 1891 576 1927 abstuli
597 1891 763 1940 fraude,
797 1891 919 1927 reddo
951 1891 986 1927 in
1020 1891 1293 1940 quadruplum.
1327 1891 1369 1926 Si
1400 1897 1525 1927 autem
1559 1902 1641 1926 rem
1674 1889 1745 1925 ali-

435 1949 540 1985 cuius
573 1961 645 1985 non
678 1949 813 1985 tuleris
850 1949 919 1985 sed
947 1949 1062 1998 forte
1099 1949 1356 1999 castigaveris
1394 1948 1584 1984 hominem
1624 1947 1744 1997 impo-

433 2015 571 2043 tentem
604 2007 751 2054 iniuste,
792 2007 890 2044 dona
924 2007 958 2043 ei
987 2007 1134 2056 aliquid
1167 2019 1243 2056 pro
1282 2006 1421 2042 iniuria
1462 2006 1635 2056 dignum.
1683 2005 1745 2041 Sic
1762 2010 1804 2043 30

434 2065 531 2102 enim
563 2065 750 2114 scriptum
784 2072 839 2101 est
871 2065 906 2100 in
941 2065 1047 2115 lege:
1092 2065 1134 2101 Si
1160 2064 1404 2115 percusseris
1439 2076 1595 2100 servum
1638 2070 1744 2099 tuum

434 2131 469 2160 et
491 2123 677 2174 fregeris
709 2123 766 2159 illi
798 2124 960 2167 dentem,
1006 2123 1153 2159 dimitte
1185 2135 1269 2159 eum
1302 2122 1478 2158 liberum.
1527 2122 1743 2158 Secundum

435 2183 504 2217 hoc
536 2181 828 2232 intelligendum
861 2188 936 2217 est:
972 2181 1024 2216 Et
1045 2181 1079 2217 si
1104 2181 1239 2217 iniuste
1271 2180 1529 2230 castigaveris
1562 2179 1739 2228 aliquem,

433 2239 570 2275 iniurie
614 2247 815 2289 peccatum
866 2239 1044 2289 beneficio
1100 2245 1155 2275 est
1207 2239 1503 2275 dissolvendum.
1567 2237 1744 2286 Alioquin

434 2298 507 2333 nisi
527 2310 635 2346 quem
649 2298 775 2346 sactis
808 2297 940 2344 lesisti,
969 2296 1095 2346 factis
1122 2297 1360 2346 placaveris,
1392 2296 1472 2332 sine
1505 2308 1621 2331 causa
1653 2307 1745 2331 oras
1760 2298 1799 2332 35

433 2356 484 2391 ad
515 2355 737 2393 Dominum.
773 2356 861 2391 Sine
892 2368 1008 2391 causa
1040 2355 1266 2392 elemosinas
1277 2354 1387 2403 facis
1410 2354 1455 2390 de
1477 2354 1590 2390 rebus
1612 2353 1745 2402 quibus

432 2413 528 2449 alios
561 2413 800 2463 exspoliasti.
865 2414 969 2458 Quid
995 2413 1159 2462 prodest
1191 2413 1258 2449 tibi
1287 2412 1321 2448 si
1351 2412 1453 2448 alter
1480 2423 1556 2461 pro
1589 2418 1624 2447 te
1657 2417 1745 2447 orat

502 2590 521 2609 ι.
544 2583 586 2609 A:
609 2585 742 2615 rogatus
761 2585 799 2609 te.
880 2590 920 2613 14-
942 2583 986 2609 A:
1008 2582 1093 2609 dicis.
1174 2582 1210 2609 15.
1232 2582 1277 2608 A:
1301 2584 1329 2608 el
1349 2580 1444 2607 deest.
1520 2580 1560 2607 10.
1582 2580 1626 2606 A:
1647 2579 1742 2606 nasci.

433 2625 472 2651 17,
496 2617 534 2644 18.
559 2617 596 2644 B:
618 2617 661 2643 eis
682 2617 780 2644 verbis
799 2616 948 2653 satisfac
967 2625 1004 2644 ex
1024 2620 1096 2644 toto.
1177 2616 1216 2643 18.
1239 2617 1282 2643 A:
1303 2619 1355 2642 tuo
1376 2615 1471 2654 deest.
1551 2622 1595 2642 22.
1617 2614 1663 2641 A:
1685 2613 1743 2640 lzoc

432 2652 525 2679 deest.
598 2659 644 2684 24..
661 2652 703 2678 A:
719 2652 814 2679 aliam
835 2660 916 2684 νέως
932 2652 973 2679 ib.
990 2651 1050 2687 Op.
1066 2652 1161 2686 lmp.:
1178 2650 1310 2678 alicuius
1321 2657 1491 2684 pecunzam.
1508 2683 1512 2688 .
1565 2649 1610 2676 26.
1624 2647 1741 2676 Codd.:

431 2686 709 2725 representat-‘ione
795 2685 838 2713 33.
859 2688 903 2714 A:
924 2686 962 2714 Et
982 2686 1077 2713 deest.
1167 2685 1213 2713 36.
1235 2686 1279 2712 A:
1310 2684 1353 2711 ad
1373 2684 1486 2716 Deum;
1506 2683 1546 2710 lb.
1568 2685 1610 2711 A:
1633 2683 1734 2710 elemo-

429 2729 540 2748 sznam.
612 2719 656 2756 37.
678 2722 722 2748 A:
744 2721 894 2756 spoliasti.

504 2803 553 2832 14.
579 2793 706 2824 Psalm.
726 2793 781 2831 IV,
811 2792 840 2825 5.
938 2803 989 2824 21.
1017 2793 1119 2824 Num.
1136 2792 1206 2831 XII,
1239 2802 1288 2823 11.
1391 2801 1444 2833 27.
1472 2791 1588 2822 Lucae
1605 2789 1691 2829 XIX,
1709 2787 1741 2820 8.

432 2840 485 2872 31.
513 2840 623 2870 Exod.
650 2840 736 2879 XXI,
765 2848 817 2880 27.
