2003 3322
182 240 263 273 404
887 237 1006 268 opos
1032 237 1371 269 EVANGELICUM
1544 226 1654 279 [CAP.
1675 235 1784 263 xmn.

190 349 290 376 Gracc
312 349 337 375 is
379 348 446 375 iven
472 341 688 389 quiramus,
703 342 775 377 nisi
786 342 1050 377 studuerimus
1065 350 1100 378 et
1115 342 1425 378 laboraverimus
1440 343 1543 378 circa
1558 343 1789 392 scripturas,

205 384 281 444 (ᾆᾞιζ
296 387 370 444 tsoeetk
382 391 435 444 (ἷξε
472 412 517 434 ne
540 400 680 435 donum
705 399 781 435 Dei
802 400 1087 449 negligentibus
1110 401 1234 436 detur.
1265 400 1409 436 Gracia
1433 401 1530 436 enim
1552 401 1788 437 adiutorium

472 465 527 493 est
550 457 786 507 infirmitatis
809 457 986 503 humane,
1010 458 1247 493 adiutorium
1271 470 1396 494 autem
1421 471 1492 494 non
1512 458 1792 495 dormientibus

473 516 590 550 datur
621 516 689 551 sed
711 515 992 563 festinantibus
1031 523 1065 551 et
1097 528 1169 551 non
1197 516 1502 565 prevalentibus.
1549 516 1655 552 Sicut
1693 517 1790 552 enim

472 573 507 608 in
541 573 639 609 bello
672 586 745 609 non
774 574 897 609 omnis
920 573 984 621 qui
1008 580 1162 623 pugnat
1195 574 1321 619 vincit,
1355 586 1465 610 nemo
1487 581 1614 610 tamen
1638 574 1790 610 vincere

468 638 608 679 potest,
646 631 719 667 nisi
748 631 810 680 qui
835 631 1088 681 pugnaverit,
1127 631 1181 667 sic
1214 644 1286 667 non
1320 644 1450 668 omnes
1481 632 1546 680 qui
1574 632 1727 668 student
1758 640 1793 668 et

473 689 607 739 legunt
639 689 849 737 adquirunt
879 689 1083 725 scienciam
1117 689 1374 738 spiritualem,
1414 702 1524 726 nemo
1557 697 1683 726 tamen
1721 691 1789 725 ad-

471 747 626 795 quirere
653 754 794 795 potest,
828 747 901 782 nisi
931 755 997 782 aut
1030 747 1093 795 qui
1123 748 1318 783 studiosus
1338 748 1469 795 fuerit
1500 748 1551 783 ad
1583 748 1789 798 legendum

472 812 539 840 aut
577 805 756 840 assiduus
793 805 846 840 ad
883 805 1130 843 audiendum.
1176 805 1228 840 Et
1261 806 1435 854 infideles
1467 805 1619 853 quidem
1652 813 1687 842 et
1720 818 1791 841 non

473 863 648 898 timentes
681 863 806 898 Deum
841 863 1035 898 inveniunt
1066 863 1284 909 scienciam,
1317 864 1507 899 studendo
1540 871 1575 899 et
1609 864 1795 914 legendo:

473 922 544 957 sed
574 932 647 956 non
682 921 790 956 illam
823 933 893 970 que
926 928 982 957 est
1014 933 1065 957 ex
1086 920 1171 958 Deo
1204 933 1274 969 que
1302 934 1375 970 per
1398 921 1585 969 Spiritum
1611 922 1792 957 Sanctum

476 980 606 1022 datur,
639 980 708 1014 sed
730 980 828 1015 hanc
850 991 920 1027 que
951 986 1009 1015 est
1041 991 1093 1015 ex
1121 986 1262 1015 natura
1286 979 1439 1014 carnali
1459 991 1529 1027 que
1546 991 1621 1029 per
1643 979 1793 1016 exerci-

475 1037 664 1073 tacionem
698 1037 827 1073 carnis
859 1037 1094 1085 adquiritur,
1127 1049 1240 1086 quam
1275 1037 1492 1072 habuerunt
1525 1045 1560 1072 et
1591 1038 1794 1087 gentilium

475 1094 650 1131 studiosi.

248 1159 396 1194 spiritual
535 1153 661 1189 Multa
706 1160 761 1188 est
799 1153 1020 1201 differencia
1065 1153 1165 1188 inter
1203 1153 1387 1189 sciencias
1424 1153 1524 1188 illas.
1581 1153 1657 1197 Qui
1699 1153 1796 1189 enim

184 1194 724 1264 ιῖῗοοῖἶὲῖἀὲιῖιῗῑὲῗΟναείοηίῖγιιε
762 1223 835 1246 non
869 1211 984 1247 instat
1023 1223 1090 1246 nec
1121 1211 1301 1260 operibus
1334 1211 1440 1247 bonis
1471 1211 1539 1246 sed
1566 1223 1641 1260 per
1671 1211 1795 1247 solum

184 1265 237 1325 fflft
257 1264 463 1325 ὲῐξῖῐῗξῆξοζῇξζ
477 1270 646 1306 studium
671 1269 810 1317 factus
842 1276 899 1305 est
931 1269 1065 1314 sciens,
1099 1270 1252 1317 quando
1285 1269 1372 1305 aliis
1399 1269 1593 1318 predicat,
1626 1269 1706 1318 ipse
1727 1269 1801 1305 sibi

478 1340 551 1364 non
589 1327 702 1363 sentit
741 1328 843 1375 quod
876 1327 1068 1376 predicat.
1120 1327 1164 1362 Si
1201 1328 1247 1363 de
1279 1327 1337 1362 ira
1372 1327 1448 1362 Dei
1478 1327 1662 1376 loquitur,
1701 1327 1799 1363 alios

467 1385 646 1434 forsitan
679 1392 813 1431 terret,
847 1385 927 1434 ipse
958 1393 1082 1421 autem
1117 1397 1189 1421 non
1222 1385 1340 1431 timet,
1373 1385 1407 1421 si
1438 1385 1484 1420 de
1515 1385 1798 1431 misericordia,

477 1443 576 1479 alios
637 1443 788 1492 quidem
841 1443 1019 1491 forsitan
1090 1444 1327 1489 consolatur,
1397 1443 1477 1493 ipse
1537 1451 1663 1479 autem
1727 1455 1798 1479 non

477 1502 648 1552 gaudet;
701 1501 798 1537 alios
860 1509 1054 1538 ammonet
1109 1502 1271 1537 credere
1328 1508 1362 1537 et
1417 1501 1497 1550 ipse
1553 1514 1626 1537 non
1677 1501 1800 1537 credit

479 1560 532 1595 eis
553 1572 624 1608 que
648 1559 751 1596 dicit.
788 1560 867 1595 Sed
892 1560 1044 1607 quando
1068 1559 1166 1595 alios
1199 1560 1320 1606 docet,
1354 1559 1399 1594 ab
1433 1560 1533 1595 intus
1564 1559 1798 1595 consciencia

479 1618 558 1653 eius
591 1617 692 1653 ridet
729 1617 801 1653 sibi
841 1618 887 1653 de
920 1618 1047 1654 verbis
1078 1618 1170 1663 suis,
1210 1618 1295 1666 quia
1328 1617 1490 1653 sciencia
1525 1629 1596 1666 que
1627 1629 1678 1653 ex
1708 1617 1800 1653 solis

480 1675 714 1711 diccionibus
759 1683 814 1711 est
857 1688 908 1711 ex
952 1687 1019 1711 ore
1052 1675 1244 1725 procedit,
1289 1687 1360 1723 que
1396 1683 1523 1711 autem
1566 1676 1612 1711 de
1653 1675 1800 1724 Spiritu

480 1734 621 1769 Sancto
646 1741 701 1769 est
725 1734 771 1769 de
793 1735 911 1770 corde
938 1733 1174 1782 profertur‚·
1205 1741 1239 1769 et
1271 1733 1356 1769 ideo
1388 1733 1604 1782 spiritualis
1635 1733 1800 1769 sciencia

479 1804 552 1827 non
574 1792 698 1827 solum
724 1792 866 1826 dicitur
893 1792 962 1827 sed
984 1798 1018 1827 et
1039 1792 1217 1837 sentitur,
1246 1803 1318 1826 non
1348 1799 1496 1826 tantum
1528 1792 1564 1826 in
1593 1791 1802 1840 scripturis

480 1849 627 1900 legitur
657 1850 725 1885 sed
763 1861 814 1885 ex
845 1850 965 1885 corde
994 1849 1248 1900 suggeritur;
1285 1856 1320 1885 et
1352 1849 1437 1885 ideo
1474 1849 1508 1885 si
1544 1849 1642 1885 alios
1680 1856 1801 1885 terret

481 1907 561 1956 ipse
583 1907 750 1956 amplius
773 1907 892 1953 timet,
925 1907 960 1943 si
980 1908 1077 1943 alios
1100 1908 1335 1953 consolatur,
1370 1908 1450 1956 ipse
1482 1907 1617 1943 melius
1638 1908 1799 1957 gaudet,

479 1965 656 2014 quoniam
699 1978 809 2001 omne
847 1966 948 2014 quod
988 1965 1160 2014 loquitur
1192 1978 1265 2001 non
1305 1972 1452 2000 tantum
1499 1965 1594 2015 legit
1631 1966 1701 2001 sed
1732 1976 1799 2000 ex-

475 2023 693 2072 perimento
722 2023 918 2072 probavit.
953 2024 1042 2059 Ideo
1066 2035 1163 2074 ergo
1182 2031 1361 2072 petamus
1387 2022 1513 2060 Deum
1536 2030 1571 2058 et
1593 2035 1801 2072 operemur

480 2082 590 2124 bona,
614 2089 654 2116 ut
677 2094 749 2117 non
773 2082 970 2118 carnalem
994 2082 1063 2117 sed
1076 2081 1320 2130 spiritualem
1337 2081 1542 2117 scienciam
1563 2093 1798 2117 mereamur.

481 2140 532 2175 Et
561 2140 632 2175 hoc
661 2147 716 2175 est
745 2140 847 2188 quod
876 2139 988 2175 dicit:
1020 2140 1178 2176 Pulsate
1211 2147 1246 2175 et
1277 2139 1477 2187 aperietur
1511 2139 1626 2175 vobis.
1664 2138 1798 2174 Pulsat

481 2198 577 2233 enim
612 2198 738 2233 Deum
782 2198 848 2246 qui
873 2197 978 2246 facit
1017 2209 1134 2245 opera
1180 2198 1276 2233 bona
1314 2205 1402 2233 ante
1439 2196 1566 2234 Deum
1606 2197 1797 2239 oracione,

481 2255 630 2291 ieiuniis
661 2263 697 2291 et
729 2256 955 2291 elemosinis.
996 2256 1102 2290 Sicut
1134 2256 1231 2291 enim
1260 2255 1324 2303 qui
1349 2255 1483 2304 pulsat
1515 2255 1694 2299 hostium,
1728 2266 1799 2289 non

1815 881 1851 901 10

1817 1159 1853 1191 15

1816 1459 1858 1481 20

1818 1741 1857 1773 25

1816 2032 1858 2064 30

481 2321 628 2349 tantuin
664 2326 755 2349 voce
786 2314 930 2349 clamat
967 2314 1037 2349 sed
1069 2320 1103 2349 et
1135 2326 1263 2358 manu,
1303 2313 1358 2349 sic
1389 2320 1424 2349 et
1456 2314 1519 2362 qui
1550 2313 1646 2349 bona
1680 2324 1798 2361 opera
1818 2320 1857 2352 35

472 2372 578 2419 facit
620 2372 730 2419 quasi
765 2371 830 2420 qui
875 2384 989 2406 manu
1028 2372 1160 2419 pulsat
1200 2371 1382 2420 operibus
1413 2371 1521 2406 bonis
1553 2383 1621 2406 ore
1659 2371 1801 2406 clamat

483 2429 737 2465 oracionibus.
774 2429 969 2478 Scriptum
1005 2436 1060 2465 est
1092 2429 1212 2465 enim:
1250 2429 1531 2478 Concupiscens
1566 2428 1800 2477 sapienciam

481 2499 595 2523 serva
629 2487 818 2523 iusticiam
852 2495 887 2522 et
920 2488 1026 2522 Deus
1054 2488 1190 2535 prebet
1222 2500 1304 2523 eam
1338 2487 1417 2522 tibi.

554 2690 578 2718 5.
601 2691 644 2717 A:
665 2693 766 2717 lamen
788 2690 880 2717 deest.
963 2691 990 2717 (Β.
1013 2691 1058 2717 A:
1102 2691 1133 2716 ui
1153 2690 1245 2716 deest.
1323 2690 1356 2717 15.
1380 2690 1419 2716 B:
1442 2690 1528 2717 istas.
1604 2697 1650 2722 24.
1672 2688 1711 2716 B:
1729 2697 1802 2724 pre-

484 2725 573 2752 cedit.
659 2725 706 2752 26.
728 2726 770 2751 A:
794 2733 854 2752 non
875 2728 986 2752 tamen.
1101 2733 1121 2750 2.
1145 2726 1187 2751 A:
1211 2724 1339 2751 Pulsant
1359 2725 1436 2752 after
1456 2724 1551 2751 vobis,
1643 2723 1684 2751 35.
1706 2725 1734 2751 A
1773 2727 1803 2750 et

484 2760 559 2787 after
578 2760 622 2786 sic
643 2760 735 2786 deest.

555 2849 607 2891 37Ω
635 2849 740 2881 Eccli.
768 2850 791 2889 Ι,
820 2850 872 2882 33.
