2003 3322
169 204 258 234 CAP.
278 194 434 250 xxviii]
679 206 819 239 PRIMA
846 206 972 239 PARS.

171 313 335 363 quilibet
352 327 444 350 suus
461 314 756 362 predestinatus
779 314 829 350 sit
853 314 935 350 eius
953 313 1055 349 filius
1072 313 1296 361 adoptivus,
1321 312 1487 361 quilibet

171 381 304 408 autem
330 372 525 420 prescitus
546 371 595 408 sit
618 372 721 408 filius
744 371 893 408 diaboli
915 371 975 408 sui
993 370 1154 408 maximi
1178 370 1331 407 inimici
1354 370 1486 418 ligatis

171 429 355 466 manibus
390 439 426 467 et
461 429 628 478 pedibus
661 430 701 466 in
734 430 946 466 exteriores
980 431 1166 465 tenebras
1200 429 1484 465 detrudendus.

228 489 319 524 Ideo
352 488 508 524 videtur
542 488 675 524 multis
707 487 914 536 probabile
949 489 1056 536 quod
1097 487 1334 535 magnitudo
1374 495 1485 534 pote-

137 545 282 582 5statis
331 545 560 582 huiusmodi
604 546 693 594 plus
739 545 999 594 consequitur
1044 545 1170 581 filium
1218 544 1482 581 imitatorium

171 603 319 639 Christi
352 603 392 640 in
426 604 604 640 moribus
645 617 767 652 quam
800 604 999 652 prelatum
1041 602 1109 652 qui
1148 615 1219 651 per
1259 602 1483 640 cardinales

169 671 230 698 vet
263 662 362 698 tales
394 670 599 710 apostatas
639 671 696 698 est
737 662 899 698 electus.
954 661 1030 709 Ipsi
1072 660 1177 697 enim
1217 674 1299 697 non
1338 662 1486 697 habent

169 728 411 767 potestatem
445 719 618 768 eligendi
652 720 778 768 magis
803 728 1013 768 acceptum
1039 732 1061 756 a
1085 719 1244 756 Christo
1277 719 1328 755 ad
1362 719 1486 756 beati-

170 777 351 814 tudinem
375 790 446 814 nec
469 779 519 815 ad
543 778 769 826 eligendum
796 777 922 826 magis
937 777 1158 814 virtuosum
1183 778 1234 814 ad
1257 778 1485 813 habendum

117 846 155 867 10
172 836 366 872 maiorem
401 836 578 884 graciam
613 837 663 872 ad
697 837 786 884 plus
820 837 1137 884 prodessendum
1181 834 1345 872 ecclesie
1387 835 1488 871 rnili-

170 893 282 930 tanti.
330 896 372 930 In
411 894 522 931 cuius
561 894 719 942 signum
753 893 923 942 apostoli
957 893 1024 942 qui
1057 895 1260 930 habebant
1293 892 1488 941 Spiritum

171 953 362 988 Sanctum
402 965 483 989 non
522 954 722 989 audebant
762 952 905 1000 eligere
938 952 1149 989 Matthiam
1188 951 1228 988 in
1262 952 1489 1000 apostolum

170 1011 260 1046 loco
293 1011 406 1057 Jude,
453 1011 520 1047 sed
559 1010 670 1047 illam
711 1010 955 1047 eleccionem
989 1009 1156 1047 arbitrio
1191 1009 1353 1046 Domini
1386 1009 1489 1046 limi-

170 1076 308 1105 tarunt
342 1074 398 1114 (ut
430 1077 540 1117 patet
572 1070 659 1106 Act.
694 1070 739 1117 Ι).
788 1069 880 1105 Ideo
914 1077 1147 1116 supponunt
1194 1067 1310 1104 multi
1344 1069 1490 1116 proba-

119 1125 305 1163 15biliter
327 1128 435 1175 quod
465 1126 689 1163 cardinales
722 1135 805 1163 tam
839 1126 982 1163 stolide
1016 1135 1053 1162 et
1085 1127 1263 1163 frontose
1296 1126 1489 1174 eligentes

172 1184 378 1220 hominem
423 1184 463 1220 in
504 1184 653 1220 Christi
690 1184 886 1221 vicarium
926 1184 1078 1232 eligunt
1115 1197 1240 1220 unum
1281 1183 1488 1222 diabolum

173 1255 217 1279 ex
260 1255 331 1279 sua
374 1242 562 1291 superbia
606 1243 844 1291 profundius
890 1243 1288 1290 condempnandum.
1342 1244 1390 1278 Et
1434 1242 1489 1279 sic

173 1300 379 1348 privilegia
418 1301 478 1337 vel
517 1300 720 1337 libertates
762 1313 861 1349 quas
901 1299 1087 1337 concedit
1134 1300 1364 1337 hominibus
1408 1313 1490 1336 non

173 1367 265 1394 sunt
311 1358 408 1394 fides
448 1359 647 1395 catholica
687 1360 756 1395 sed
795 1358 1061 1395 deliramenta
1101 1371 1123 1395 a
1163 1358 1346 1395 fidelibus
1387 1357 1490 1394 deri-

116 1417 317 1453 20denda.
373 1418 416 1452 In
460 1416 571 1453 cuius
616 1416 774 1464 signum
821 1417 993 1465 populus
1033 1415 1096 1453 cui
1142 1416 1197 1452 hii
1243 1416 1490 1453 maledicunt

173 1473 424 1511 benedicitur
446 1488 468 1511 a
491 1474 666 1511 Domino
689 1475 960 1511 communiter
988 1483 1025 1511 et
1057 1483 1236 1521 econtra,
1271 1474 1365 1523 quia
1397 1483 1489 1510 sunt

174 1534 221 1569 de
253 1545 421 1569 numero
454 1532 614 1569 illorum
657 1534 704 1569 de
745 1532 890 1581 quibus
923 1535 1029 1569 Deus
1068 1532 1249 1581 loquitur
1288 1545 1358 1581 per
1396 1545 1489 1581 pro-

173 1591 335 1639 phetam
354 1591 552 1627 Malachie
575 1593 643 1638 110,
662 1601 704 1627 2:
724 1591 959 1627 Maledicam
983 1591 1312 1627 benediccionibus
1334 1589 1488 1637 vestris,

174 1657 211 1685 et
243 1649 343 1685 alius
375 1650 573 1697 propheta
606 1650 765 1686 Psalmo
800 1650 930 1696 CVIII,
967 1660 1039 1685 21:
1084 1649 1321 1685 Maledicent
1359 1649 1418 1685 illi
1455 1656 1490 1684 et

117 1704 156 1736 25
174 1715 212 1743 tu
246 1707 453 1744 benedices.
489 1706 599 1744 Sicut
632 1720 726 1755 ergo
759 1720 840 1744 non
872 1716 930 1744 est
964 1707 1061 1743 fides
1094 1707 1260 1744 ecclesie
1283 1708 1393 1755 quod
1415 1706 1490 1743 iste

174 1765 351 1813 prelatus
374 1765 606 1812 salvabitur,
636 1765 692 1802 sic
715 1778 795 1802 non
823 1765 828 1814 Ι
857 1774 915 1802 est
938 1765 1035 1801 fides
1059 1766 1167 1814 quod
1191 1766 1310 1802 habet
1332 1774 1488 1802 tantum

49 1830 131 1874 364⁴i
175 1832 415 1871 potestatem
437 1823 687 1871 spiritualem
707 1824 815 1872 quod
834 1823 1031 1872 quidquid
1050 1824 1271 1860 secundum
1297 1823 1491 1860 iudicium

177 1894 290 1918 suum
327 1881 468 1917 dixerit
501 1881 575 1918 erit
604 1882 768 1928 factum,
802 1883 872 1918 sed
902 1881 1004 1918 sicut
1032 1881 1160 1918 fidelis
1184 1894 1321 1919 servus
1345 1881 1492 1918 Christi

175 1948 306 1988 potest
338 1939 496 1987 signare
520 1953 561 1977 se
585 1940 713 1976 crucis
737 1939 944 1988 signaculo
967 1952 989 1976 a
1014 1939 1304 1976 malediccione
1327 1939 1491 1985 diaboli,

120 1996 161 2028 30
176 2006 213 2034 et
245 2007 340 2034 tunc
374 1997 555 2046 capitalis
588 1998 771 2035 diabolus
804 2010 848 2034 ex
876 1998 1136 2034 vehemencia
1169 1998 1229 2034 sui
1262 1997 1358 2035 mali
1391 1997 1493 2034 desi-

177 2055 275 2092 derii
321 2068 402 2092 non
446 2052 618 2102 nocebit,
664 2056 719 2092 sic
758 2056 985 2093 evidencius
1025 2064 1156 2104 potest
1194 2056 1352 2104 signare
1391 2068 1432 2092 se
1471 2069 1493 2092 a

177 2113 467 2150 malediccione
512 2114 664 2151 diaboli
708 2114 907 2150 incarnati
959 2123 995 2150 et
1040 2114 1153 2162 sequi
1201 2113 1405 2150 Christum
1453 2113 1492 2150 in

178 2171 369 2218 moribus,
417 2181 454 2208 et
492 2181 587 2208 tunc
626 2185 694 2208 sue
732 2172 866 2208 anime
911 2185 990 2208 non
1028 2171 1201 2208 nocebit.
1255 2171 1493 2208 Persecucio

177 2238 313 2266 autem
346 2242 435 2266 cum
472 2229 814 2277 incarceracione,
848 2229 1114 2266 tribulacione
1139 2238 1176 2266 et
1201 2229 1493 2266 malediccione

122 2283 161 2316 35
179 2300 269 2324 cum
302 2287 484 2336 pluribus
517 2288 709 2324 membris
742 2288 823 2325 suis
855 2287 1079 2325 viventibus
1119 2300 1199 2336 qua
1236 2287 1493 2336 persequitur

178 2345 315 2382 fideles
337 2347 557 2382 secundum
583 2346 816 2382 demonium
842 2346 1123 2392 meridianum,
1157 2346 1262 2382 ultra
1285 2346 1360 2382 hoc
1384 2346 1493 2394 quod

179 2403 358 2439 infideles
391 2403 431 2440 in
463 2403 609 2440 timore
641 2413 840 2441 nocturno
872 2413 1054 2452 tempore
1087 2404 1227 2452 sagitte
1250 2403 1420 2441 volantis
1453 2403 1493 2439 in

179 2461 242 2497 die
273 2461 486 2498 occisionis
520 2462 731 2499 martirum
770 2462 830 2499 vel
867 2471 1051 2510 tempore
1089 2461 1246 2510 negocii
1279 2463 1493 2510 perambu-

178 2518 297 2555 lantis
336 2519 377 2556 in
414 2520 587 2556 tenebris
619 2519 765 2557 valebit
804 2518 1088 2568 predestinatis
1122 2519 1271 2557 Christi
1312 2531 1493 2568 perseve-

119 2589 164 2619 40
179 2577 360 2614 rantibus
392 2577 432 2614 in
466 2578 544 2614 fide
576 2579 626 2614 ad
659 2578 827 2626 gloriam
861 2578 1164 2626 sempiternam.

248 2723 272 2750 5.
294 2723 339 2751 At
369 2723 569 2759 consequitur
588 2724 683 2751 alium
704 2724 901 2751 imitatorem.
1023 2732 1057 2750 11.
1079 2724 1117 2750 B:
1142 2726 1310 2758 postquam
1329 2723 1491 2751 habebant.

180 2757 220 2784 18.
241 2759 285 2785 A:
302 2758 492 2795 pravilegia.

252 2830 304 2862 23.
331 2830 382 2861 De
408 2829 635 2870 Eucharisfia,
662 2840 695 2872 p.
723 2831 801 2863 325.

1314 2889 1357 2929 ,7θέ

1530 492 1613 520 Such
1636 501 1724 527 powe

1726 208 1777 245 99

1729 501 1742 520 ¹.

1529 528 1650 555 follows
1671 528 1751 563 good

1509 562 1559 589 life
1580 564 1681 590 rather
1700 563 1772 589 than

1513 597 1562 624 the
1583 597 1710 625 election

1558 633 1723 660 cardinals.

1516 1474 1610 1503 Small
1632 1477 1719 1504 effect

1550 1512 1600 1538 the
1622 1512 1729 1547 pope's

1584 1554 1699 1574 curses.

1731 597 1766 624 of

1738 1478 1777 1506 of
