<?xml version="1.0" encoding="UTF-8"?>
<!DOCTYPE html PUBLIC "-//W3C//DTD XHTML 1.0 Transitional//EN"
    "http://www.w3.org/TR/xhtml1/DTD/xhtml1-transitional.dtd">
<html xmlns="http://www.w3.org/1999/xhtml" xml:lang="en" lang="en">
 <head>
  <title>
</title>
<meta http-equiv="Content-Type" content="text/html;charset=utf-8" />
  <meta name='ocr-system' content='tesseract 3.04.00' />
  <meta name='ocr-capabilities' content='ocr_page ocr_carea ocr_par ocr_line ocrx_word'/>
</head>
<body>
  <div class='ocr_page' id='page_1' title='image "./opusevangelicum12wycl/opusevangelicum12wycl_0308.png"; bbox 0 0 2003 3322; ppageno 0'>
   <div class='ocr_carea' id='block_1_1' title="bbox 185 223 264 271">
    <p class='ocr_par' dir='ltr' id='par_1_1' title="bbox 185 223 264 271">
     <span class='ocr_line' id='line_1_1' title="bbox 185 223 264 271; baseline 0.013 -13"><span class='ocrx_word' id='word_1_1' title='bbox 185 223 264 271; x_wconf 77' lang='lat'><em>298</em></span> 
     </span>
    </p>
   </div>
   <div class='ocr_carea' id='block_1_2' title="bbox 885 217 1781 271">
    <p class='ocr_par' dir='ltr' id='par_1_2' title="bbox 885 217 1781 271">
     <span class='ocr_line' id='line_1_2' title="bbox 885 217 1781 271; baseline -0.008 -11"><span class='ocrx_word' id='word_1_2' title='bbox 885 229 1004 261; x_wconf 76' lang='lat' dir='ltr'><em>opus</em></span> <span class='ocrx_word' id='word_1_3' title='bbox 1028 229 1364 260; x_wconf 83' lang='lat' dir='ltr'>EVANGELICUM</span> <span class='ocrx_word' id='word_1_4' title='bbox 1572 217 1678 271; x_wconf 82' lang='lat' dir='ltr'>[CAP.</span> <span class='ocrx_word' id='word_1_5' title='bbox 1699 226 1781 254; x_wconf 71' lang='lat' dir='ltr'><em>xvi.</em></span> 
     </span>
    </p>
   </div>
   <div class='ocr_carea' id='block_1_3' title="bbox 466 335 1781 443">
    <p class='ocr_par' dir='ltr' id='par_1_3' title="bbox 466 335 1781 443">
     <span class='ocr_line' id='line_1_3' title="bbox 466 335 1781 384; baseline 0 -13"><span class='ocrx_word' id='word_1_6' title='bbox 466 336 586 384; x_wconf 90' lang='lat' dir='ltr'><em>pedes</em></span> <span class='ocrx_word' id='word_1_7' title='bbox 618 335 694 371; x_wconf 88' lang='lat' dir='ltr'><em>Dei</em></span> <span class='ocrx_word' id='word_1_8' title='bbox 730 336 832 371; x_wconf 91' lang='lat' dir='ltr'><em>stetit</em></span> <span class='ocrx_word' id='word_1_9' title='bbox 872 343 906 371; x_wconf 89' lang='lat' dir='ltr'><em>et</em></span> <span class='ocrx_word' id='word_1_10' title='bbox 938 348 1069 371; x_wconf 88' lang='lat' dir='ltr'><em>coram</em></span> <span class='ocrx_word' id='word_1_11' title='bbox 1109 336 1175 371; x_wconf 90' lang='lat' dir='ltr'><em>illo</em></span> <span class='ocrx_word' id='word_1_12' title='bbox 1212 336 1360 384; x_wconf 92' lang='lat' dir='ltr'><em>aliquid</em></span> <span class='ocrx_word' id='word_1_13' title='bbox 1392 336 1540 371; x_wconf 86' lang='lat' dir='ltr'><em>Iocutus</em></span> <span class='ocrx_word' id='word_1_14' title='bbox 1573 343 1639 371; x_wconf 91' lang='lat' dir='ltr'><em>est.</em></span> <span class='ocrx_word' id='word_1_15' title='bbox 1680 336 1781 371; x_wconf 89' lang='lat' dir='ltr'><em>Nam</em></span> 
     </span>
     <span class='ocr_line' id='line_1_4' title="bbox 472 393 1781 443; baseline 0 -15"><span class='ocrx_word' id='word_1_16' title='bbox 472 393 662 441; x_wconf 89' lang='lat' dir='ltr'><em>quomodo</em></span> <span class='ocrx_word' id='word_1_17' title='bbox 714 394 772 428; x_wconf 86' lang='lat' dir='ltr'><em>illi</em></span> <span class='ocrx_word' id='word_1_18' title='bbox 823 394 950 429; x_wconf 78' lang='lat' dir='ltr'><em>valent</em></span> <span class='ocrx_word' id='word_1_19' title='bbox 1002 393 1222 443; x_wconf 76' lang='lat' dir='ltr'><em>intelligere</em></span> <span class='ocrx_word' id='word_1_20' title='bbox 1280 394 1424 429; x_wconf 85' lang='lat' dir='ltr'><em>nullam</em></span> <span class='ocrx_word' id='word_1_21' title='bbox 1483 405 1564 429; x_wconf 89' lang='lat' dir='ltr'><em>esse</em></span> <span class='ocrx_word' id='word_1_22' title='bbox 1614 393 1781 429; x_wconf 89' lang='lat' dir='ltr'><em>animam</em></span> 
     </span>
    </p>
   </div>
   <div class='ocr_carea' id='block_1_4' title="bbox 193 451 1783 500">
    <p class='ocr_par' dir='ltr' id='par_1_4' title="bbox 193 451 1783 500">
     <span class='ocr_line' id='line_1_5' title="bbox 193 451 1783 500; baseline 0.001 -16"><span class='ocrx_word' id='word_1_23' title='bbox 193 456 262 486; x_wconf 87' lang='lat' dir='ltr'><em>God</em></span> <span class='ocrx_word' id='word_1_24' title='bbox 283 458 394 493; x_wconf 78' lang='lat' dir='ltr'>speaks</span> <span class='ocrx_word' id='word_1_25' title='bbox 414 462 445 484; x_wconf 86' lang='lat' dir='ltr'><em>to</em></span> <span class='ocrx_word' id='word_1_26' title='bbox 472 451 648 499; x_wconf 78' lang='lat' dir='ltr'><em>quamvis</em></span> <span class='ocrx_word' id='word_1_27' title='bbox 674 463 906 500; x_wconf 75' lang='lat' dir='ltr'><em>perversam</em></span> <span class='ocrx_word' id='word_1_28' title='bbox 940 463 1009 499; x_wconf 88' lang='lat' dir='ltr'><em>que</em></span> <span class='ocrx_word' id='word_1_29' title='bbox 1041 459 1166 487; x_wconf 89' lang='lat' dir='ltr'><em>tamen</em></span> <span class='ocrx_word' id='word_1_30' title='bbox 1200 452 1395 487; x_wconf 82' lang='lat' dir='ltr'><em>ullomodo</em></span> <span class='ocrx_word' id='word_1_31' title='bbox 1429 451 1629 487; x_wconf 87' lang='lat' dir='ltr'><em>racionari</em></span> <span class='ocrx_word' id='word_1_32' title='bbox 1643 458 1783 500; x_wconf 89' lang='lat' dir='ltr'><em>potest,</em></span> 
     </span>
    </p>
   </div>
   <div class='ocr_carea' id='block_1_5' title="bbox 223 493 412 597">
    <p class='ocr_par' dir='ltr' id='par_1_5' title="bbox 223 493 412 597">
     <span class='ocr_line' id='line_1_6' title="bbox 223 493 412 529; baseline 0 -10"><span class='ocrx_word' id='word_1_33' title='bbox 223 501 313 529; x_wconf 78' lang='lat' dir='ltr'><em>every</em></span> <span class='ocrx_word' id='word_1_34' title='bbox 334 493 412 526; x_wconf 84' lang='lat' dir='ltr'><em>soul,</em></span> 
     </span>
     <span class='ocr_line' id='line_1_7' title="bbox 250 528 393 554; baseline 0 0"><span class='ocrx_word' id='word_1_35' title='bbox 250 528 393 554; x_wconf 80' lang='lat' dir='ltr'><em>however</em></span> 
     </span>
     <span class='ocr_line' id='line_1_8' title="bbox 242 571 395 597; baseline 0 -8"><span class='ocrx_word' id='word_1_36' title='bbox 242 571 395 597; x_wconf 80' lang='lat' dir='ltr'><em>perverse.</em></span> 
     </span>
    </p>
   </div>
   <div class='ocr_carea' id='block_1_6' title="bbox 186 1810 445 1907">
    <p class='ocr_par' dir='ltr' id='par_1_6' title="bbox 186 1810 445 1907">
     <span class='ocr_line' id='line_1_9' title="bbox 199 1810 445 1846; baseline 0 -8"><span class='ocrx_word' id='word_1_37' title='bbox 199 1810 268 1838; x_wconf 85' lang='lat' dir='ltr'><em>God</em></span> <span class='ocrx_word' id='word_1_38' title='bbox 290 1819 360 1846; x_wconf 78' lang='lat' dir='ltr'><em>may</em></span> <span class='ocrx_word' id='word_1_39' title='bbox 379 1812 445 1838; x_wconf 80' lang='lat' dir='ltr'><em>well</em></span> 
     </span>
     <span class='ocr_line' id='line_1_10' title="bbox 211 1846 423 1880; baseline 0.005 -8"><span class='ocrx_word' id='word_1_40' title='bbox 211 1846 288 1872; x_wconf 84' lang='lat' dir='ltr'><em>have</em></span> <span class='ocrx_word' id='word_1_41' title='bbox 309 1847 423 1880; x_wconf 77' lang='lat' dir='ltr'><em>spoken</em></span> 
     </span>
     <span class='ocr_line' id='line_1_11' title="bbox 186 1881 443 1907; baseline 0.008 -2"><span class='ocrx_word' id='word_1_42' title='bbox 186 1881 261 1907; x_wconf 80' lang='lat' dir='ltr'><em>with</em></span> <span class='ocrx_word' id='word_1_43' title='bbox 284 1881 333 1907; x_wconf 85' lang='lat' dir='ltr'><em>the</em></span> <span class='ocrx_word' id='word_1_44' title='bbox 354 1881 443 1907; x_wconf 82' lang='lat' dir='ltr'><em>devil.</em></span> 
     </span>
    </p>
   </div>
   <div class='ocr_carea' id='block_1_7' title="bbox 469 508 1788 1600">
    <p class='ocr_par' dir='ltr' id='par_1_7' title="bbox 469 508 1788 1600">
     <span class='ocr_line' id='line_1_12' title="bbox 472 508 1783 557; baseline -0.001 -13"><span class='ocrx_word' id='word_1_45' title='bbox 472 509 508 544; x_wconf 91' lang='lat' dir='ltr'><em>in</em></span> <span class='ocrx_word' id='word_1_46' title='bbox 560 509 669 544; x_wconf 91' lang='lat' dir='ltr'><em>cuius</em></span> <span class='ocrx_word' id='word_1_47' title='bbox 720 509 954 544; x_wconf 78' lang='lat' dir='ltr'><em>consciencia</em></span> <span class='ocrx_word' id='word_1_48' title='bbox 1007 521 1079 544; x_wconf 91' lang='lat' dir='ltr'><em>non</em></span> <span class='ocrx_word' id='word_1_49' title='bbox 1127 509 1308 557; x_wconf 87' lang='lat' dir='ltr'><em>loquatur</em></span> <span class='ocrx_word' id='word_1_50' title='bbox 1352 509 1490 544; x_wconf 80' lang='lat' dir='ltr'><em>Deus?</em></span> <span class='ocrx_word' id='word_1_51' title='bbox 1547 508 1642 552; x_wconf 91' lang='lat' dir='ltr'><em>Quis</em></span> <span class='ocrx_word' id='word_1_52' title='bbox 1686 509 1783 545; x_wconf 88' lang='lat' dir='ltr'><em>enim</em></span> 
     </span>
     <span class='ocr_line' id='line_1_13' title="bbox 471 566 1785 617; baseline 0 -15"><span class='ocrx_word' id='word_1_53' title='bbox 471 567 629 615; x_wconf 79' lang='lat' dir='ltr'><em>scripsit</em></span> <span class='ocrx_word' id='word_1_54' title='bbox 651 567 686 602; x_wconf 95' lang='lat' dir='ltr'><em>in</em></span> <span class='ocrx_word' id='word_1_55' title='bbox 711 567 893 602; x_wconf 82' lang='lat' dir='ltr'><em>cordibus</em></span> <span class='ocrx_word' id='word_1_56' title='bbox 909 566 1103 603; x_wconf 85' lang='lat' dir='ltr'><em>hominum</em></span> <span class='ocrx_word' id='word_1_57' title='bbox 1128 567 1253 617; x_wconf 75' lang='lat' dir='ltr'><em>legem</em></span> <span class='ocrx_word' id='word_1_58' title='bbox 1279 567 1496 603; x_wconf 75' lang='lat' dir='ltr'><em>naturalem</em></span> <span class='ocrx_word' id='word_1_59' title='bbox 1521 566 1593 602; x_wconf 85' lang='lat' dir='ltr'><em>nisi</em></span> <span class='ocrx_word' id='word_1_60' title='bbox 1610 566 1785 602; x_wconf 90' lang='lat' dir='ltr'><em>dominus</em></span> 
     </span>
     <span class='ocr_line' id='line_1_14' title="bbox 472 624 1785 674; baseline 0.001 -15"><span class='ocrx_word' id='word_1_61' title='bbox 472 625 609 660; x_wconf 80' lang='lat' dir='ltr'><em>Deus?</em></span> <span class='ocrx_word' id='word_1_62' title='bbox 652 625 713 660; x_wconf 88' lang='lat' dir='ltr'><em>De</em></span> <span class='ocrx_word' id='word_1_63' title='bbox 757 637 828 673; x_wconf 90' lang='lat' dir='ltr'><em>qua</em></span> <span class='ocrx_word' id='word_1_64' title='bbox 875 625 962 674; x_wconf 77' lang='lat' dir='ltr'><em>lege</em></span> <span class='ocrx_word' id='word_1_65' title='bbox 999 625 1208 673; x_wconf 81' lang='lat' dir='ltr'><em>Apostolus</em></span> <span class='ocrx_word' id='word_1_66' title='bbox 1251 625 1325 660; x_wconf 90' lang='lat' dir='ltr'><em>ait:</em></span> <span class='ocrx_word' id='word_1_67' title='bbox 1373 625 1467 660; x_wconf 88' lang='lat' dir='ltr'><em>Cum</em></span> <span class='ocrx_word' id='word_1_68' title='bbox 1507 624 1605 660; x_wconf 88' lang='lat' dir='ltr'><em>enim</em></span> <span class='ocrx_word' id='word_1_69' title='bbox 1649 631 1785 674; x_wconf 80' lang='lat' dir='ltr'><em>gentes</em></span> 
     </span>
     <span class='ocr_line' id='line_1_15' title="bbox 471 682 1783 733; baseline 0 -16"><span class='ocrx_word' id='word_1_70' title='bbox 471 695 542 731; x_wconf 90' lang='lat' dir='ltr'><em>que</em></span> <span class='ocrx_word' id='word_1_71' title='bbox 574 683 700 733; x_wconf 77' lang='lat' dir='ltr'><em>legem</em></span> <span class='ocrx_word' id='word_1_72' title='bbox 734 695 806 718; x_wconf 88' lang='lat' dir='ltr'><em>non</em></span> <span class='ocrx_word' id='word_1_73' title='bbox 839 682 978 718; x_wconf 72' lang='lat' dir='ltr'><em>liabent</em></span> <span class='ocrx_word' id='word_1_74' title='bbox 1010 683 1243 718; x_wconf 81' lang='lat' dir='ltr'><em>naturaliter</em></span> <span class='ocrx_word' id='word_1_75' title='bbox 1274 695 1344 731; x_wconf 88' lang='lat' dir='ltr'><em>que</em></span> <span class='ocrx_word' id='word_1_76' title='bbox 1376 682 1476 733; x_wconf 72' lang='lat' dir='ltr'><em>legis</em></span> <span class='ocrx_word' id='word_1_77' title='bbox 1507 690 1594 718; x_wconf 88' lang='lat' dir='ltr'><em>sunt</em></span> <span class='ocrx_word' id='word_1_78' title='bbox 1612 682 1783 730; x_wconf 85' lang='lat' dir='ltr'><em>faciunt,</em></span> 
     </span>
     <span class='ocr_line' id='line_1_16' title="bbox 471 740 1784 791; baseline 0.001 -16"><span class='ocrx_word' id='word_1_79' title='bbox 471 741 525 775; x_wconf 84' lang='lat' dir='ltr'><em>lzii</em></span> <span class='ocrx_word' id='word_1_80' title='bbox 555 741 679 791; x_wconf 77' lang='lat' dir='ltr'><em>legem</em></span> <span class='ocrx_word' id='word_1_81' title='bbox 714 753 785 776; x_wconf 93' lang='lat' dir='ltr'><em>non</em></span> <span class='ocrx_word' id='word_1_82' title='bbox 819 740 999 777; x_wconf 87' lang='lat' dir='ltr'><em>habentes</em></span> <span class='ocrx_word' id='word_1_83' title='bbox 1030 740 1106 790; x_wconf 87' lang='lat' dir='ltr'><em>ipsi</em></span> <span class='ocrx_word' id='word_1_84' title='bbox 1135 740 1208 777; x_wconf 88' lang='lat' dir='ltr'><em>sibi</em></span> <span class='ocrx_word' id='word_1_85' title='bbox 1237 748 1325 777; x_wconf 89' lang='lat' dir='ltr'><em>sunt</em></span> <span class='ocrx_word' id='word_1_86' title='bbox 1358 741 1435 784; x_wconf 76' lang='lat' dir='ltr'><em>Iex,</em></span> <span class='ocrx_word' id='word_1_87' title='bbox 1469 740 1533 789; x_wconf 86' lang='lat' dir='ltr'><em>qui</em></span> <span class='ocrx_word' id='word_1_88' title='bbox 1561 753 1657 789; x_wconf 90' lang='lat' dir='ltr'><em>opus</em></span> <span class='ocrx_word' id='word_1_89' title='bbox 1686 740 1784 790; x_wconf 80' lang='lat' dir='ltr'><em>legis</em></span> 
     </span>
     <span class='ocr_line' id='line_1_17' title="bbox 470 798 1783 847; baseline 0 -14"><span class='ocrx_word' id='word_1_90' title='bbox 470 798 657 847; x_wconf 87' lang='lat' dir='ltr'><em>scriptum</em></span> <span class='ocrx_word' id='word_1_91' title='bbox 687 798 722 834; x_wconf 90' lang='lat' dir='ltr'><em>in</em></span> <span class='ocrx_word' id='word_1_92' title='bbox 752 798 932 834; x_wconf 81' lang='lat' dir='ltr'><em>cordibus</em></span> <span class='ocrx_word' id='word_1_93' title='bbox 958 799 1037 834; x_wconf 90' lang='lat' dir='ltr'><em>suis</em></span> <span class='ocrx_word' id='word_1_94' title='bbox 1067 799 1270 835; x_wconf 86' lang='lat' dir='ltr'><em>ostendunt</em></span> <span class='ocrx_word' id='word_1_95' title='bbox 1292 805 1527 834; x_wconf 81' lang='lat' dir='ltr'><em>contestante</em></span> <span class='ocrx_word' id='word_1_96' title='bbox 1549 798 1783 834; x_wconf 87' lang='lat' dir='ltr'><em>consciencia</em></span> 
     </span>
     <span class='ocr_line' id='line_1_18' title="bbox 471 856 1785 907; baseline 0 -16"><span class='ocrx_word' id='word_1_97' title='bbox 471 856 627 891; x_wconf 90' lang='lat' dir='ltr'><em>illorum</em></span> <span class='ocrx_word' id='word_1_98' title='bbox 661 863 696 892; x_wconf 90' lang='lat' dir='ltr'><em>et</em></span> <span class='ocrx_word' id='word_1_99' title='bbox 728 856 828 892; x_wconf 88' lang='lat' dir='ltr'><em>inter</em></span> <span class='ocrx_word' id='word_1_100' title='bbox 858 869 898 892; x_wconf 88' lang='lat' dir='ltr'><em>se</em></span> <span class='ocrx_word' id='word_1_101' title='bbox 929 856 1089 893; x_wconf 79' lang='lat' dir='ltr'><em>invicem</em></span> <span class='ocrx_word' id='word_1_102' title='bbox 1123 857 1417 907; x_wconf 78' lang='lat' dir='ltr'><em>cogitacionum,</em></span> <span class='ocrx_word' id='word_1_103' title='bbox 1450 856 1716 892; x_wconf 84' lang='lat' dir='ltr'><em>accusancium</em></span> <span class='ocrx_word' id='word_1_104' title='bbox 1750 863 1785 891; x_wconf 89' lang='lat' dir='ltr'><em>et</em></span> 
     </span>
     <span class='ocr_line' id='line_1_19' title="bbox 471 914 1781 962; baseline 0 -13"><span class='ocrx_word' id='word_1_105' title='bbox 471 914 743 950; x_wconf 80' lang='lat' dir='ltr'><em>excusancium</em></span> <span class='ocrx_word' id='word_1_106' title='bbox 778 914 814 949; x_wconf 88' lang='lat' dir='ltr'><em>in</em></span> <span class='ocrx_word' id='word_1_107' title='bbox 848 914 908 949; x_wconf 90' lang='lat' dir='ltr'><em>die</em></span> <span class='ocrx_word' id='word_1_108' title='bbox 939 926 1011 962; x_wconf 89' lang='lat' dir='ltr'><em>qua</em></span> <span class='ocrx_word' id='word_1_109' title='bbox 1045 914 1227 950; x_wconf 88' lang='lat' dir='ltr'><em>iudicabit</em></span> <span class='ocrx_word' id='word_1_110' title='bbox 1254 915 1361 950; x_wconf 89' lang='lat' dir='ltr'><em>Deus</em></span> <span class='ocrx_word' id='word_1_111' title='bbox 1393 914 1541 950; x_wconf 89' lang='lat' dir='ltr'><em>occulta</em></span> <span class='ocrx_word' id='word_1_112' title='bbox 1574 914 1781 950; x_wconf 82' lang='lat' dir='ltr'><em>hominum.</em></span> 
     </span>
     <span class='ocr_line' id='line_1_20' title="bbox 478 972 1786 1021; baseline 0 -14"><span class='ocrx_word' id='word_1_113' title='bbox 478 972 731 1021; x_wconf 77' lang='lat' dir='ltr'><em>Quapropter</em></span> <span class='ocrx_word' id='word_1_114' title='bbox 774 972 807 1007; x_wconf 85' lang='lat' dir='ltr'><em>si</em></span> <span class='ocrx_word' id='word_1_115' title='bbox 843 972 967 1008; x_wconf 88' lang='lat' dir='ltr'><em>omnis</em></span> <span class='ocrx_word' id='word_1_116' title='bbox 1004 973 1133 1008; x_wconf 88' lang='lat' dir='ltr'><em>anima</em></span> <span class='ocrx_word' id='word_1_117' title='bbox 1172 972 1381 1009; x_wconf 89' lang='lat' dir='ltr'><em>racionalis</em></span> <span class='ocrx_word' id='word_1_118' title='bbox 1419 972 1537 1008; x_wconf 88' lang='lat' dir='ltr'><em>eciam</em></span> <span class='ocrx_word' id='word_1_119' title='bbox 1577 972 1786 1021; x_wconf 89' lang='lat' dir='ltr'><em>cupiditate</em></span> 
     </span>
     <span class='ocr_line' id='line_1_21' title="bbox 471 1030 1786 1080; baseline 0 -15"><span class='ocrx_word' id='word_1_120' title='bbox 471 1037 613 1077; x_wconf 74' lang='lat' dir='ltr'><em>cecata,</em></span> <span class='ocrx_word' id='word_1_121' title='bbox 647 1037 773 1066; x_wconf 85' lang='lat' dir='ltr'><em>tamen</em></span> <span class='ocrx_word' id='word_1_122' title='bbox 807 1042 891 1065; x_wconf 90' lang='lat' dir='ltr'><em>cum</em></span> <span class='ocrx_word' id='word_1_123' title='bbox 925 1031 1072 1080; x_wconf 76' lang='lat' dir='ltr'><em>cogitat</em></span> <span class='ocrx_word' id='word_1_124' title='bbox 1103 1037 1138 1066; x_wconf 87' lang='lat' dir='ltr'><em>et</em></span> <span class='ocrx_word' id='word_1_125' title='bbox 1171 1031 1434 1067; x_wconf 89' lang='lat' dir='ltr'><em>raciocinatur</em></span> <span class='ocrx_word' id='word_1_126' title='bbox 1466 1030 1643 1079; x_wconf 85' lang='lat' dir='ltr'><em>quicquid</em></span> <span class='ocrx_word' id='word_1_127' title='bbox 1675 1030 1710 1065; x_wconf 87' lang='lat' dir='ltr'><em>in</em></span> <span class='ocrx_word' id='word_1_128' title='bbox 1743 1042 1786 1065; x_wconf 91' lang='lat' dir='ltr'><em>ea</em></span> 
     </span>
     <span class='ocr_line' id='line_1_22' title="bbox 472 1087 1788 1136; baseline 0.001 -14"><span class='ocrx_word' id='word_1_129' title='bbox 472 1087 775 1124; x_wconf 89' lang='lat' dir='ltr'><em>raciocinacione</em></span> <span class='ocrx_word' id='word_1_130' title='bbox 807 1101 940 1124; x_wconf 78' lang='lat' dir='ltr'><em>verum</em></span> <span class='ocrx_word' id='word_1_131' title='bbox 974 1096 1041 1135; x_wconf 80' lang='lat' dir='ltr'><em>est,</em></span> <span class='ocrx_word' id='word_1_132' title='bbox 1076 1101 1148 1124; x_wconf 90' lang='lat' dir='ltr'><em>non</em></span> <span class='ocrx_word' id='word_1_133' title='bbox 1181 1089 1215 1125; x_wconf 90' lang='lat' dir='ltr'><em>ei</em></span> <span class='ocrx_word' id='word_1_134' title='bbox 1244 1089 1489 1124; x_wconf 87' lang='lat' dir='ltr'><em>tribuendum</em></span> <span class='ocrx_word' id='word_1_135' title='bbox 1529 1095 1583 1124; x_wconf 93' lang='lat' dir='ltr'><em>est</em></span> <span class='ocrx_word' id='word_1_136' title='bbox 1614 1088 1683 1124; x_wconf 89' lang='lat' dir='ltr'><em>sed</em></span> <span class='ocrx_word' id='word_1_137' title='bbox 1714 1088 1788 1136; x_wconf 91' lang='lat' dir='ltr'><em>ipsi</em></span> 
     </span>
     <span class='ocr_line' id='line_1_23' title="bbox 472 1146 1788 1196; baseline 0.001 -16"><span class='ocrx_word' id='word_1_138' title='bbox 472 1146 608 1181; x_wconf 88' lang='lat' dir='ltr'><em>lumini</em></span> <span class='ocrx_word' id='word_1_139' title='bbox 650 1146 826 1182; x_wconf 74' lang='lat' dir='ltr'><em>veritatis</em></span> <span class='ocrx_word' id='word_1_140' title='bbox 872 1159 893 1181; x_wconf 85' lang='lat' dir='ltr'><em>a</em></span> <span class='ocrx_word' id='word_1_141' title='bbox 938 1158 1009 1195; x_wconf 87' lang='lat' dir='ltr'><em>quo</em></span> <span class='ocrx_word' id='word_1_142' title='bbox 1049 1147 1109 1182; x_wconf 83' lang='lat' dir='ltr'><em>vel</em></span> <span class='ocrx_word' id='word_1_143' title='bbox 1153 1147 1317 1182; x_wconf 90' lang='lat' dir='ltr'><em>tenuiter</em></span> <span class='ocrx_word' id='word_1_144' title='bbox 1351 1159 1428 1196; x_wconf 92' lang='lat' dir='ltr'><em>pro</em></span> <span class='ocrx_word' id='word_1_145' title='bbox 1471 1146 1533 1182; x_wconf 87' lang='lat' dir='ltr'><em>sui</em></span> <span class='ocrx_word' id='word_1_146' title='bbox 1575 1146 1788 1196; x_wconf 84' lang='lat' dir='ltr'><em>capacitate</em></span> 
     </span>
     <span class='ocr_line' id='line_1_24' title="bbox 471 1203 1786 1252; baseline 0 -14"><span class='ocrx_word' id='word_1_147' title='bbox 471 1203 706 1251; x_wconf 77' lang='lat' dir='ltr'><em>illustratur‚</em></span> <span class='ocrx_word' id='word_1_148' title='bbox 752 1211 791 1239; x_wconf 89' lang='lat' dir='ltr'><em>ut</em></span> <span class='ocrx_word' id='word_1_149' title='bbox 836 1216 969 1239; x_wconf 78' lang='lat' dir='ltr'><em>verum</em></span> <span class='ocrx_word' id='word_1_150' title='bbox 1014 1204 1162 1252; x_wconf 87' lang='lat' dir='ltr'><em>aliquid</em></span> <span class='ocrx_word' id='word_1_151' title='bbox 1205 1204 1241 1240; x_wconf 89' lang='lat' dir='ltr'><em>in</em></span> <span class='ocrx_word' id='word_1_152' title='bbox 1283 1204 1586 1241; x_wconf 91' lang='lat' dir='ltr'><em>raciocinacione</em></span> <span class='ocrx_word' id='word_1_153' title='bbox 1627 1204 1707 1240; x_wconf 77' lang='lat' dir='ltr'><em>sive</em></span> <span class='ocrx_word' id='word_1_154' title='bbox 1751 1203 1786 1238; x_wconf 89' lang='lat' dir='ltr'><em>in</em></span> 
     </span>
     <span class='ocr_line' id='line_1_25' title="bbox 471 1261 1787 1311; baseline 0 -15"><span class='ocrx_word' id='word_1_155' title='bbox 471 1261 743 1297; x_wconf 86' lang='lat' dir='ltr'><em>raciocinando</em></span> <span class='ocrx_word' id='word_1_156' title='bbox 776 1262 932 1307; x_wconf 86' lang='lat' dir='ltr'><em>senciat,</em></span> <span class='ocrx_word' id='word_1_157' title='bbox 968 1262 1060 1310; x_wconf 92' lang='lat' dir='ltr'><em>quid</em></span> <span class='ocrx_word' id='word_1_158' title='bbox 1090 1263 1231 1298; x_wconf 88' lang='lat' dir='ltr'><em>mirum</em></span> <span class='ocrx_word' id='word_1_159' title='bbox 1265 1263 1299 1298; x_wconf 89' lang='lat' dir='ltr'><em>si</em></span> <span class='ocrx_word' id='word_1_160' title='bbox 1330 1262 1474 1298; x_wconf 88' lang='lat' dir='ltr'><em>diaboli</em></span> <span class='ocrx_word' id='word_1_161' title='bbox 1502 1262 1629 1298; x_wconf 89' lang='lat' dir='ltr'><em>anima</em></span> <span class='ocrx_word' id='word_1_162' title='bbox 1658 1274 1787 1311; x_wconf 79' lang='lat' dir='ltr'><em>prava</em></span> 
     </span>
     <span class='ocr_line' id='line_1_26' title="bbox 471 1319 1786 1368; baseline 0 -14"><span class='ocrx_word' id='word_1_163' title='bbox 471 1319 680 1368; x_wconf 90' lang='lat' dir='ltr'><em>cupiditate</em></span> <span class='ocrx_word' id='word_1_164' title='bbox 712 1332 903 1368; x_wconf 77' lang='lat' dir='ltr'><em>perversa</em></span> <span class='ocrx_word' id='word_1_165' title='bbox 945 1320 1130 1368; x_wconf 86' lang='lat' dir='ltr'><em>quidquid</em></span> <span class='ocrx_word' id='word_1_166' title='bbox 1167 1328 1293 1356; x_wconf 86' lang='lat' dir='ltr'><em>tamen</em></span> <span class='ocrx_word' id='word_1_167' title='bbox 1327 1332 1459 1356; x_wconf 75' lang='lat' dir='ltr'><em>verum</em></span> <span class='ocrx_word' id='word_1_168' title='bbox 1494 1321 1540 1355; x_wconf 91' lang='lat' dir='ltr'><em>de</em></span> <span class='ocrx_word' id='word_1_169' title='bbox 1571 1320 1669 1356; x_wconf 91' lang='lat' dir='ltr'><em>iusto</em></span> <span class='ocrx_word' id='word_1_170' title='bbox 1702 1320 1786 1355; x_wconf 77' lang='lat' dir='ltr'><em>‚viro</em></span> 
     </span>
     <span class='ocr_line' id='line_1_27' title="bbox 471 1377 1785 1427; baseline 0.001 -15"><span class='ocrx_word' id='word_1_171' title='bbox 471 1377 716 1427; x_wconf 75' lang='lat' dir='ltr'><em>cogitaverit,</em></span> <span class='ocrx_word' id='word_1_172' title='bbox 762 1390 846 1413; x_wconf 88' lang='lat' dir='ltr'><em>cum</em></span> <span class='ocrx_word' id='word_1_173' title='bbox 885 1385 1078 1427; x_wconf 89' lang='lat' dir='ltr'><em>temptare</em></span> <span class='ocrx_word' id='word_1_174' title='bbox 1116 1378 1223 1414; x_wconf 88' lang='lat' dir='ltr'><em>illum</em></span> <span class='ocrx_word' id='word_1_175' title='bbox 1264 1379 1376 1414; x_wconf 82' lang='lat' dir='ltr'><em>vellet</em></span> <span class='ocrx_word' id='word_1_176' title='bbox 1415 1378 1533 1427; x_wconf 87' lang='lat' dir='ltr'><em>ipsius</em></span> <span class='ocrx_word' id='word_1_177' title='bbox 1571 1378 1646 1413; x_wconf 87' lang='lat' dir='ltr'><em>Dei</em></span> <span class='ocrx_word' id='word_1_178' title='bbox 1683 1390 1785 1422; x_wconf 80' lang='lat' dir='ltr'><em>voce,</em></span> 
     </span>
     <span class='ocr_line' id='line_1_28' title="bbox 472 1435 1788 1485; baseline 0 -15"><span class='ocrx_word' id='word_1_179' title='bbox 472 1435 512 1469; x_wconf 86' lang='lat' dir='ltr'><em>id</em></span> <span class='ocrx_word' id='word_1_180' title='bbox 543 1443 611 1481; x_wconf 79' lang='lat' dir='ltr'><em>est,</em></span> <span class='ocrx_word' id='word_1_181' title='bbox 646 1435 764 1484; x_wconf 84' lang='lat' dir='ltr'><em>ipsius</em></span> <span class='ocrx_word' id='word_1_182' title='bbox 798 1436 973 1472; x_wconf 76' lang='lat' dir='ltr'><em>veritatis</em></span> <span class='ocrx_word' id='word_1_183' title='bbox 1006 1448 1096 1472; x_wconf 79' lang='lat' dir='ltr'><em>voce</em></span> <span class='ocrx_word' id='word_1_184' title='bbox 1127 1436 1281 1472; x_wconf 86' lang='lat' dir='ltr'><em>audisse</em></span> <span class='ocrx_word' id='word_1_185' title='bbox 1298 1436 1560 1485; x_wconf 74' lang='lat' dir='ltr'><em>prohibetur?</em></span> <span class='ocrx_word' id='word_1_186' title='bbox 1597 1436 1788 1483; x_wconf 80' lang='lat' dir='ltr'><em>Quicquid</em></span> 
     </span>
     <span class='ocr_line' id='line_1_29' title="bbox 470 1494 1786 1543; baseline 0 -15"><span class='ocrx_word' id='word_1_187' title='bbox 470 1500 595 1529; x_wconf 89' lang='lat' dir='ltr'><em>autem</em></span> <span class='ocrx_word' id='word_1_188' title='bbox 618 1494 773 1542; x_wconf 85' lang='lat' dir='ltr'><em>salsum</em></span> <span class='ocrx_word' id='word_1_189' title='bbox 808 1494 866 1529; x_wconf 89' lang='lat' dir='ltr'><em>illi</em></span> <span class='ocrx_word' id='word_1_190' title='bbox 895 1494 1098 1543; x_wconf 89' lang='lat' dir='ltr'><em>cupiditati</em></span> <span class='ocrx_word' id='word_1_191' title='bbox 1127 1494 1323 1540; x_wconf 83' lang='lat' dir='ltr'><em>tribuitur,</em></span> <span class='ocrx_word' id='word_1_192' title='bbox 1362 1506 1436 1543; x_wconf 91' lang='lat' dir='ltr'><em>qua</em></span> <span class='ocrx_word' id='word_1_193' title='bbox 1477 1494 1621 1530; x_wconf 91' lang='lat' dir='ltr'><em>diaboli</em></span> <span class='ocrx_word' id='word_1_194' title='bbox 1651 1506 1786 1529; x_wconf 85' lang='lat' dir='ltr'><em>nomen</em></span> 
     </span>
     <span class='ocr_line' id='line_1_30' title="bbox 469 1551 1052 1600; baseline 0.003 -14"><span class='ocrx_word' id='word_1_195' title='bbox 469 1551 646 1600; x_wconf 77' lang='lat' dir='ltr'><em>accepit?</em></span> <span class='ocrx_word' id='word_1_196' title='bbox 679 1553 761 1587; x_wconf 85' lang='lat' dir='ltr'><em>Hec</em></span> <span class='ocrx_word' id='word_1_197' title='bbox 794 1552 1052 1598; x_wconf 78' lang='lat' dir='ltr'><em>Augustinus.</em></span> 
     </span>
    </p>
   </div>
   <div class='ocr_carea' id='block_1_8' title="bbox 979 1699 1284 1741">
    <p class='ocr_par' dir='ltr' id='par_1_8' title="bbox 979 1699 1284 1741">
     <span class='ocr_line' id='line_1_31' title="bbox 979 1699 1284 1741; baseline 0 -1"><span class='ocrx_word' id='word_1_198' title='bbox 979 1699 1117 1741; x_wconf 81' lang='lat' dir='ltr'><strong>CAP.</strong></span> <span class='ocrx_word' id='word_1_199' title='bbox 1149 1700 1284 1740; x_wconf 87' lang='lat' dir='ltr'>XVI.</span> 
     </span>
    </p>
   </div>
   <div class='ocr_carea' id='block_1_9' title="bbox 466 1804 1788 2146">
    <p class='ocr_par' dir='ltr' id='par_1_9' title="bbox 466 1804 1788 2146">
     <span class='ocr_line' id='line_1_32' title="bbox 532 1804 1786 1853; baseline 0.002 -13"><span class='ocrx_word' id='word_1_200' title='bbox 532 1804 793 1853; x_wconf 81' lang='lat' dir='ltr'><em>Prosequitur</em></span> <span class='ocrx_word' id='word_1_201' title='bbox 846 1814 978 1841; x_wconf 85' lang='lat' dir='ltr'><em>autem</em></span> <span class='ocrx_word' id='word_1_202' title='bbox 1032 1806 1279 1853; x_wconf 80' lang='lat' dir='ltr'><em>Augustinus</em></span> <span class='ocrx_word' id='word_1_203' title='bbox 1333 1806 1474 1843; x_wconf 84' lang='lat' dir='ltr'><em>diffuse</em></span> <span class='ocrx_word' id='word_1_204' title='bbox 1526 1807 1621 1843; x_wconf 86' lang='lat' dir='ltr'><em>satis</em></span> <span class='ocrx_word' id='word_1_205' title='bbox 1673 1820 1786 1843; x_wconf 86' lang='lat' dir='ltr'><em>suam</em></span> 
     </span>
     <span class='ocr_line' id='line_1_33' title="bbox 472 1863 1788 1912; baseline 0.002 -14"><span class='ocrx_word' id='word_1_206' title='bbox 472 1863 731 1909; x_wconf 78' lang='lat' dir='ltr'><em>sentenciam,</em></span> <span class='ocrx_word' id='word_1_207' title='bbox 778 1865 885 1911; x_wconf 86' lang='lat' dir='ltr'><em>quod</em></span> <span class='ocrx_word' id='word_1_208' title='bbox 925 1872 1137 1900; x_wconf 82' lang='lat' dir='ltr'><em>attestatur</em></span> <span class='ocrx_word' id='word_1_209' title='bbox 1170 1864 1331 1900; x_wconf 84' lang='lat' dir='ltr'><em>indubie</em></span> <span class='ocrx_word' id='word_1_210' title='bbox 1371 1866 1478 1912; x_wconf 88' lang='lat' dir='ltr'><em>quod</em></span> <span class='ocrx_word' id='word_1_211' title='bbox 1517 1874 1677 1901; x_wconf 82' lang='lat' dir='ltr'><em>sanctus</em></span> <span class='ocrx_word' id='word_1_212' title='bbox 1715 1865 1788 1901; x_wconf 86' lang='lat' dir='ltr'><em>iste</em></span> 
     </span>
     <span class='ocr_line' id='line_1_34' title="bbox 471 1921 1787 1971; baseline 0.002 -15"><span class='ocrx_word' id='word_1_213' title='bbox 471 1922 668 1968; x_wconf 83' lang='lat' dir='ltr'><em>ponderat</em></span> <span class='ocrx_word' id='word_1_214' title='bbox 696 1921 812 1956; x_wconf 85' lang='lat' dir='ltr'><em>istam</em></span> <span class='ocrx_word' id='word_1_215' title='bbox 846 1921 1070 1971; x_wconf 77' lang='lat' dir='ltr'><em>materiam,</em></span> <span class='ocrx_word' id='word_1_216' title='bbox 1094 1924 1299 1970; x_wconf 78' lang='lat' dir='ltr'><em>quomodo</em></span> <span class='ocrx_word' id='word_1_217' title='bbox 1329 1923 1445 1959; x_wconf 85' lang='lat' dir='ltr'><em>debet</em></span> <span class='ocrx_word' id='word_1_218' title='bbox 1474 1935 1567 1959; x_wconf 83' lang='lat' dir='ltr'><em>sane</em></span> <span class='ocrx_word' id='word_1_219' title='bbox 1600 1923 1787 1971; x_wconf 81' lang='lat' dir='ltr'><em>intelligi:</em></span> 
     </span>
     <span class='ocr_line' id='line_1_35' title="bbox 471 1979 1785 2029; baseline 0.003 -16"><span class='ocrx_word' id='word_1_220' title='bbox 471 1979 523 2014; x_wconf 88' lang='lat' dir='ltr'><em>Et</em></span> <span class='ocrx_word' id='word_1_221' title='bbox 556 1992 600 2014; x_wconf 88' lang='lat' dir='ltr'><em>ne</em></span> <span class='ocrx_word' id='word_1_222' title='bbox 632 1992 700 2015; x_wconf 89' lang='lat' dir='ltr'><em>nos</em></span> <span class='ocrx_word' id='word_1_223' title='bbox 732 1979 892 2015; x_wconf 87' lang='lat' dir='ltr'><em>inducas</em></span> <span class='ocrx_word' id='word_1_224' title='bbox 932 1980 968 2015; x_wconf 88' lang='lat' dir='ltr'><em>in</em></span> <span class='ocrx_word' id='word_1_225' title='bbox 1001 1981 1307 2029; x_wconf 86' lang='lat' dir='ltr'><em>temptacionem.</em></span> <span class='ocrx_word' id='word_1_226' title='bbox 1347 1981 1603 2029; x_wconf 79' lang='lat' dir='ltr'><em>Quamquam,</em></span> <span class='ocrx_word' id='word_1_227' title='bbox 1643 1981 1785 2029; x_wconf 84' lang='lat' dir='ltr'><em>inquit,</em></span> 
     </span>
     <span class='ocr_line' id='line_1_36' title="bbox 472 2037 1788 2087; baseline 0.002 -15"><span class='ocrx_word' id='word_1_228' title='bbox 472 2037 590 2072; x_wconf 85' lang='lat' dir='ltr'><em>eciam</em></span> <span class='ocrx_word' id='word_1_229' title='bbox 632 2049 708 2086; x_wconf 89' lang='lat' dir='ltr'><em>per</em></span> <span class='ocrx_word' id='word_1_230' title='bbox 745 2045 968 2073; x_wconf 88' lang='lat' dir='ltr'><em>creaturam</em></span> <span class='ocrx_word' id='word_1_231' title='bbox 1014 2039 1258 2086; x_wconf 78' lang='lat' dir='ltr'><em>corporalem</em></span> <span class='ocrx_word' id='word_1_232' title='bbox 1299 2046 1410 2087; x_wconf 86' lang='lat' dir='ltr'><em>atque</em></span> <span class='ocrx_word' id='word_1_233' title='bbox 1456 2039 1638 2075; x_wconf 75' lang='lat' dir='ltr'><em>visibilem</em></span> <span class='ocrx_word' id='word_1_234' title='bbox 1681 2040 1788 2075; x_wconf 88' lang='lat' dir='ltr'><em>Deus</em></span> 
     </span>
     <span class='ocr_line' id='line_1_37' title="bbox 466 2095 1785 2146; baseline 0.002 -16"><span class='ocrx_word' id='word_1_235' title='bbox 466 2095 697 2144; x_wconf 86' lang='lat' dir='ltr'><em>plerumque</em></span> <span class='ocrx_word' id='word_1_236' title='bbox 740 2095 889 2131; x_wconf 87' lang='lat' dir='ltr'><em>locutus</em></span> <span class='ocrx_word' id='word_1_237' title='bbox 932 2104 986 2131; x_wconf 91' lang='lat' dir='ltr'><em>est</em></span> <span class='ocrx_word' id='word_1_238' title='bbox 1029 2096 1109 2132; x_wconf 78' lang='lat' dir='ltr'><em>sive</em></span> <span class='ocrx_word' id='word_1_239' title='bbox 1151 2097 1258 2132; x_wconf 87' lang='lat' dir='ltr'><em>bonis</em></span> <span class='ocrx_word' id='word_1_240' title='bbox 1298 2097 1377 2132; x_wconf 74' lang='lat' dir='ltr'><em>sive</em></span> <span class='ocrx_word' id='word_1_241' title='bbox 1421 2097 1545 2141; x_wconf 76' lang='lat' dir='ltr'><em>malis,</em></span> <span class='ocrx_word' id='word_1_242' title='bbox 1591 2104 1785 2146; x_wconf 82' lang='lat' dir='ltr'><em>tamquam</em></span> 
     </span>
    </p>
   </div>
   <div class='ocr_carea' id='block_1_10' title="bbox 1804 869 1843 890">
    <p class='ocr_par' dir='ltr' id='par_1_10' title="bbox 1804 869 1843 890">
     <span class='ocr_line' id='line_1_38' title="bbox 1804 869 1843 890; baseline 0 0"><span class='ocrx_word' id='word_1_243' title='bbox 1804 869 1843 890; x_wconf 83' lang='lat' dir='ltr'><em>to</em></span> 
     </span>
    </p>
   </div>
   <div class='ocr_carea' id='block_1_11' title="bbox 1807 1147 1843 1179">
    <p class='ocr_par' dir='ltr' id='par_1_11' title="bbox 1807 1147 1843 1179">
     <span class='ocr_line' id='line_1_39' title="bbox 1807 1147 1843 1179; baseline 0 0"><span class='ocrx_word' id='word_1_244' title='bbox 1807 1147 1843 1179; x_wconf 84' lang='lat'><em>15</em></span> 
     </span>
    </p>
   </div>
   <div class='ocr_carea' id='block_1_12' title="bbox 1804 1447 1845 1468">
    <p class='ocr_par' dir='ltr' id='par_1_12' title="bbox 1804 1447 1845 1468">
     <span class='ocr_line' id='line_1_40' title="bbox 1804 1447 1845 1468; baseline 0.024 -1"><span class='ocrx_word' id='word_1_245' title='bbox 1804 1447 1845 1468; x_wconf 84' lang='lat'><em>20</em></span> 
     </span>
    </p>
   </div>
   <div class='ocr_carea' id='block_1_13' title="bbox 1805 1866 1844 1898">
    <p class='ocr_par' dir='ltr' id='par_1_13' title="bbox 1805 1866 1844 1898">
     <span class='ocr_line' id='line_1_41' title="bbox 1805 1866 1844 1898; baseline 0.026 -1"><span class='ocrx_word' id='word_1_246' title='bbox 1805 1866 1844 1898; x_wconf 81' lang='lat'><em>25</em></span> 
     </span>
    </p>
   </div>
   <div class='ocr_carea' id='block_1_14' title="bbox 473 2153 1845 2204">
    <p class='ocr_par' dir='ltr' id='par_1_14' title="bbox 473 2153 1845 2204">
     <span class='ocr_line' id='line_1_42' title="bbox 473 2153 1845 2204; baseline 0 -17"><span class='ocrx_word' id='word_1_247' title='bbox 473 2153 650 2188; x_wconf 87' lang='lat' dir='ltr'><em>dominus</em></span> <span class='ocrx_word' id='word_1_248' title='bbox 682 2153 848 2188; x_wconf 86' lang='lat' dir='ltr'><em>omnium</em></span> <span class='ocrx_word' id='word_1_249' title='bbox 884 2161 918 2189; x_wconf 92' lang='lat' dir='ltr'><em>et</em></span> <span class='ocrx_word' id='word_1_250' title='bbox 950 2161 1106 2189; x_wconf 88' lang='lat' dir='ltr'><em>creator</em></span> <span class='ocrx_word' id='word_1_251' title='bbox 1138 2162 1172 2189; x_wconf 90' lang='lat' dir='ltr'><em>et</em></span> <span class='ocrx_word' id='word_1_252' title='bbox 1206 2162 1335 2190; x_wconf 87' lang='lat' dir='ltr'><em>rector</em></span> <span class='ocrx_word' id='word_1_253' title='bbox 1363 2162 1640 2203; x_wconf 85' lang='lat' dir='ltr'><em>prolectorque</em></span> <span class='ocrx_word' id='word_1_254' title='bbox 1666 2162 1787 2204; x_wconf 90' lang='lat' dir='ltr'><em>prout</em></span> <span class='ocrx_word' id='word_1_255' title='bbox 1803 2156 1845 2188; x_wconf 82' lang='lat'><em>30</em></span> 
     </span>
    </p>
   </div>
   <div class='ocr_carea' id='block_1_15' title="bbox 472 2211 1790 2436">
    <p class='ocr_par' dir='ltr' id='par_1_15' title="bbox 472 2211 1790 2436">
     <span class='ocr_line' id='line_1_43' title="bbox 472 2211 1790 2263; baseline 0.002 -18"><span class='ocrx_word' id='word_1_256' title='bbox 472 2211 653 2258; x_wconf 88' lang='lat' dir='ltr'><em>cuiusque</em></span> <span class='ocrx_word' id='word_1_257' title='bbox 696 2211 755 2246; x_wconf 88' lang='lat' dir='ltr'><em>rei</em></span> <span class='ocrx_word' id='word_1_258' title='bbox 798 2212 945 2247; x_wconf 89' lang='lat' dir='ltr'><em>meritis</em></span> <span class='ocrx_word' id='word_1_259' title='bbox 989 2212 1205 2257; x_wconf 81' lang='lat' dir='ltr'><em>ordinator,</em></span> <span class='ocrx_word' id='word_1_260' title='bbox 1259 2213 1356 2248; x_wconf 90' lang='lat' dir='ltr'><em>sicut</em></span> <span class='ocrx_word' id='word_1_261' title='bbox 1394 2225 1469 2261; x_wconf 86' lang='lat' dir='ltr'><em>per</em></span> <span class='ocrx_word' id='word_1_262' title='bbox 1513 2213 1674 2263; x_wconf 74' lang='lat' dir='ltr'><em>angelos</em></span> <span class='ocrx_word' id='word_1_263' title='bbox 1725 2213 1790 2261; x_wconf 87' lang='lat' dir='ltr'><em>qui</em></span> 
     </span>
     <span class='ocr_line' id='line_1_44' title="bbox 472 2269 1787 2319; baseline 0.003 -17"><span class='ocrx_word' id='word_1_264' title='bbox 472 2269 666 2304; x_wconf 81' lang='lat' dir='ltr'><em>hominum</em></span> <span class='ocrx_word' id='word_1_265' title='bbox 701 2281 846 2317; x_wconf 85' lang='lat' dir='ltr'><em>quoque</em></span> <span class='ocrx_word' id='word_1_266' title='bbox 878 2270 1094 2318; x_wconf 84' lang='lat' dir='ltr'><em>aspectibus</em></span> <span class='ocrx_word' id='word_1_267' title='bbox 1125 2278 1392 2319; x_wconf 88' lang='lat' dir='ltr'><em>apparuerunt</em></span> <span class='ocrx_word' id='word_1_268' title='bbox 1423 2278 1458 2305; x_wconf 89' lang='lat' dir='ltr'><em>et</em></span> <span class='ocrx_word' id='word_1_269' title='bbox 1481 2283 1555 2319; x_wconf 90' lang='lat' dir='ltr'><em>per</em></span> <span class='ocrx_word' id='word_1_270' title='bbox 1573 2271 1787 2319; x_wconf 79' lang='lat' dir='ltr'><em>prophetas</em></span> 
     </span>
     <span class='ocr_line' id='line_1_45' title="bbox 473 2327 1788 2378; baseline 0.002 -18"><span class='ocrx_word' id='word_1_271' title='bbox 473 2327 658 2362; x_wconf 88' lang='lat' dir='ltr'><em>dicentes:</em></span> <span class='ocrx_word' id='word_1_272' title='bbox 710 2327 793 2362; x_wconf 89' lang='lat' dir='ltr'><em>Hec</em></span> <span class='ocrx_word' id='word_1_273' title='bbox 838 2327 929 2363; x_wconf 88' lang='lat' dir='ltr'><em>dicit</em></span> <span class='ocrx_word' id='word_1_274' title='bbox 974 2328 1178 2363; x_wconf 86' lang='lat' dir='ltr'><em>Dominus.</em></span> <span class='ocrx_word' id='word_1_275' title='bbox 1232 2329 1335 2372; x_wconf 87' lang='lat' dir='ltr'><em>Quid</em></span> <span class='ocrx_word' id='word_1_276' title='bbox 1386 2329 1510 2378; x_wconf 78' lang='lat' dir='ltr'><em>igitur</em></span> <span class='ocrx_word' id='word_1_277' title='bbox 1561 2329 1701 2364; x_wconf 89' lang='lat' dir='ltr'><em>mirum</em></span> <span class='ocrx_word' id='word_1_278' title='bbox 1754 2328 1788 2365; x_wconf 88' lang='lat' dir='ltr'><em>si</em></span> 
     </span>
     <span class='ocr_line' id='line_1_46' title="bbox 472 2385 1787 2436; baseline 0.003 -18"><span class='ocrx_word' id='word_1_279' title='bbox 472 2396 702 2433; x_wconf 87' lang='lat' dir='ltr'><em>quamquam</em></span> <span class='ocrx_word' id='word_1_280' title='bbox 738 2397 810 2420; x_wconf 88' lang='lat' dir='ltr'><em>non</em></span> <span class='ocrx_word' id='word_1_281' title='bbox 843 2385 879 2420; x_wconf 90' lang='lat' dir='ltr'><em>in</em></span> <span class='ocrx_word' id='word_1_282' title='bbox 913 2385 1034 2433; x_wconf 85' lang='lat' dir='ltr'><em>ipsam</em></span> <span class='ocrx_word' id='word_1_283' title='bbox 1069 2386 1345 2436; x_wconf 71' lang='lat' dir='ltr'><em>cogitacionem</em></span> <span class='ocrx_word' id='word_1_284' title='bbox 1376 2399 1450 2434; x_wconf 83' lang='lat' dir='ltr'><em>per</em></span> <span class='ocrx_word' id='word_1_285' title='bbox 1481 2387 1648 2435; x_wconf 87' lang='lat' dir='ltr'><em>aliquam</em></span> <span class='ocrx_word' id='word_1_286' title='bbox 1684 2393 1787 2422; x_wconf 86' lang='lat' dir='ltr'><em>certe</em></span> 
     </span>
    </p>
   </div>
   <div class='ocr_carea' id='block_1_16' title="bbox 472 2443 1841 2491">
    <p class='ocr_par' dir='ltr' id='par_1_16' title="bbox 472 2443 1841 2491">
     <span class='ocr_line' id='line_1_47' title="bbox 472 2443 1841 2491; baseline 0 -15"><span class='ocrx_word' id='word_1_287' title='bbox 472 2450 693 2478; x_wconf 82' lang='lat' dir='ltr'><em>creaturam</em></span> <span class='ocrx_word' id='word_1_288' title='bbox 733 2443 806 2478; x_wconf 88' lang='lat' dir='ltr'><em>tali</em></span> <span class='ocrx_word' id='word_1_289' title='bbox 841 2443 951 2491; x_wconf 85' lang='lat' dir='ltr'><em>operi</em></span> <span class='ocrx_word' id='word_1_290' title='bbox 986 2445 1320 2480; x_wconf 87' lang='lat' dir='ltr'><em>accommodatam</em></span> <span class='ocrx_word' id='word_1_291' title='bbox 1362 2445 1468 2480; x_wconf 89' lang='lat' dir='ltr'><em>Deus</em></span> <span class='ocrx_word' id='word_1_292' title='bbox 1513 2445 1663 2480; x_wconf 89' lang='lat' dir='ltr'><em>locutus</em></span> <span class='ocrx_word' id='word_1_293' title='bbox 1701 2456 1784 2480; x_wconf 91' lang='lat' dir='ltr'><em>cum</em></span> <span class='ocrx_word' id='word_1_294' title='bbox 1802 2445 1841 2477; x_wconf 81' lang='lat'><em>35</em></span> 
     </span>
    </p>
   </div>
   <div class='ocr_carea' id='block_1_17' title="bbox 474 2499 832 2536">
    <p class='ocr_par' dir='ltr' id='par_1_17' title="bbox 474 2499 832 2536">
     <span class='ocr_line' id='line_1_48' title="bbox 474 2499 832 2536; baseline 0.003 -2"><span class='ocrx_word' id='word_1_295' title='bbox 474 2500 625 2536; x_wconf 89' lang='lat' dir='ltr'><em>diabolo</em></span> <span class='ocrx_word' id='word_1_296' title='bbox 660 2499 832 2536; x_wconf 79' lang='lat' dir='ltr'><em>dicitur?</em></span> 
     </span>
    </p>
   </div>
   <div class='ocr_carea' id='block_1_18' title="bbox 473 2657 1786 2764">
    <p class='ocr_par' dir='ltr' id='par_1_18' title="bbox 473 2657 1786 2764">
     <span class='ocr_line' id='line_1_49' title="bbox 542 2657 1786 2694; baseline 0.002 -11"><span class='ocrx_word' id='word_1_297' title='bbox 542 2658 568 2684; x_wconf 69' lang='lat'><em>8.</em></span> <span class='ocrx_word' id='word_1_298' title='bbox 589 2657 632 2684; x_wconf 87' lang='lat' dir='ltr'><em>A:</em></span> <span class='ocrx_word' id='word_1_299' title='bbox 655 2657 740 2692; x_wconf 68' lang='lat' dir='ltr'><em>leges</em></span> <span class='ocrx_word' id='word_1_300' title='bbox 760 2665 820 2684; x_wconf 88' lang='lat' dir='ltr'><em>non</em></span> <span class='ocrx_word' id='word_1_301' title='bbox 840 2657 997 2684; x_wconf 69' lang='lat' dir='ltr'><em>habentes.</em></span> <span class='ocrx_word' id='word_1_302' title='bbox 1073 2658 1172 2685; x_wconf 80' lang='lat' dir='ltr'>10.A:</span> <span class='ocrx_word' id='word_1_303' title='bbox 1194 2659 1341 2686; x_wconf 78' lang='lat' dir='ltr'><em>interesse</em></span> <span class='ocrx_word' id='word_1_304' title='bbox 1362 2659 1500 2686; x_wconf 76' lang='lat' dir='ltr'><em>ium&#39;cem.</em></span> <span class='ocrx_word' id='word_1_305' title='bbox 1581 2667 1621 2694; x_wconf 83' lang='lat'><em>10,</em></span> <span class='ocrx_word' id='word_1_306' title='bbox 1640 2667 1672 2686; x_wconf 87' lang='lat'><em>11.</em></span> <span class='ocrx_word' id='word_1_307' title='bbox 1693 2660 1737 2686; x_wconf 87' lang='lat' dir='ltr'><em>A:</em></span> <span class='ocrx_word' id='word_1_308' title='bbox 1758 2662 1786 2686; x_wconf 82' lang='lat' dir='ltr'><em>et</em></span> 
     </span>
     <span class='ocr_line' id='line_1_50' title="bbox 473 2691 1784 2727; baseline 0.002 -10"><span class='ocrx_word' id='word_1_309' title='bbox 473 2691 687 2718; x_wconf 79' lang='lat' dir='ltr'><em>excusancium</em></span> <span class='ocrx_word' id='word_1_310' title='bbox 709 2692 802 2718; x_wconf 79' lang='lat' dir='ltr'><em>deest.</em></span> <span class='ocrx_word' id='word_1_311' title='bbox 879 2700 911 2719; x_wconf 81' lang='grc' dir='ltr'><em>ιι.</em></span> <span class='ocrx_word' id='word_1_312' title='bbox 936 2692 970 2718; x_wconf 69' lang='lat' dir='ltr'><em>B:</em></span> <span class='ocrx_word' id='word_1_313' title='bbox 993 2692 1044 2718; x_wconf 80' lang='lat' dir='ltr'><em>die</em></span> <span class='ocrx_word' id='word_1_314' title='bbox 1064 2693 1157 2719; x_wconf 57' lang='lat' dir='ltr'><em>deest.</em></span> <span class='ocrx_word' id='word_1_315' title='bbox 1232 2701 1276 2725; x_wconf 68' lang='lat'><em>21.</em></span> <span class='ocrx_word' id='word_1_316' title='bbox 1301 2693 1322 2720; x_wconf 76' lang='lat' dir='ltr'><em>P-</em></span> <span class='ocrx_word' id='word_1_317' title='bbox 1339 2694 1367 2720; x_wconf 84' lang='lat' dir='ltr'><em>in</em></span> <span class='ocrx_word' id='word_1_318' title='bbox 1385 2702 1497 2727; x_wconf 40' lang='lat' dir='ltr'><em>marga</em></span> <span class='ocrx_word' id='word_1_319' title='bbox 1514 2693 1577 2720; x_wconf 84' lang='lat' dir='ltr'><em>XV.</em></span> <span class='ocrx_word' id='word_1_320' title='bbox 1653 2693 1696 2721; x_wconf 75' lang='lat'><em>28.</em></span> <span class='ocrx_word' id='word_1_321' title='bbox 1713 2695 1740 2720; x_wconf 83' lang='lat' dir='ltr'><strong>A</strong></span> <span class='ocrx_word' id='word_1_322' title='bbox 1755 2694 1784 2720; x_wconf 83' lang='lat' dir='ltr'><em>in</em></span> 
     </span>
     <span class='ocr_line' id='line_1_51' title="bbox 474 2726 1783 2764; baseline 0.001 -12"><span class='ocrx_word' id='word_1_323' title='bbox 474 2734 587 2764; x_wconf 57' lang='lat' dir='ltr'><em>marg:</em></span> <span class='ocrx_word' id='word_1_324' title='bbox 609 2727 808 2761; x_wconf 67' lang='lat' dir='ltr'><em>Augustinus.</em></span> <span class='ocrx_word' id='word_1_325' title='bbox 900 2726 944 2753; x_wconf 70' lang='lat'><em>30.</em></span> <span class='ocrx_word' id='word_1_326' title='bbox 967 2728 1010 2753; x_wconf 87' lang='lat' dir='ltr'><em>A:</em></span> <span class='ocrx_word' id='word_1_327' title='bbox 1033 2727 1115 2753; x_wconf 82' lang='lat' dir='ltr'><em>Deus</em></span> <span class='ocrx_word' id='word_1_328' title='bbox 1136 2728 1278 2754; x_wconf 81' lang='lat' dir='ltr'><em>omnium.</em></span> <span class='ocrx_word' id='word_1_329' title='bbox 1370 2727 1412 2755; x_wconf 75' lang='lat'><em>33.</em></span> <span class='ocrx_word' id='word_1_330' title='bbox 1436 2729 1473 2755; x_wconf 70' lang='lat'><em>1²1:</em></span> <span class='ocrx_word' id='word_1_331' title='bbox 1496 2729 1570 2762; x_wconf 76' lang='lat' dir='ltr'><em>quid</em></span> <span class='ocrx_word' id='word_1_332' title='bbox 1587 2728 1646 2754; x_wconf 79' lang='lat' dir='ltr'><em>sibi</em></span> <span class='ocrx_word' id='word_1_333' title='bbox 1664 2729 1783 2755; x_wconf 84' lang='lat' dir='ltr'><em>mirum.</em></span> 
     </span>
    </p>
   </div>
   <div class='ocr_carea' id='block_1_19' title="bbox 472 2759 1211 2797">
    <p class='ocr_par' dir='ltr' id='par_1_19' title="bbox 472 2759 1211 2797">
     <span class='ocr_line' id='line_1_52' title="bbox 472 2759 1211 2797; baseline 0.004 -11"><span class='ocrx_word' id='word_1_334' title='bbox 472 2759 517 2792; x_wconf 66' lang='lat'><em>34.</em></span> <span class='ocrx_word' id='word_1_335' title='bbox 540 2762 735 2793; x_wconf 65' lang='lat' dir='ltr'><em>Augustinus</em></span> <span class='ocrx_word' id='word_1_336' title='bbox 757 2762 774 2787; x_wconf 82' lang='grc'><em>1.</em></span> <span class='ocrx_word' id='word_1_337' title='bbox 798 2770 840 2787; x_wconf 75' lang='lat' dir='ltr'><em>c.:</em></span> <span class='ocrx_word' id='word_1_338' title='bbox 865 2762 894 2787; x_wconf 86' lang='lat' dir='ltr'><em>in</em></span> <span class='ocrx_word' id='word_1_339' title='bbox 917 2762 981 2796; x_wconf 77' lang='lat' dir='ltr'><em>ipsa</em></span> <span class='ocrx_word' id='word_1_340' title='bbox 1003 2762 1211 2797; x_wconf 63' lang='lat' dir='ltr'><em>cogitacione.</em></span> 
     </span>
    </p>
   </div>
   <div class='ocr_carea' id='block_1_20' title="bbox 542 2831 1782 2877">
    <p class='ocr_par' dir='ltr' id='par_1_20' title="bbox 542 2831 1782 2877">
     <span class='ocr_line' id='line_1_53' title="bbox 542 2831 1782 2877; baseline 0.004 -15"><span class='ocrx_word' id='word_1_341' title='bbox 542 2831 572 2863; x_wconf 77' lang='lat' dir='ltr'><em>O.</em></span> <span class='ocrx_word' id='word_1_342' title='bbox 588 2833 690 2863; x_wconf 80' lang='lat' dir='ltr'><em>Rom.</em></span> <span class='ocrx_word' id='word_1_343' title='bbox 707 2833 743 2871; x_wconf 82' lang='grc' dir='ltr'><em>ΙΙ,</em></span> <span class='ocrx_word' id='word_1_344' title='bbox 765 2843 811 2872; x_wconf 82' lang='lat'><em>14.</em></span> <span class='ocrx_word' id='word_1_345' title='bbox 893 2843 944 2874; x_wconf 81' lang='lat'><em>27.</em></span> <span class='ocrx_word' id='word_1_346' title='bbox 964 2834 1013 2865; x_wconf 84' lang='lat' dir='ltr'><em>De</em></span> <span class='ocrx_word' id='word_1_347' title='bbox 1033 2845 1193 2865; x_wconf 78' lang='lat' dir='ltr'><em>sermone</em></span> <span class='ocrx_word' id='word_1_348' title='bbox 1215 2835 1351 2865; x_wconf 82' lang='lat' dir='ltr'><em>Domini</em></span> <span class='ocrx_word' id='word_1_349' title='bbox 1373 2835 1406 2865; x_wconf 87' lang='lat' dir='ltr'><em>in</em></span> <span class='ocrx_word' id='word_1_350' title='bbox 1426 2841 1555 2874; x_wconf 81' lang='lat' dir='ltr'><em>monte,</em></span> <span class='ocrx_word' id='word_1_351' title='bbox 1577 2835 1596 2866; x_wconf 92' lang='lat' dir='ltr'><em>l.</em></span> <span class='ocrx_word' id='word_1_352' title='bbox 1613 2846 1640 2867; x_wconf 91' lang='lat' dir='ltr'><em>c.</em></span> <span class='ocrx_word' id='word_1_353' title='bbox 1655 2846 1687 2877; x_wconf 86' lang='lat' dir='ltr'><em>p.</em></span> <span class='ocrx_word' id='word_1_354' title='bbox 1709 2837 1782 2867; x_wconf 78' lang='lat'>213.</span> 
     </span>
    </p>
   </div>
  </div>
 </body>
</html>
