2003 3322
195 247 282 276 CAP.
303 239 400 293 xxi]
713 252 854 284 PRIMA
882 253 1006 284 PARs.
1749 258 1770 294 7
1783 259 1793 283 1

196 359 358 394 videndo
392 370 475 393 eum
516 371 627 406 quam
667 359 870 394 audiendo.
926 359 1026 394 Nam
1061 359 1193 407 prima
1235 359 1411 395 doctrina
1457 367 1513 396 est

196 416 326 452 videre
357 416 509 462 bonum,
541 417 708 452 secunda
741 423 866 451 autem
900 417 1048 452 audire.
1098 418 1182 453 Hec
1225 416 1509 453 Crisostomus.

252 474 468 509 Deridendi
501 486 594 510 vero
635 483 725 510 sunt
763 474 897 521 ydiote
938 474 1123 522 discipuli
1164 474 1401 510 Antichristi
1442 475 1509 522 qui
1526 485 1734 524 Preacliingis
1749 490 1802 524 not

195 545 276 568 non
321 531 538 568 admittunt
583 531 699 568 aliam
746 532 1070 579 predicacionem
1115 532 1191 568 nisi
1236 533 1508 580 ydempticam
1534 520 1800 589 Offlivcfgffi¹ss²i¹t¹3f¹¹¹

162 594 232 626 §et
264 590 474 626 formalem
509 598 545 625 et
578 589 756 626 abiciunt
789 599 998 638 tamquam
1026 590 1319 638 impossibilem
1344 603 1506 626 omnem
1531 585 1602 651 'bbssf
1624 584 1780 651 practicial,

194 647 519 696 predicacionem
554 647 885 693 habitudinalem,
930 647 1105 684 dicentes
1146 648 1266 684 fidem
1312 649 1510 696 scripture
1582 632 1729 660 >mmm
1745 633 1769 651 e.

195 718 278 742 esse
311 705 352 741 in
386 705 530 742 maiori
554 714 667 753 parte
695 705 999 753 impossibilem,
1034 714 1077 742 ut
1111 715 1168 742 est
1201 706 1278 743 ista
1311 719 1402 742 cum
1436 706 1510 742 sibi

194 763 410 800 similibus:
468 764 540 799 Vos
578 764 668 799 estis
705 764 765 799 sal
804 771 920 799 terre.
969 765 1198 800 Studendus
1242 763 1407 812 quidem
1453 774 1510 800 est

194 833 331 857 sensus
364 833 484 869 quem
518 821 689 869 Spiritus
723 823 892 858 Sanctus
925 821 1071 858 indidit
1104 821 1144 857 in
1178 821 1253 857 hiis
1285 822 1427 858 verbis.
1463 825 1510 858 Et

142 893 179 913 10
194 879 402 915 deridendi
436 888 527 915 sunt
559 879 724 915 heretici
748 878 816 927 qui
850 879 905 915 sic
938 880 1184 916 altercantur
1207 882 1342 928 quoad
1374 893 1511 928 super-

195 937 324 973 ficiem
358 937 468 973 verbi
501 937 586 973 Dei.
621 938 688 973 Sal
712 937 875 985 quidem
911 939 1029 974 habet
1064 938 1210 974 multas
1244 937 1511 986 proprietates

193 995 424 1041 laudabiles,
450 1008 543 1031 narn
568 996 625 1031 sal
649 1003 706 1031 est
728 995 830 1043 lapis
855 1008 899 1031 ex
923 1008 1044 1031 arena
1068 1006 1105 1032 et
1128 1008 1233 1044 aqua
1253 998 1397 1032 ardore
1419 996 1512 1032 solis

70 1056 149 1089 361⁰
194 1063 262 1090 aut
295 1053 397 1101 ignis
431 1062 468 1089 et
496 1048 500 1106 1
529 1053 628 1089 flatu
660 1053 767 1089 venti
801 1062 1036 1100 compactus
1076 1062 1113 1090 et
1155 1066 1225 1101 per
1265 1066 1512 1101 consequens

193 1112 299 1147 iuxta
332 1112 510 1159 regulam
533 1111 758 1147 Aristotelis
792 1112 841 1147 IV
873 1111 1243 1159 Metaphysicorum
1279 1111 1511 1148 dissolvitur

141 1172 177 1203 15
194 1183 216 1206 a
248 1169 393 1217 frigido
417 1178 454 1205 et
477 1169 644 1205 humido
669 1178 706 1204 et
729 1168 934 1216 signanter
957 1169 1157 1217 significat
1178 1170 1354 1217 prelatos
1385 1171 1512 1206 bonos

194 1227 261 1276 qui
286 1228 491 1275 quondam
516 1236 629 1263 erant
654 1240 775 1263 arena
797 1227 1007 1274 instabilis,
1042 1236 1085 1263 ut
1117 1227 1296 1275 loquitur
1319 1228 1513 1275 parabola

195 1285 413 1322 Salvatoris
447 1287 494 1321 de
528 1286 648 1321 domo
681 1285 846 1321 fundata
879 1298 999 1333 super
1031 1298 1210 1331 arenam,
1244 1285 1412 1322 Matthei
1432 1287 1511 1321 VII.

252 1343 318 1379 Hii
351 1356 457 1391 aqua
489 1343 739 1391 baptismatis
775 1352 811 1379 et
844 1344 988 1380 ardore
1021 1343 1122 1390 ignis
1157 1343 1278 1379 divini
1324 1356 1369 1380 ac
1415 1344 1513 1380 flatu

196 1402 332 1437 Sancti
368 1401 541 1448 Spiritus
575 1400 898 1449 compaginantur
936 1410 973 1437 et
1012 1413 1131 1448 super
1170 1401 1300 1437 nivem
1334 1403 1383 1438 ab
1417 1414 1514 1449 opa—

140 1473 180 1493 20
196 1459 315 1495 citate
353 1459 508 1507 peccati
553 1459 804 1504 dealbantur,
849 1460 954 1495 unde
1001 1468 1144 1495 natura
1195 1472 1324 1508 aquea
1369 1459 1410 1495 in
1459 1460 1513 1496 eis

195 1517 451 1564 incorporata
467 1517 664 1565 significat
686 1517 932 1564 sapienciam
955 1517 1175 1553 increatam
1191 1526 1385 1565 perpetuo
1404 1517 1514 1554 habi-

195 1584 359 1620 tantem,
415 1577 521 1624 quod
556 1576 663 1611 Beda
708 1574 806 1611 dicit
845 1575 999 1611 mistice
1040 1575 1255 1623 figuratum
1301 1588 1371 1623 per
1415 1575 1513 1611 illud

195 1634 244 1669 IV
265 1635 357 1681 Reg.
383 1635 442 1680 II.,
476 1634 639 1681 quando
669 1645 771 1681 aque
800 1642 938 1669 sanate
961 1642 1052 1669 sunt
1076 1645 1120 1669 ex
1142 1632 1391 1669 immissione
1421 1634 1513 1669 salis

194 1691 234 1726 in
250 1704 318 1727 vas
333 1691 507 1739 positum
526 1691 567 1727 in
582 1692 730 1727 fontem
757 1704 967 1739 aquarum.
993 1692 1059 1727 Sal
1075 1700 1132 1727 est
1149 1691 1297 1727 Christi
1314 1691 1513 1737 divinitas,

138 1752 177 1784 25
193 1761 260 1785 vas
283 1749 366 1785 eius
391 1750 633 1795 humanitaS,
658 1749 751 1785 salis
774 1749 987 1797 imposicio
1012 1758 1069 1785 est
1091 1749 1240 1785 Christi
1264 1749 1508 1795 incarnacio,

193 1807 346 1855 posicio
365 1807 405 1843 in
423 1808 573 1844 fontem
594 1820 791 1855 aquarum
817 1816 872 1843 est
891 1807 1168 1843 tribulacionis
1193 1807 1510 1853 consummacio,

194 1877 296 1912 aque
331 1865 548 1901 mundacio
582 1874 639 1901 est
671 1865 809 1913 populi
843 1865 1138 1911 sanctificacio;
1183 1867 1289 1901 unde
1334 1865 1428 1913 quia
1473 1865 1512 1901 in

195 1923 404 1959 oblacione
437 1923 654 1971 requiritur
687 1936 792 1971 aqua
826 1923 1055 1959 devocionis
1089 1932 1126 1959 et
1157 1924 1288 1959 fervor
1322 1923 1511 1969 caritatis,

198 1981 287 2017 ideo
310 1981 529 2029 precipitur
554 1980 737 2025 (Levitici
761 1983 805 2025 II)
838 1981 877 2016 in
910 1980 1021 2017 omni
1055 1981 1253 2017 sacrificio
1277 1982 1335 2017 sal
1357 1981 1510 2028 offerri3

143 2042 184 2074 30
198 2041 303 2075 unde
327 2039 420 2087 quia
442 2048 602 2087 oportet
634 2051 795 2075 omnem
820 2039 1034 2075 scienciam
1060 2040 1279 2075 humanam
1309 2038 1511 2086 sapiencia

198 2097 385 2143 regulari,
418 2098 507 2134 ideo
541 2097 712 2145 precipit
733 2098 950 2144 Apostolus
975 2098 1060 2133 Col.
1085 2099 1146 2143 IV,
1182 2098 1218 2143 6,
1253 2098 1361 2145 quod
1383 2109 1512 2133 sermo

196 2163 326 2191 noster
355 2156 404 2192 Sil
435 2156 516 2192 sale
547 2156 734 2192 conditus.

253 2215 384 2249 Habet
416 2222 550 2250 autem
592 2214 649 2249 sal
689 2214 835 2249 multas
868 2213 1156 2260 proprietate53
1207 2226 1300 2249 nam
1343 2226 1364 2249 a
1405 2225 1511 2249 com·
1536 2230 1601 2258 33st
1620 2231 1724 2257 makes
1745 2231 1794 2257 the

194 2271 376 2319 plexione
426 2281 575 2308 terram
624 2271 719 2307 facit
767 2271 956 2316 sterilem,
1012 2271 1120 2307 cibos
1175 2271 1322 2315 condit,
1372 2283 1510 2307 carnes
1532 2265 1803 2326 effigffssoffisrfgsshit

138 2330 177 2363 35
194 2329 364 2365 exsiccat
403 2339 439 2365 et
477 2342 499 2365 a
536 2328 848 2377 putrefaccione,
889 2329 1013 2364 fetore
1052 2338 1088 2365 et
1120 2341 1254 2365 verme
1294 2338 1509 2376 preservat.
1543 2320 1602 2361 dud
1625 2342 1784 2368 preserves

195 2389 243 2424 Et
275 2387 411 2424 omnia
443 2387 518 2424 ista
552 2400 643 2423 cum
683 2387 763 2423 suis
804 2386 1142 2435 consequentibus
1176 2388 1320 2423 debent
1355 2386 1510 2423 mistice
1622 2374 1711 2396 meat.

264 2558 278 2584 ,δ’
311 2558 337 2583 Α
358 2557 387 2583 in
410 2565 521 2589 marg.:
546 2556 713 2583 Jolzannes.
819 2564 856 2583 12.
880 2556 966 2583 (jodd
994 2566 1000 2582 t
1021 2564 1102 2591 aque
1122 2556 1216 2582 deest.
1328 2563 1368 2587 lO-
1391 2554 1509 2582 Codd.:

195 2595 449 2627 compangmzlur.
524 2591 566 2618 23.
590 2591 706 2619 Codd.:
728 2599 809 2626 aque
829 2592 868 2618 [n.
944 2598 989 2625 24,
1013 2591 1052 2618 25.
1074 2592 1118 2618 A:
1135 2591 1271 2626 positum
1295 2606 1319 2608 -—
1343 2598 1395 2617 vas
1416 2590 1510 2616 deest.

196 2634 243 2661 29.
267 2628 311 2653 A:
335 2627 420 2653 omni
437 2626 608 2661 mcrg'sicicz.

265 2720 296 2752 8.
323 2720 443 2751 Matth.
470 2721 510 2760 V,
543 2721 591 2752 13.
738 2731 787 2751 Η.
815 2720 866 2751 Cf.
894 2721 1092 2759 Sermones,
1120 2720 1213 2750 Pars.
1240 2720 1277 2759 ΙΙ,
1305 2720 1413 2751 Serm.
1442 2719 1510 2759 LH,

196 2777 229 2808 p.
268 2766 333 2808 376
371 2777 471 2808 seqq.
624 2777 673 2807 14.
712 2767 927 2805 Aristoteles,
966 2765 1322 2807 Meteorologicorum
1360 2766 1416 2804 IV,
1461 2775 1511 2796 10.

203 2812 251 2843 18.
278 2812 396 2844 Matth.
423 2813 496 2851 Vll,
531 2811 583 2844 26.
621 2813 735 2844 Bedae
764 2813 995 2851 Quaestiones
1022 2813 1055 2843 in
1083 2812 1207 2843 Libros
1234 2812 1371 2853 Regum
1397 2812 1452 2851 IV,
1481 2821 1510 2850 2,

196 2858 267 2890 vol.
292 2859 349 2899 IV,
373 2868 453 2900 447.
481 2858 533 2890 Cf.
560 2859 756 2898 Sermones,
786 2859 805 2889 1.
832 2869 859 2890 c.
890 2860 966 2900 377.
