2003 3322
173 226 256 273 454

219 869 408 903 Augustine:

194 904 300 932 Christ
320 905 429 931 knows

175 940 247 975 only
268 939 358 966 those
380 938 450 965 who

269 974 357 1001 work

194 1009 437 1043 righteousness.

194 1667 336 1695 Miracles
358 1676 428 1703 may

190 1702 226 1729 be
247 1703 373 1729 worked
397 1702 434 1738 by

214 1737 263 1764 ibe
286 1737 415 1764 wicked.

880 235 998 266 OPUS
1024 235 1361 266 EVANGELICUM
1575 223 1683 277 [CAP-
1704 231 1784 260 LVI·

463 341 673 378 incurrunt
712 341 941 388 anathema,
987 354 1107 389 quam
1152 340 1322 389 predicit
1366 341 1582 389 Apostolus
1625 343 1651 379 I.
1693 343 1784 381 Cor.

462 399 625 436 ultimo:
660 399 703 435 Si
731 399 815 449 quis
848 412 920 435 non
953 400 1145 435 amaverit
1180 399 1373 435 dominum
1406 399 1533 435 Jesum
1573 400 1784 446 Christum,

463 458 668 493 anathema
700 458 760 494 sit.
797 459 845 493 Et
878 470 969 493 curn
1003 458 1224 493 secundum
1259 457 1379 493 istum
1412 466 1597 493 sanctum
1620 457 1686 494 ille
1718 458 1786 506 qui

463 528 536 551 nec
581 515 707 551 credit
750 515 791 551 in
836 515 1041 551 Christum
1086 527 1161 552 nec
1207 524 1466 552 conversatur
1510 524 1553 551 ut
1605 515 1786 552 Christus

465 573 614 618 docuit,
649 582 706 609 est
739 573 813 609 sibi
840 573 1088 619 inobediens,
1122 573 1279 610 videtur
1302 575 1410 621 quod
1443 573 1515 609 iste
1548 582 1654 610 secte
1688 576 1819 622 qua-5

464 640 557 668 tuor
589 644 633 667 ex
665 631 746 667 suis
780 631 1024 668 novitatibus
1056 644 1137 668 non
1160 631 1329 679 diligunt
1346 632 1607 678 Salvatorem,
1633 640 1670 668 et
1694 644 1783 668 cum

465 689 640 725 finaliter
673 698 931 737 perseverant
964 689 1004 725 in
1037 689 1113 726 isto
1147 689 1369 738 proposito,
1424 691 1632 727 credentes
1671 703 1785 727 suam

466 747 820 784 conversacionem
867 759 950 784 esse
995 747 1036 783 in
1069 749 1144 784 hoc
1178 747 1443 793 meritoriam,
1488 747 1645 784 videtur
1677 750 1786 797 quod

465 814 558 841 sunt
592 805 757 842 heretici
791 818 891 854 quos
925 805 1121 842 Dominus
1155 805 1219 842 hic
1253 805 1455 843 describit.

527 862 716 911 Sequitur
749 864 789 899 in
821 872 929 900 textu
963 863 1175 912 evangelii:
1210 864 1328 900 Multi
1359 864 1484 900 dicent
1516 864 1631 900 michi
1661 865 1697 900 in
1720 865 1786 900 illa
1806 878 1845 898 10

467 921 547 956 die:
579 922 745 958 Domine
777 922 956 968 Domine,
997 922 1033 957 in
1066 922 1215 958 nomine
1247 929 1310 958 tuo
1337 922 1662 971 prophetavimus
1693 930 1728 959 et
1750 923 1787 959 in

467 979 618 1015 nomine
649 987 713 1016 tuo
748 980 923 1016 demonia
957 980 1135 1016 eiecimus
1167 988 1201 1016 et
1235 981 1396 1016 virtutes
1429 980 1572 1016 multas
1595 981 1786 1029 fecimus;

467 1044 502 1073 et
534 1045 623 1074 tunc
654 1038 865 1088 confitebor
896 1038 973 1075 illis
1007 1039 1092 1086 quia
1128 1050 1319 1087 nunquam
1354 1038 1442 1074 novi
1474 1050 1559 1087 vos3
1605 1039 1788 1075 discedite

466 1107 488 1130 a
522 1107 592 1142 me,
626 1096 690 1144 qui
721 1096 939 1145 operamini
969 1096 1216 1146 iniquitatem.

524 1155 653 1201 Super
685 1167 764 1202 quo
797 1154 1063 1202 Augustinus:
1111 1155 1198 1191 Non
1231 1167 1328 1205 ergo
1361 1162 1568 1204 cognoscet
1600 1154 1673 1190 nisi
1702 1167 1786 1191 eum
1807 1158 1843 1189 15

464 1211 531 1260 qui
561 1219 749 1261 operatur
780 1213 998 1261 equitatem.
1032 1213 1134 1249 Nam
1169 1220 1203 1249 et
1225 1213 1327 1262 ipsos
1351 1213 1561 1262 discipulos
1583 1225 1672 1249 suos
1690 1226 1785 1262 pro-

466 1269 585 1305 hibuit
626 1270 807 1320 gaudere
851 1271 898 1306 de
936 1271 1088 1317 talibus,
1140 1271 1287 1307 scilicet
1338 1271 1438 1319 quod
1485 1271 1662 1307 demonia
1707 1270 1787 1308 illis

464 1327 631 1363 subiecta
654 1328 836 1376 suerunt.
872 1327 950 1366 Sed
980 1329 1162 1379 gaudete,
1195 1329 1326 1377 inquit,
1361 1329 1447 1377 quia
1472 1329 1624 1365 nomina
1658 1337 1786 1365 vestra

465 1385 611 1434 scripta
643 1393 731 1422 sunt
762 1386 798 1421 in
831 1387 934 1434 celis,
982 1387 1104 1423 credo*
1132 1399 1223 1423 vero
1267 1387 1369 1435 quod
1401 1387 1436 1422 in
1469 1387 1575 1423 illam
1613 1395 1786 1423 sanctam

466 1443 656 1479 civitatem
703 1444 919 1481 Jerusalem
965 1453 1127 1481 matrem
1168 1453 1342 1481 nostram
1385 1446 1685 1494 supracelesten·z
1737 1446 1788 1481 ad
1804 1458 1845 1479 20

466 1513 579 1549 quam
622 1502 878 1551 suspiramus,
925 1503 960 1538 in
994 1515 1066 1552 qua
1100 1503 1250 1539 nonnisi
1292 1504 1416 1540 sancti
1435 1503 1675 1554 gloriosique
1713 1503 1790 1539 viri

467 1560 699 1609 regnabunt.
753 1561 810 1596 An
855 1561 1022 1608 nescitis,
1068 1562 1122 1598 ait
1166 1561 1388 1611 Apostolus,
1441 1562 1619 1610 quoniam
1673 1561 1790 1611 iniqui

468 1630 635 1668 regnum
669 1618 746 1654 Dei
776 1631 848 1655 non
878 1620 1160 1668 possidebunt?

527 1676 604 1711 Sed
630 1676 745 1724 forte
777 1677 860 1725 quis
893 1677 996 1714 dicat
1040 1690 1113 1714 non
1153 1689 1269 1727 posse
1314 1677 1460 1725 iniquos
1513 1677 1674 1713 visibilia
1720 1677 1786 1713 illa

468 1732 658 1770 mz'racula
682 1734 826 1782 facere
857 1743 892 1771 et
914 1735 1070 1772 mentiri
1095 1736 1231 1784 pocius
1263 1735 1350 1771 illos
1381 1735 1516 1771 credat
1548 1735 1612 1783 qui
1647 1735 1843 1771 dicturi25

466 1798 575 1826 sunt:
606 1792 648 1827 In
682 1793 832 1828 nomine
870 1801 932 1830 tuo
975 1793 1298 1843 prophetavimus
1335 1800 1369 1828 et
1403 1793 1578 1829 demonia
1611 1793 1788 1830 eiecimus

468 1855 503 1883 et
536 1849 697 1885 virtutes
729 1851 871 1887 multas
894 1851 1079 1899 fecimus.
1125 1852 1252 1901 Legat
1296 1851 1419 1901 igitur
1451 1858 1590 1899 quanta
1612 1851 1787 1900 fecerint

469 1906 688 1943 resistentes
711 1907 871 1956 famulo
905 1909 981 1945 Dei
1011 1910 1148 1959 Mcyfsi
1179 1909 1288 1959 magi
1318 1909 1608 1959 Egypciorum⁷
1652 1916 1719 1945 aut
1755 1910 1789 1945 si

469 1964 540 2000 hoc
573 1978 646 2001 non
680 1965 774 2013 vult,
807 1967 892 2014 quia
926 1979 998 2003 non
1032 1968 1068 2003 in
1102 1967 1253 2003 nomine
1280 1966 1427 2003 Christi
1446 1968 1645 2016 fecerunt,
1679 1967 1787 2018 legat

469 2034 540 2071 que
572 2023 652 2072 ipse
684 2024 875 2061 Dominus
908 2025 999 2061 dicit
1031 2026 1077 2061 de
1104 2025 1469 2074 pseudoprophetis,
1515 2025 1566 2061 ita
1611 2026 1787 2073 loquens:
1802 2030 1843 2061 30

475 2081 577 2117 Tunc
620 2081 654 2117 si
695 2082 777 2130 quis
825 2083 928 2119 vobis
968 2083 1136 2120 dixerit:
1187 2084 1288 2119 Ecce
1321 2083 1381 2118 hic
1413 2090 1467 2119 est
1505 2083 1683 2119 Christus
1720 2092 1787 2120 aut

467 2138 558 2185 illic,
592 2139 707 2176 nolite
730 2141 901 2179 credere.
936 2142 1109 2191 Surgent
1131 2142 1227 2177 enim
1256 2141 1547 2190 pseudochristi
1565 2149 1600 2177 et
1618 2142 1785 2190 pseudo-

463 2197 654 2245 prophete
686 2205 721 2233 et
753 2198 897 2235 dabunt
917 2199 1030 2249 signa
1064 2212 1209 2249 magna
1241 2207 1308 2235 etc.
1344 2200 1445 2236 Ecce
1470 2199 1634 2248 predixi
1665 2200 1784 2235 vobis.

532 2255 657 2298 Quam
691 2256 818 2306 igitur
850 2258 991 2293 mundo
1024 2265 1059 2293 et
1089 2258 1256 2307 simplici
1288 2258 1397 2294 oculo
1442 2270 1538 2307 opus
1569 2265 1625 2294 est
1657 2265 1696 2293 ut
1728 2258 1782 2294 in-

470 2313 646 2348 veniatur
679 2314 739 2349 via
772 2315 976 2364 sapiencie,
1009 2316 1071 2351 cui
1091 2323 1194 2352 tante
1215 2316 1409 2352 malorum
1441 2323 1475 2352 et
1502 2328 1781 2365 perversorum
1799 2320 1838 2354 35

469 2371 661 2407 hominum
697 2373 941 2422 decepciones
984 2386 1215 2423 erroresque
1247 2375 1487 2423 obstrepunt)
1530 2386 1623 2423 quos
1655 2386 1784 2410 omnes

537 2572 562 2613 ζ).
584 2573 621 2600 B:
644 2574 701 2601 hee
720 2577 809 2602 secte.
883 2582 911 2609 9.
934 2575 966 2602 ss:
988 2576 1132 2616 describit
1152 2580 1208 2603 etc.
1283 2576 1326 2616 ‘15.
1347 2578 1375 2603 A
1395 2577 1425 2603 in
1448 2585 1561 2611 marga
1582 2577 1783 2613 Augustinus.

467 2615 508 2669 ¹3:
528 2608 758 2678 X'ffisss‘lus‘ffts
777 2610 888 2672 ενεᾸέῑ
922 2610 1366 2681 ¹³²2⁸²b15s55522⁷2315²d³²ffl3²<3
1398 2647 1442 2673 A·
1465 2620 1515 2673 ἐξ)
1537 2613 1784 2674 settff'tt’ttss

467 2649 559 2704 geest.
641 2676 684 2705 33.
706 2678 823 2706 Codd.:
845 2666 964 2714 magna
986 2653 1080 2716 {sque
1100 2681 1197 2708 eciam
1216 2667 1314 2708 electi.
1371 2668 1376 2673 ι
1436 2667 1442 2673 ’
1516 2655 1534 2681 p
1629 2655 1651 2682 Ρ
1690 2655 1712 2682 p

543 2759 569 2780 1.
596 2749 618 2780 Ι.
648 2750 728 2782 Cor.
754 2752 844 2791 XV1‚
880 2762 933 2783 22.
1069 2763 1117 2783 10.
1151 2753 1269 2784 Matth.
1301 2754 1373 2794 Vll,
1409 2763 1461 2792 22,
1495 2754 1547 2786 23.
1649 2752 1697 2785 15.
1731 2754 1782 2785 De

468 2805 631 2827 sermone
657 2797 797 2828 Domini
832 2798 866 2829 in
901 2805 1020 2830 monte
1054 2799 1076 2829 l.
1108 2809 1134 2830 c.
1168 2810 1200 2841 p.
1229 2799 1303 2832 235.
1435 2810 1483 2841 17.
1519 2800 1633 2830 Lucae
1658 2800 1699 2839 X,
1727 2809 1779 2830 20.

473 2851 522 2883 ις).
551 2842 573 2872 1.
601 2842 681 2873 Cor.
709 2844 765 2883 VI,
792 2854 823 2886 9.
934 2845 985 2875 31.
1013 2844 1129 2876 Matth.
1157 2846 1274 2885 XXIV,
1304 2847 1356 2879 23.
