<?xml version="1.0" encoding="UTF-8"?>
<!DOCTYPE html PUBLIC "-//W3C//DTD XHTML 1.0 Transitional//EN"
    "http://www.w3.org/TR/xhtml1/DTD/xhtml1-transitional.dtd">
<html xmlns="http://www.w3.org/1999/xhtml" xml:lang="en" lang="en">
 <head>
  <title>
</title>
<meta http-equiv="Content-Type" content="text/html;charset=utf-8" />
  <meta name='ocr-system' content='tesseract 3.04.00' />
  <meta name='ocr-capabilities' content='ocr_page ocr_carea ocr_par ocr_line ocrx_word'/>
</head>
<body>
  <div class='ocr_page' id='page_1' title='image "./opusevangelicum12wycl/opusevangelicum12wycl_0416.png"; bbox 0 0 2003 3322; ppageno 0'>
   <div class='ocr_carea' id='block_1_1' title="bbox 171 207 1778 260">
    <p class='ocr_par' dir='ltr' id='par_1_1' title="bbox 171 207 1778 260">
     <span class='ocr_line' id='line_1_1' title="bbox 171 207 1778 260; baseline -0.011 0"><span class='ocrx_word' id='word_1_1' title='bbox 171 216 251 260; x_wconf 73' lang='lat'>406</span> <span class='ocrx_word' id='word_1_2' title='bbox 881 221 1000 252; x_wconf 84' lang='lat' dir='ltr'>OPUS</span> <span class='ocrx_word' id='word_1_3' title='bbox 1026 220 1363 252; x_wconf 77' lang='lat' dir='ltr'><strong>EVANGELICUM</strong></span> <span class='ocrx_word' id='word_1_4' title='bbox 1541 207 1649 260; x_wconf 78' lang='lat' dir='ltr'>[CAP.</span> <span class='ocrx_word' id='word_1_5' title='bbox 1670 215 1778 243; x_wconf 80' lang='lat' dir='ltr'>Xle.</span> 
     </span>
    </p>
   </div>
   <div class='ocr_carea' id='block_1_2' title="bbox 950 346 1299 389">
    <p class='ocr_par' dir='ltr' id='par_1_2' title="bbox 950 346 1299 389">
     <span class='ocr_line' id='line_1_2' title="bbox 950 346 1299 389; baseline 0.006 -2"><span class='ocrx_word' id='word_1_6' title='bbox 950 346 1088 387; x_wconf 83' lang='lat' dir='ltr'><strong>CAP.</strong></span> <span class='ocrx_word' id='word_1_7' title='bbox 1123 346 1299 389; x_wconf 87' lang='lat' dir='ltr'>XLIV.</span> 
     </span>
    </p>
   </div>
   <div class='ocr_carea' id='block_1_3' title="bbox 178 441 1846 2521">
    <p class='ocr_par' dir='ltr' id='par_1_3' title="bbox 178 441 1846 2521">
     <span class='ocr_line' id='line_1_3' title="bbox 210 441 1780 490; baseline -0.001 -12"><span class='ocrx_word' id='word_1_8' title='bbox 210 451 309 487; x_wconf 82' lang='lat' dir='ltr'>Every</span> <span class='ocrx_word' id='word_1_9' title='bbox 331 459 401 478; x_wconf 78' lang='lat' dir='ltr'>man</span> <span class='ocrx_word' id='word_1_10' title='bbox 521 443 597 489; x_wconf 85' lang='lat' dir='ltr'>Qui</span> <span class='ocrx_word' id='word_1_11' title='bbox 630 456 711 479; x_wconf 90' lang='lat' dir='ltr'>non</span> <span class='ocrx_word' id='word_1_12' title='bbox 746 443 968 479; x_wconf 81' lang='lat' dir='ltr'>delectatur</span> <span class='ocrx_word' id='word_1_13' title='bbox 1002 442 1041 478; x_wconf 90' lang='lat' dir='ltr'>in</span> <span class='ocrx_word' id='word_1_14' title='bbox 1076 442 1151 478; x_wconf 88' lang='lat' dir='ltr'>hiis</span> <span class='ocrx_word' id='word_1_15' title='bbox 1183 442 1313 478; x_wconf 87' lang='lat' dir='ltr'>verbis</span> <span class='ocrx_word' id='word_1_16' title='bbox 1347 441 1464 478; x_wconf 85' lang='lat' dir='ltr'>huius</span> <span class='ocrx_word' id='word_1_17' title='bbox 1497 441 1626 478; x_wconf 90' lang='lat' dir='ltr'>sancti</span> <span class='ocrx_word' id='word_1_18' title='bbox 1659 450 1780 490; x_wconf 86' lang='lat' dir='ltr'>atque</span> 
     </span>
     <span class='ocr_line' id='line_1_4' title="bbox 206 486 1781 549; baseline -0.002 -11"><span class='ocrx_word' id='word_1_19' title='bbox 206 486 413 547; x_wconf 40' lang='lat' dir='ltr'>undcxiigtimds</span> <span class='ocrx_word' id='word_1_20' title='bbox 463 501 620 537; x_wconf 81' lang='lat' dir='ltr'>subtilis</span> <span class='ocrx_word' id='word_1_21' title='bbox 660 500 888 549; x_wconf 81' lang='lat' dir='ltr'>philosophi</span> <span class='ocrx_word' id='word_1_22' title='bbox 929 509 966 536; x_wconf 90' lang='lat' dir='ltr'>et</span> <span class='ocrx_word' id='word_1_23' title='bbox 1011 499 1145 536; x_wconf 85' lang='lat' dir='ltr'>eximii</span> <span class='ocrx_word' id='word_1_24' title='bbox 1190 509 1312 548; x_wconf 86' lang='lat' dir='ltr'>atque</span> <span class='ocrx_word' id='word_1_25' title='bbox 1359 499 1548 548; x_wconf 87' lang='lat' dir='ltr'>profundi</span> <span class='ocrx_word' id='word_1_26' title='bbox 1591 499 1781 547; x_wconf 84' lang='lat' dir='ltr'>theologi,</span> 
     </span>
     <span class='ocr_line' id='line_1_5' title="bbox 178 554 1783 625; baseline -0.002 -29"><span class='ocrx_word' id='word_1_27' title='bbox 178 554 443 625; x_wconf 53' lang='lat' dir='ltr'>¹¹¹gffi,)jgggt‘³ossln0f</span> <span class='ocrx_word' id='word_1_28' title='bbox 465 559 638 596; x_wconf 88' lang='lat' dir='ltr'>ostendit</span> <span class='ocrx_word' id='word_1_29' title='bbox 681 560 791 607; x_wconf 90' lang='lat' dir='ltr'>quod</span> <span class='ocrx_word' id='word_1_30' title='bbox 836 571 915 595; x_wconf 88' lang='lat' dir='ltr'>non</span> <span class='ocrx_word' id='word_1_31' title='bbox 961 571 1121 594; x_wconf 87' lang='lat' dir='ltr'>sensum</span> <span class='ocrx_word' id='word_1_32' title='bbox 1175 571 1291 594; x_wconf 88' lang='lat' dir='ltr'>suum</span> <span class='ocrx_word' id='word_1_33' title='bbox 1345 557 1535 605; x_wconf 87' lang='lat' dir='ltr'>concipit.</span> <span class='ocrx_word' id='word_1_34' title='bbox 1590 560 1691 593; x_wconf 83' lang='lat' dir='ltr'>Nam</span> <span class='ocrx_word' id='word_1_35' title='bbox 1742 557 1783 593; x_wconf 89' lang='lat' dir='ltr'>in</span> 
     </span>
     <span class='ocr_line' id='line_1_6' title="bbox 217 616 1816 665; baseline -0.001 -14"><span class='ocrx_word' id='word_1_36' title='bbox 217 629 298 651; x_wconf 85' lang='lat' dir='ltr'>must</span> <span class='ocrx_word' id='word_1_37' title='bbox 318 623 408 660; x_wconf 81' lang='lat' dir='ltr'>enjoy</span> <span class='ocrx_word' id='word_1_38' title='bbox 464 617 664 665; x_wconf 88' lang='lat' dir='ltr'>principio</span> <span class='ocrx_word' id='word_1_39' title='bbox 711 617 828 653; x_wconf 89' lang='lat' dir='ltr'>huius</span> <span class='ocrx_word' id='word_1_40' title='bbox 874 616 1040 664; x_wconf 87' lang='lat' dir='ltr'>capituli</span> <span class='ocrx_word' id='word_1_41' title='bbox 1086 617 1202 652; x_wconf 89' lang='lat' dir='ltr'>docet</span> <span class='ocrx_word' id='word_1_42' title='bbox 1242 616 1388 652; x_wconf 83' lang='lat' dir='ltr'>clarius</span> <span class='ocrx_word' id='word_1_43' title='bbox 1422 616 1629 664; x_wconf 90' lang='lat' dir='ltr'>quomodo</span> <span class='ocrx_word' id='word_1_44' title='bbox 1662 616 1816 651; x_wconf 81' lang='lat' dir='ltr'>homo5</span> 
     </span>
     <span class='ocr_line' id='line_1_7' title="bbox 266 659 1784 722; baseline -0.002 -10"><span class='ocrx_word' id='word_1_45' title='bbox 266 659 361 686; x_wconf 82' lang='lat' dir='ltr'>them.</span> <span class='ocrx_word' id='word_1_46' title='bbox 465 675 670 712; x_wconf 83' lang='lat' dir='ltr'>excellitur</span> <span class='ocrx_word' id='word_1_47' title='bbox 703 688 725 711; x_wconf 88' lang='lat' dir='ltr'>a</span> <span class='ocrx_word' id='word_1_48' title='bbox 759 674 895 711; x_wconf 88' lang='lat' dir='ltr'>bestiis</span> <span class='ocrx_word' id='word_1_49' title='bbox 929 674 968 710; x_wconf 90' lang='lat' dir='ltr'>in</span> <span class='ocrx_word' id='word_1_50' title='bbox 1003 674 1206 722; x_wconf 84' lang='lat' dir='ltr'>corporeis</span> <span class='ocrx_word' id='word_1_51' title='bbox 1239 674 1452 710; x_wconf 84' lang='lat' dir='ltr'>virtutibus</span> <span class='ocrx_word' id='word_1_52' title='bbox 1487 683 1524 710; x_wconf 90' lang='lat' dir='ltr'>et</span> <span class='ocrx_word' id='word_1_53' title='bbox 1557 674 1665 721; x_wconf 90' lang='lat' dir='ltr'>quod</span> <span class='ocrx_word' id='word_1_54' title='bbox 1699 681 1784 710; x_wconf 86' lang='lat' dir='ltr'>tota</span> 
     </span>
     <span class='ocr_line' id='line_1_8' title="bbox 465 731 1783 770; baseline -0.002 0"><span class='ocrx_word' id='word_1_55' title='bbox 465 734 588 770; x_wconf 87' lang='lat' dir='ltr'>virtus</span> <span class='ocrx_word' id='word_1_56' title='bbox 622 746 693 769; x_wconf 90' lang='lat' dir='ltr'>sua</span> <span class='ocrx_word' id='word_1_57' title='bbox 727 732 949 769; x_wconf 81' lang='lat' dir='ltr'>consistens</span> <span class='ocrx_word' id='word_1_58' title='bbox 982 732 1022 768; x_wconf 88' lang='lat' dir='ltr'>in</span> <span class='ocrx_word' id='word_1_59' title='bbox 1055 732 1191 769; x_wconf 87' lang='lat' dir='ltr'>anima</span> <span class='ocrx_word' id='word_1_60' title='bbox 1224 731 1551 769; x_wconf 83' lang='lat' dir='ltr'>substancialiter</span> <span class='ocrx_word' id='word_1_61' title='bbox 1584 740 1641 767; x_wconf 92' lang='lat' dir='ltr'>est</span> <span class='ocrx_word' id='word_1_62' title='bbox 1664 733 1783 767; x_wconf 87' lang='lat' dir='ltr'>Deus.</span> 
     </span>
     <span class='ocr_line' id='line_1_9' title="bbox 465 788 1783 840; baseline -0.002 -13"><span class='ocrx_word' id='word_1_63' title='bbox 465 794 513 828; x_wconf 87' lang='lat' dir='ltr'>Et</span> <span class='ocrx_word' id='word_1_64' title='bbox 546 804 616 840; x_wconf 86' lang='lat' dir='ltr'>per</span> <span class='ocrx_word' id='word_1_65' title='bbox 649 792 751 827; x_wconf 89' lang='lat' dir='ltr'>hanc</span> <span class='ocrx_word' id='word_1_66' title='bbox 784 792 907 827; x_wconf 93' lang='lat' dir='ltr'>homo</span> <span class='ocrx_word' id='word_1_67' title='bbox 941 790 1092 827; x_wconf 84' lang='lat' dir='ltr'><strong>excedit</strong></span> <span class='ocrx_word' id='word_1_68' title='bbox 1132 792 1435 838; x_wconf 89' lang='lat' dir='ltr'>quodammodo</span> <span class='ocrx_word' id='word_1_69' title='bbox 1474 788 1627 826; x_wconf 86' lang='lat' dir='ltr'>infinite</span> <span class='ocrx_word' id='word_1_70' title='bbox 1666 801 1783 837; x_wconf 84' lang='lat' dir='ltr'>quas-</span> 
     </span>
     <span class='ocr_line' id='line_1_10' title="bbox 465 848 1784 898; baseline -0.003 -12"><span class='ocrx_word' id='word_1_71' title='bbox 465 862 623 898; x_wconf 83' lang='lat' dir='ltr'>cunque</span> <span class='ocrx_word' id='word_1_72' title='bbox 668 849 813 886; x_wconf 80' lang='lat' dir='ltr'>bestias</span> <span class='ocrx_word' id='word_1_73' title='bbox 857 848 897 885; x_wconf 92' lang='lat' dir='ltr'>in</span> <span class='ocrx_word' id='word_1_74' title='bbox 930 849 1089 895; x_wconf 84' lang='lat' dir='ltr'>virtute,</span> <span class='ocrx_word' id='word_1_75' title='bbox 1131 857 1168 885; x_wconf 90' lang='lat' dir='ltr'>et</span> <span class='ocrx_word' id='word_1_76' title='bbox 1206 850 1314 897; x_wconf 90' lang='lat' dir='ltr'>quod</span> <span class='ocrx_word' id='word_1_77' title='bbox 1353 857 1484 885; x_wconf 84' lang='lat' dir='ltr'>totum</span> <span class='ocrx_word' id='word_1_78' title='bbox 1523 848 1598 884; x_wconf 92' lang='lat' dir='ltr'>hoc</span> <span class='ocrx_word' id='word_1_79' title='bbox 1638 856 1695 883; x_wconf 90' lang='lat' dir='ltr'>est</span> <span class='ocrx_word' id='word_1_80' title='bbox 1734 848 1784 883; x_wconf 85' lang='lat' dir='ltr'>ad</span> 
     </span>
     <span class='ocr_line' id='line_1_11' title="bbox 467 905 1843 952; baseline -0.002 -9"><span class='ocrx_word' id='word_1_81' title='bbox 467 910 616 944; x_wconf 88' lang='lat' dir='ltr'>bonum</span> <span class='ocrx_word' id='word_1_82' title='bbox 663 907 838 943; x_wconf 88' lang='lat' dir='ltr'>hominis</span> <span class='ocrx_word' id='word_1_83' title='bbox 878 916 920 942; x_wconf 92' lang='lat' dir='ltr'>ut</span> <span class='ocrx_word' id='word_1_84' title='bbox 960 908 1081 943; x_wconf 86' lang='lat' dir='ltr'>homo</span> <span class='ocrx_word' id='word_1_85' title='bbox 1119 906 1257 942; x_wconf 83' lang='lat' dir='ltr'>virtuti</span> <span class='ocrx_word' id='word_1_86' title='bbox 1303 906 1433 943; x_wconf 86' lang='lat' dir='ltr'>cordis</span> <span class='ocrx_word' id='word_1_87' title='bbox 1487 905 1560 952; x_wconf 84' lang='lat' dir='ltr'>sui,</span> <span class='ocrx_word' id='word_1_88' title='bbox 1606 906 1682 942; x_wconf 92' lang='lat' dir='ltr'>hoc</span> <span class='ocrx_word' id='word_1_89' title='bbox 1727 914 1843 941; x_wconf 88' lang='lat' dir='ltr'>est1o</span> 
     </span>
     <span class='ocr_line' id='line_1_12' title="bbox 469 964 1786 1012; baseline -0.002 -10"><span class='ocrx_word' id='word_1_90' title='bbox 469 969 553 1002; x_wconf 90' lang='lat' dir='ltr'>Deo</span> <span class='ocrx_word' id='word_1_91' title='bbox 588 965 796 1002; x_wconf 85' lang='lat' dir='ltr'>humiliter</span> <span class='ocrx_word' id='word_1_92' title='bbox 829 964 1020 1001; x_wconf 82' lang='lat' dir='ltr'>continue</span> <span class='ocrx_word' id='word_1_93' title='bbox 1054 964 1262 1010; x_wconf 76' lang='lat' dir='ltr'>innitatur,</span> <span class='ocrx_word' id='word_1_94' title='bbox 1299 964 1393 1012; x_wconf 86' lang='lat' dir='ltr'>quia</span> <span class='ocrx_word' id='word_1_95' title='bbox 1425 964 1541 1000; x_wconf 75' lang='lat' dir='ltr'>aiiter</span> <span class='ocrx_word' id='word_1_96' title='bbox 1564 976 1644 1000; x_wconf 92' lang='lat' dir='ltr'>non</span> <span class='ocrx_word' id='word_1_97' title='bbox 1667 964 1786 1000; x_wconf 89' lang='lat' dir='ltr'>habet</span> 
     </span>
     <span class='ocr_line' id='line_1_13' title="bbox 466 1022 1785 1071; baseline -0.002 -11"><span class='ocrx_word' id='word_1_98' title='bbox 466 1024 652 1060; x_wconf 86' lang='lat' dir='ltr'>virtutem</span> <span class='ocrx_word' id='word_1_99' title='bbox 693 1023 802 1060; x_wconf 82' lang='lat' dir='ltr'>illam</span> <span class='ocrx_word' id='word_1_100' title='bbox 844 1023 899 1059; x_wconf 91' lang='lat' dir='ltr'>sic</span> <span class='ocrx_word' id='word_1_101' title='bbox 933 1035 1051 1071; x_wconf 85' lang='lat' dir='ltr'>super</span> <span class='ocrx_word' id='word_1_102' title='bbox 1084 1022 1230 1059; x_wconf 80' lang='lat' dir='ltr'>bestias</span> <span class='ocrx_word' id='word_1_103' title='bbox 1269 1022 1567 1068; x_wconf 83' lang='lat' dir='ltr'>informantem,</span> <span class='ocrx_word' id='word_1_104' title='bbox 1616 1022 1685 1058; x_wconf 87' lang='lat' dir='ltr'>sed</span> <span class='ocrx_word' id='word_1_105' title='bbox 1719 1023 1785 1057; x_wconf 92' lang='lat' dir='ltr'>de-</span> 
     </span>
     <span class='ocr_line' id='line_1_14' title="bbox 468 1079 1786 1129; baseline -0.002 -11"><span class='ocrx_word' id='word_1_106' title='bbox 468 1091 595 1118; x_wconf 86' lang='lat' dir='ltr'>sertus</span> <span class='ocrx_word' id='word_1_107' title='bbox 640 1094 661 1118; x_wconf 84' lang='lat' dir='ltr'>a</span> <span class='ocrx_word' id='word_1_108' title='bbox 707 1084 791 1117; x_wconf 91' lang='lat' dir='ltr'>Deo</span> <span class='ocrx_word' id='word_1_109' title='bbox 840 1089 896 1117; x_wconf 89' lang='lat' dir='ltr'>est</span> <span class='ocrx_word' id='word_1_110' title='bbox 942 1081 1054 1129; x_wconf 89' lang='lat' dir='ltr'>peior</span> <span class='ocrx_word' id='word_1_111' title='bbox 1098 1081 1234 1117; x_wconf 88' lang='lat' dir='ltr'>bestiis</span> <span class='ocrx_word' id='word_1_112' title='bbox 1280 1093 1302 1117; x_wconf 90' lang='lat' dir='ltr'>a</span> <span class='ocrx_word' id='word_1_113' title='bbox 1345 1093 1463 1116; x_wconf 90' lang='lat' dir='ltr'>sensu</span> <span class='ocrx_word' id='word_1_114' title='bbox 1510 1089 1546 1116; x_wconf 90' lang='lat' dir='ltr'>et</span> <span class='ocrx_word' id='word_1_115' title='bbox 1592 1079 1786 1116; x_wconf 84' lang='lat' dir='ltr'>creaturis</span> 
     </span>
     <span class='ocr_line' id='line_1_15' title="bbox 469 1137 1785 1188; baseline -0.002 -12"><span class='ocrx_word' id='word_1_116' title='bbox 469 1139 673 1188; x_wconf 85' lang='lat' dir='ltr'>corporeis</span> <span class='ocrx_word' id='word_1_117' title='bbox 719 1148 931 1187; x_wconf 88' lang='lat' dir='ltr'>superatus</span> <span class='ocrx_word' id='word_1_118' title='bbox 976 1148 1013 1175; x_wconf 91' lang='lat' dir='ltr'>et</span> <span class='ocrx_word' id='word_1_119' title='bbox 1057 1139 1189 1175; x_wconf 83' lang='lat' dir='ltr'>nullus</span> <span class='ocrx_word' id='word_1_120' title='bbox 1234 1138 1418 1175; x_wconf 89' lang='lat' dir='ltr'>dissentit</span> <span class='ocrx_word' id='word_1_121' title='bbox 1462 1138 1524 1174; x_wconf 87' lang='lat' dir='ltr'>isti</span> <span class='ocrx_word' id='word_1_122' title='bbox 1569 1137 1785 1183; x_wconf 79' lang='lat' dir='ltr'>sentencie,</span> 
     </span>
     <span class='ocr_line' id='line_1_16' title="bbox 468 1195 1841 1245; baseline -0.004 -11"><span class='ocrx_word' id='word_1_123' title='bbox 468 1198 543 1234; x_wconf 81' lang='lat' dir='ltr'>nisi</span> <span class='ocrx_word' id='word_1_124' title='bbox 576 1198 742 1245; x_wconf 84' lang='lat' dir='ltr'>agrestis</span> <span class='ocrx_word' id='word_1_125' title='bbox 775 1197 895 1234; x_wconf 85' lang='lat' dir='ltr'>fuerit</span> <span class='ocrx_word' id='word_1_126' title='bbox 929 1206 970 1233; x_wconf 89' lang='lat' dir='ltr'>ut</span> <span class='ocrx_word' id='word_1_127' title='bbox 1003 1196 1131 1233; x_wconf 88' lang='lat' dir='ltr'>bestia</span> <span class='ocrx_word' id='word_1_128' title='bbox 1165 1209 1304 1233; x_wconf 87' lang='lat' dir='ltr'>carens</span> <span class='ocrx_word' id='word_1_129' title='bbox 1331 1196 1582 1244; x_wconf 86' lang='lat' dir='ltr'>experiencia</span> <span class='ocrx_word' id='word_1_130' title='bbox 1614 1195 1785 1232; x_wconf 85' lang='lat' dir='ltr'>notabili</span> <span class='ocrx_word' id='word_1_131' title='bbox 1807 1197 1841 1228; x_wconf 72' lang='lat'>15</span> 
     </span>
     <span class='ocr_line' id='line_1_17' title="bbox 470 1253 1787 1304; baseline -0.002 -12"><span class='ocrx_word' id='word_1_132' title='bbox 470 1266 505 1292; x_wconf 86' lang='lat' dir='ltr'>et</span> <span class='ocrx_word' id='word_1_133' title='bbox 537 1257 673 1304; x_wconf 87' lang='lat' dir='ltr'>patule</span> <span class='ocrx_word' id='word_1_134' title='bbox 707 1255 891 1292; x_wconf 86' lang='lat' dir='ltr'>infidelis.</span> <span class='ocrx_word' id='word_1_135' title='bbox 926 1257 974 1291; x_wconf 88' lang='lat' dir='ltr'>Et</span> <span class='ocrx_word' id='word_1_136' title='bbox 1008 1267 1051 1291; x_wconf 86' lang='lat' dir='ltr'>ex</span> <span class='ocrx_word' id='word_1_137' title='bbox 1084 1254 1160 1291; x_wconf 86' lang='lat' dir='ltr'>isto</span> <span class='ocrx_word' id='word_1_138' title='bbox 1186 1255 1436 1291; x_wconf 87' lang='lat' dir='ltr'>convincitur</span> <span class='ocrx_word' id='word_1_139' title='bbox 1459 1255 1566 1302; x_wconf 86' lang='lat' dir='ltr'>quod</span> <span class='ocrx_word' id='word_1_140' title='bbox 1590 1253 1787 1302; x_wconf 88' lang='lat' dir='ltr'>quidquid</span> 
     </span>
     <span class='ocr_line' id='line_1_18' title="bbox 470 1311 1787 1350; baseline -0.002 0"><span class='ocrx_word' id='word_1_141' title='bbox 470 1317 574 1350; x_wconf 91' lang='lat' dir='ltr'>Deus</span> <span class='ocrx_word' id='word_1_142' title='bbox 608 1314 854 1350; x_wconf 84' lang='lat' dir='ltr'>ordinaverit</span> <span class='ocrx_word' id='word_1_143' title='bbox 887 1313 927 1349; x_wconf 90' lang='lat' dir='ltr'>in</span> <span class='ocrx_word' id='word_1_144' title='bbox 956 1322 1101 1349; x_wconf 86' lang='lat' dir='ltr'>natura</span> <span class='ocrx_word' id='word_1_145' title='bbox 1126 1322 1183 1349; x_wconf 89' lang='lat' dir='ltr'>est</span> <span class='ocrx_word' id='word_1_146' title='bbox 1207 1326 1250 1349; x_wconf 87' lang='lat' dir='ltr'>ex</span> <span class='ocrx_word' id='word_1_147' title='bbox 1273 1313 1436 1349; x_wconf 86' lang='lat' dir='ltr'>racione</span> <span class='ocrx_word' id='word_1_148' title='bbox 1460 1311 1787 1348; x_wconf 86' lang='lat' dir='ltr'>manifestissima</span> 
     </span>
     <span class='ocr_line' id='line_1_19' title="bbox 470 1369 1786 1418; baseline -0.002 -10"><span class='ocrx_word' id='word_1_149' title='bbox 470 1381 507 1408; x_wconf 90' lang='lat' dir='ltr'>et</span> <span class='ocrx_word' id='word_1_150' title='bbox 547 1374 597 1409; x_wconf 92' lang='lat' dir='ltr'>ad</span> <span class='ocrx_word' id='word_1_151' title='bbox 635 1372 850 1408; x_wconf 84' lang='lat' dir='ltr'>utilitatem</span> <span class='ocrx_word' id='word_1_152' title='bbox 891 1371 1065 1408; x_wconf 89' lang='lat' dir='ltr'>hominis</span> <span class='ocrx_word' id='word_1_153' title='bbox 1105 1371 1136 1407; x_wconf 88' lang='lat' dir='ltr'>si</span> <span class='ocrx_word' id='word_1_154' title='bbox 1168 1371 1260 1408; x_wconf 87' lang='lat' dir='ltr'>velit</span> <span class='ocrx_word' id='word_1_155' title='bbox 1294 1370 1519 1418; x_wconf 80' lang='lat' dir='ltr'>concipere.</span> <span class='ocrx_word' id='word_1_156' title='bbox 1555 1371 1647 1406; x_wconf 89' lang='lat' dir='ltr'>Ideo</span> <span class='ocrx_word' id='word_1_157' title='bbox 1680 1369 1786 1405; x_wconf 87' lang='lat' dir='ltr'>dicta</span> 
     </span>
     <span class='ocr_line' id='line_1_20' title="bbox 469 1429 1785 1478; baseline -0.002 -12"><span class='ocrx_word' id='word_1_158' title='bbox 469 1430 684 1478; x_wconf 88' lang='lat' dir='ltr'>sequencia</span> <span class='ocrx_word' id='word_1_159' title='bbox 731 1442 808 1478; x_wconf 88' lang='lat' dir='ltr'>que</span> <span class='ocrx_word' id='word_1_160' title='bbox 853 1429 926 1466; x_wconf 89' lang='lat' dir='ltr'>iste</span> <span class='ocrx_word' id='word_1_161' title='bbox 971 1438 1132 1466; x_wconf 90' lang='lat' dir='ltr'>sanctus</span> <span class='ocrx_word' id='word_1_162' title='bbox 1186 1430 1422 1477; x_wconf 85' lang='lat' dir='ltr'>exponendo</span> <span class='ocrx_word' id='word_1_163' title='bbox 1477 1429 1583 1464; x_wconf 83' lang='lat' dir='ltr'>hunc</span> <span class='ocrx_word' id='word_1_164' title='bbox 1636 1436 1785 1464; x_wconf 85' lang='lat' dir='ltr'>textum</span> 
     </span>
     <span class='ocr_line' id='line_1_21' title="bbox 470 1487 1846 1536; baseline -0.001 -12"><span class='ocrx_word' id='word_1_165' title='bbox 470 1488 663 1536; x_wconf 86' lang='lat' dir='ltr'>evangelii</span> <span class='ocrx_word' id='word_1_166' title='bbox 698 1487 906 1536; x_wconf 81' lang='lat' dir='ltr'>exequitur</span> <span class='ocrx_word' id='word_1_167' title='bbox 938 1496 1030 1523; x_wconf 87' lang='lat' dir='ltr'>sunt</span> <span class='ocrx_word' id='word_1_168' title='bbox 1062 1488 1259 1524; x_wconf 84' lang='lat' dir='ltr'>notanda:</span> <span class='ocrx_word' id='word_1_169' title='bbox 1804 1497 1846 1518; x_wconf 81' lang='lat'>20</span> 
     </span>
     <span class='ocr_line' id='line_1_22' title="bbox 526 1544 1790 1595; baseline -0.002 -13"><span class='ocrx_word' id='word_1_170' title='bbox 526 1547 604 1582; x_wconf 88' lang='lat' dir='ltr'>Aut</span> <span class='ocrx_word' id='word_1_171' title='bbox 625 1547 691 1591; x_wconf 84' lang='lat' dir='ltr'>ita,</span> <span class='ocrx_word' id='word_1_172' title='bbox 724 1546 868 1594; x_wconf 84' lang='lat' dir='ltr'>inquit,</span> <span class='ocrx_word' id='word_1_173' title='bbox 903 1558 986 1582; x_wconf 84' lang='lat' dir='ltr'>cum</span> <span class='ocrx_word' id='word_1_174' title='bbox 1010 1558 1129 1595; x_wconf 88' lang='lat' dir='ltr'>supra</span> <span class='ocrx_word' id='word_1_175' title='bbox 1155 1546 1375 1581; x_wconf 80' lang='lat' dir='ltr'>mandasset</span> <span class='ocrx_word' id='word_1_176' title='bbox 1398 1544 1584 1588; x_wconf 83' lang='lat' dir='ltr'>omnibus,</span> <span class='ocrx_word' id='word_1_177' title='bbox 1602 1544 1790 1593; x_wconf 76' lang='lat' dir='ltr'>precipue</span> 
     </span>
     <span class='ocr_line' id='line_1_23' title="bbox 471 1601 1789 1654; baseline -0.002 -14"><span class='ocrx_word' id='word_1_178' title='bbox 471 1604 694 1641; x_wconf 84' lang='lat' dir='ltr'>doctoribus</span> <span class='ocrx_word' id='word_1_179' title='bbox 732 1612 772 1639; x_wconf 89' lang='lat' dir='ltr'>ut</span> <span class='ocrx_word' id='word_1_180' title='bbox 811 1604 1021 1654; x_wconf 76' lang='lat' dir='ltr'>diligerent</span> <span class='ocrx_word' id='word_1_181' title='bbox 1059 1604 1233 1639; x_wconf 78' lang='lat' dir='ltr'>inimicos</span> <span class='ocrx_word' id='word_1_182' title='bbox 1270 1615 1360 1639; x_wconf 88' lang='lat' dir='ltr'>suos</span> <span class='ocrx_word' id='word_1_183' title='bbox 1399 1610 1433 1638; x_wconf 90' lang='lat' dir='ltr'>et</span> <span class='ocrx_word' id='word_1_184' title='bbox 1466 1615 1538 1638; x_wconf 88' lang='lat' dir='ltr'>non</span> <span class='ocrx_word' id='word_1_185' title='bbox 1571 1601 1789 1638; x_wconf 85' lang='lat' dir='ltr'>iudicarent</span> 
     </span>
     <span class='ocr_line' id='line_1_24' title="bbox 471 1660 1789 1711; baseline -0.002 -13"><span class='ocrx_word' id='word_1_186' title='bbox 471 1663 580 1711; x_wconf 79' lang='lat' dir='ltr'>quasi</span> <span class='ocrx_word' id='word_1_187' title='bbox 606 1669 832 1711; x_wconf 79' lang='lat' dir='ltr'>peccatores</span> <span class='ocrx_word' id='word_1_188' title='bbox 864 1662 1098 1710; x_wconf 83' lang='lat' dir='ltr'>offendentes</span> <span class='ocrx_word' id='word_1_189' title='bbox 1130 1661 1165 1697; x_wconf 93' lang='lat' dir='ltr'>in</span> <span class='ocrx_word' id='word_1_190' title='bbox 1198 1673 1251 1708; x_wconf 87' lang='lat' dir='ltr'>se,</span> <span class='ocrx_word' id='word_1_191' title='bbox 1290 1672 1522 1709; x_wconf 79' lang='lat' dir='ltr'>consequens</span> <span class='ocrx_word' id='word_1_192' title='bbox 1555 1667 1653 1706; x_wconf 82' lang='lat' dir='ltr'>erat,</span> <span class='ocrx_word' id='word_1_193' title='bbox 1692 1660 1789 1696; x_wconf 86' lang='lat' dir='ltr'>sicut</span> 
     </span>
     <span class='ocr_line' id='line_1_25' title="bbox 471 1717 1789 1768; baseline -0.002 -12"><span class='ocrx_word' id='word_1_194' title='bbox 471 1721 546 1756; x_wconf 86' lang='lat' dir='ltr'>iam</span> <span class='ocrx_word' id='word_1_195' title='bbox 582 1720 764 1766; x_wconf 78' lang='lat' dir='ltr'>diximus,</span> <span class='ocrx_word' id='word_1_196' title='bbox 799 1732 844 1756; x_wconf 90' lang='lat' dir='ltr'>ne</span> <span class='ocrx_word' id='word_1_197' title='bbox 866 1719 982 1768; x_wconf 86' lang='lat' dir='ltr'>forte</span> <span class='ocrx_word' id='word_1_198' title='bbox 1013 1720 1080 1755; x_wconf 84' lang='lat' dir='ltr'>suh</span> <span class='ocrx_word' id='word_1_199' title='bbox 1114 1720 1265 1755; x_wconf 84' lang='lat' dir='ltr'>obtentu</span> <span class='ocrx_word' id='word_1_200' title='bbox 1301 1718 1520 1755; x_wconf 79' lang='lat' dir='ltr'>dileccionis</span> <span class='ocrx_word' id='word_1_201' title='bbox 1552 1725 1587 1754; x_wconf 92' lang='lat' dir='ltr'>et</span> <span class='ocrx_word' id='word_1_202' title='bbox 1609 1717 1789 1754; x_wconf 84' lang='lat' dir='ltr'>bonitatis</span> 
     </span>
     <span class='ocr_line' id='line_1_26' title="bbox 471 1776 1843 1814; baseline -0.001 -1"><span class='ocrx_word' id='word_1_203' title='bbox 471 1778 589 1814; x_wconf 83' lang='lat' dir='ltr'>eciam</span> <span class='ocrx_word' id='word_1_204' title='bbox 634 1786 767 1814; x_wconf 88' lang='lat' dir='ltr'>sancta</span> <span class='ocrx_word' id='word_1_205' title='bbox 814 1777 892 1813; x_wconf 87' lang='lat' dir='ltr'>Dei</span> <span class='ocrx_word' id='word_1_206' title='bbox 933 1784 969 1813; x_wconf 92' lang='lat' dir='ltr'>et</span> <span class='ocrx_word' id='word_1_207' title='bbox 1010 1784 1158 1813; x_wconf 82' lang='lat' dir='ltr'>secreta</span> <span class='ocrx_word' id='word_1_208' title='bbox 1203 1777 1256 1813; x_wconf 89' lang='lat' dir='ltr'>eis</span> <span class='ocrx_word' id='word_1_209' title='bbox 1304 1776 1643 1812; x_wconf 82' lang='lat' dir='ltr'>communicarent.</span> <span class='ocrx_word' id='word_1_210' title='bbox 1697 1776 1788 1812; x_wconf 90' lang='lat' dir='ltr'>Ideo</span> <span class='ocrx_word' id='word_1_211' title='bbox 1804 1776 1843 1808; x_wconf 79' lang='lat'>25</span> 
     </span>
     <span class='ocr_line' id='line_1_27' title="bbox 471 1834 1789 1884; baseline -0.002 -12"><span class='ocrx_word' id='word_1_212' title='bbox 471 1836 664 1872; x_wconf 84' lang='lat' dir='ltr'>const.&#39;tzu&#39;t</span> <span class='ocrx_word' id='word_1_213' title='bbox 707 1849 751 1872; x_wconf 85' lang='lat' dir='ltr'>ne</span> <span class='ocrx_word' id='word_1_214' title='bbox 785 1835 943 1884; x_wconf 83' lang='lat' dir='ltr'>faciant</span> <span class='ocrx_word' id='word_1_215' title='bbox 987 1836 1070 1881; x_wconf 85' lang='lat' dir='ltr'>hoc,</span> <span class='ocrx_word' id='word_1_216' title='bbox 1119 1835 1267 1871; x_wconf 84' lang='lat' dir='ltr'>dicens:</span> <span class='ocrx_word' id='word_1_217' title='bbox 1311 1834 1441 1870; x_wconf 86' lang='lat' dir='ltr'>Nolite</span> <span class='ocrx_word' id='word_1_218' title='bbox 1477 1841 1651 1870; x_wconf 85' lang='lat' dir='ltr'>sanctum</span> <span class='ocrx_word' id='word_1_219' title='bbox 1692 1834 1789 1869; x_wconf 89' lang='lat' dir='ltr'>dare</span> 
     </span>
     <span class='ocr_line' id='line_1_28' title="bbox 471 1891 1790 1938; baseline -0.003 -8"><span class='ocrx_word' id='word_1_220' title='bbox 471 1894 638 1930; x_wconf 85' lang='lat' dir='ltr'>canibus.</span> <span class='ocrx_word' id='word_1_221' title='bbox 690 1894 803 1929; x_wconf 86' lang='lat' dir='ltr'>Nunc</span> <span class='ocrx_word' id='word_1_222' title='bbox 847 1900 973 1929; x_wconf 84' lang='lat' dir='ltr'>autem</span> <span class='ocrx_word' id='word_1_223' title='bbox 1020 1894 1087 1928; x_wconf 88' lang='lat' dir='ltr'>dat</span> <span class='ocrx_word' id='word_1_224' title='bbox 1131 1893 1183 1929; x_wconf 80' lang='lat' dir='ltr'>eis</span> <span class='ocrx_word' id='word_1_225' title='bbox 1227 1892 1427 1929; x_wconf 85' lang='lat' dir='ltr'>consilium</span> <span class='ocrx_word' id='word_1_226' title='bbox 1474 1892 1626 1938; x_wconf 82' lang='lat' dir='ltr'>bonum,</span> <span class='ocrx_word' id='word_1_227' title='bbox 1679 1899 1719 1927; x_wconf 87' lang='lat' dir='ltr'>ut</span> <span class='ocrx_word' id='word_1_228' title='bbox 1756 1891 1790 1927; x_wconf 88' lang='lat' dir='ltr'>si</span> 
     </span>
     <span class='ocr_line' id='line_1_29' title="bbox 472 1950 1789 2002; baseline -0.002 -15"><span class='ocrx_word' id='word_1_229' title='bbox 472 1952 641 2002; x_wconf 77' lang='lat' dir='ltr'>diligunt</span> <span class='ocrx_word' id='word_1_230' title='bbox 685 1952 858 1987; x_wconf 87' lang='lat' dir='ltr'>inimicos</span> <span class='ocrx_word' id='word_1_231' title='bbox 899 1963 990 1987; x_wconf 86' lang='lat' dir='ltr'>suos</span> <span class='ocrx_word' id='word_1_232' title='bbox 1033 1951 1143 1999; x_wconf 84' lang='lat' dir='ltr'>quasi</span> <span class='ocrx_word' id='word_1_233' title='bbox 1180 1951 1256 1986; x_wconf 89' lang='lat' dir='ltr'>Dei</span> <span class='ocrx_word' id='word_1_234' title='bbox 1297 1950 1452 2000; x_wconf 75' lang='lat' dir='ltr'>benigni</span> <span class='ocrx_word' id='word_1_235' title='bbox 1495 1950 1709 1986; x_wconf 88' lang='lat' dir='ltr'>imitatores</span> <span class='ocrx_word' id='word_1_236' title='bbox 1754 1957 1789 1985; x_wconf 87' lang='lat' dir='ltr'>et</span> 
     </span>
     <span class='ocr_line' id='line_1_30' title="bbox 472 2008 1786 2057; baseline -0.002 -12"><span class='ocrx_word' id='word_1_237' title='bbox 472 2010 604 2046; x_wconf 79' lang='lat' dir='ltr'>volunt</span> <span class='ocrx_word' id='word_1_238' title='bbox 635 2022 699 2045; x_wconf 89' lang='lat' dir='ltr'>eos</span> <span class='ocrx_word' id='word_1_239' title='bbox 730 2017 764 2045; x_wconf 87' lang='lat' dir='ltr'>et</span> <span class='ocrx_word' id='word_1_240' title='bbox 796 2010 1004 2045; x_wconf 87' lang='lat' dir='ltr'>secundum</span> <span class='ocrx_word' id='word_1_241' title='bbox 1039 2010 1163 2045; x_wconf 86' lang='lat' dir='ltr'>Deum</span> <span class='ocrx_word' id='word_1_242' title='bbox 1197 2009 1367 2055; x_wconf 77' lang='lat' dir='ltr'>salvare,</span> <span class='ocrx_word' id='word_1_243' title='bbox 1398 2015 1532 2057; x_wconf 86' lang='lat' dir='ltr'>petant</span> <span class='ocrx_word' id='word_1_244' title='bbox 1554 2008 1680 2044; x_wconf 88' lang='lat' dir='ltr'>Deum</span> <span class='ocrx_word' id='word_1_245' title='bbox 1709 2020 1786 2056; x_wconf 90' lang='lat' dir='ltr'>pro</span> 
     </span>
     <span class='ocr_line' id='line_1_31' title="bbox 472 2065 1846 2115; baseline -0.002 -12"><span class='ocrx_word' id='word_1_246' title='bbox 472 2066 549 2104; x_wconf 83' lang='lat' dir='ltr'>illis</span> <span class='ocrx_word' id='word_1_247' title='bbox 581 2074 615 2103; x_wconf 92' lang='lat' dir='ltr'>et</span> <span class='ocrx_word' id='word_1_248' title='bbox 648 2067 804 2103; x_wconf 84' lang='lat' dir='ltr'>dabitur</span> <span class='ocrx_word' id='word_1_249' title='bbox 836 2067 900 2114; x_wconf 81' lang='lat' dir='ltr'>eis,</span> <span class='ocrx_word' id='word_1_250' title='bbox 934 2074 1097 2115; x_wconf 81' lang='lat' dir='ltr'>querant</span> <span class='ocrx_word' id='word_1_251' title='bbox 1129 2079 1192 2102; x_wconf 86' lang='lat' dir='ltr'>eos</span> <span class='ocrx_word' id='word_1_252' title='bbox 1224 2067 1288 2115; x_wconf 82' lang='lat' dir='ltr'>qui</span> <span class='ocrx_word' id='word_1_253' title='bbox 1313 2067 1522 2115; x_wconf 84' lang='lat' dir='ltr'>perierunt</span> <span class='ocrx_word' id='word_1_254' title='bbox 1555 2066 1590 2101; x_wconf 92' lang='lat' dir='ltr'>in</span> <span class='ocrx_word' id='word_1_255' title='bbox 1618 2065 1788 2114; x_wconf 89' lang='lat' dir='ltr'>peccatis</span> <span class='ocrx_word' id='word_1_256' title='bbox 1805 2066 1846 2098; x_wconf 83' lang='lat'>30</span> 
     </span>
     <span class='ocr_line' id='line_1_32' title="bbox 472 2123 1790 2176; baseline -0.003 -14"><span class='ocrx_word' id='word_1_257' title='bbox 472 2133 507 2162; x_wconf 85' lang='lat' dir='ltr'>et</span> <span class='ocrx_word' id='word_1_258' title='bbox 539 2126 728 2161; x_wconf 77' lang='lat' dir='ltr'>invenient</span> <span class='ocrx_word' id='word_1_259' title='bbox 760 2137 823 2161; x_wconf 89' lang='lat' dir='ltr'>eos</span> <span class='ocrx_word' id='word_1_260' title='bbox 847 2125 922 2161; x_wconf 90' lang='lat' dir='ltr'>Dei</span> <span class='ocrx_word' id='word_1_261' title='bbox 951 2125 1091 2176; x_wconf 72' lang='lat' dir='ltr'>gracia</span> <span class='ocrx_word' id='word_1_262' title='bbox 1119 2126 1417 2170; x_wconf 85' lang='lat' dir='ltr'>demonstrante,</span> <span class='ocrx_word' id='word_1_263' title='bbox 1446 2125 1600 2173; x_wconf 84' lang='lat' dir='ltr'>pulsent</span> <span class='ocrx_word' id='word_1_264' title='bbox 1630 2136 1694 2159; x_wconf 84' lang='lat' dir='ltr'>eos</span> <span class='ocrx_word' id='word_1_265' title='bbox 1725 2123 1790 2172; x_wconf 78' lang='lat' dir='ltr'>qui</span> 
     </span>
     <span class='ocr_line' id='line_1_33' title="bbox 473 2182 1789 2232; baseline -0.002 -13"><span class='ocrx_word' id='word_1_266' title='bbox 473 2184 508 2219; x_wconf 87' lang='lat' dir='ltr'>in</span> <span class='ocrx_word' id='word_1_267' title='bbox 541 2184 743 2220; x_wconf 86' lang='lat' dir='ltr'>erroribus</span> <span class='ocrx_word' id='word_1_268' title='bbox 774 2190 862 2219; x_wconf 86' lang='lat' dir='ltr'>sunt</span> <span class='ocrx_word' id='word_1_269' title='bbox 894 2183 1065 2220; x_wconf 87' lang='lat' dir='ltr'>conclusi</span> <span class='ocrx_word' id='word_1_270' title='bbox 1095 2190 1130 2219; x_wconf 94' lang='lat' dir='ltr'>et</span> <span class='ocrx_word' id='word_1_271' title='bbox 1162 2183 1309 2232; x_wconf 84' lang='lat' dir='ltr'>aperiet</span> <span class='ocrx_word' id='word_1_272' title='bbox 1341 2183 1394 2218; x_wconf 65' lang='lat' dir='ltr'>ess</span> <span class='ocrx_word' id='word_1_273' title='bbox 1426 2183 1545 2227; x_wconf 84' lang='lat' dir='ltr'>Deus,</span> <span class='ocrx_word' id='word_1_274' title='bbox 1579 2189 1619 2217; x_wconf 85' lang='lat' dir='ltr'>ut</span> <span class='ocrx_word' id='word_1_275' title='bbox 1651 2182 1789 2217; x_wconf 85' lang='lat' dir='ltr'>habeat</span> 
     </span>
     <span class='ocr_line' id='line_1_34' title="bbox 472 2239 1788 2291; baseline -0.002 -14"><span class='ocrx_word' id='word_1_276' title='bbox 472 2254 600 2278; x_wconf 86' lang='lat' dir='ltr'>sermo</span> <span class='ocrx_word' id='word_1_277' title='bbox 633 2254 766 2277; x_wconf 89' lang='lat' dir='ltr'>eorum</span> <span class='ocrx_word' id='word_1_278' title='bbox 799 2242 851 2276; x_wconf 88' lang='lat' dir='ltr'>ad</span> <span class='ocrx_word' id='word_1_279' title='bbox 882 2242 1032 2277; x_wconf 85' lang='lat' dir='ltr'>animas</span> <span class='ocrx_word' id='word_1_280' title='bbox 1064 2241 1235 2290; x_wconf 87' lang='lat' dir='ltr'>ipsorum</span> <span class='ocrx_word' id='word_1_281' title='bbox 1268 2241 1501 2291; x_wconf 79' lang='lat' dir='ltr'>ingressum.</span> <span class='ocrx_word' id='word_1_282' title='bbox 1537 2239 1591 2275; x_wconf 89' lang='lat' dir='ltr'>Ac</span> <span class='ocrx_word' id='word_1_283' title='bbox 1622 2240 1656 2275; x_wconf 86' lang='lat' dir='ltr'>si</span> <span class='ocrx_word' id='word_1_284' title='bbox 1687 2239 1788 2276; x_wconf 87' lang='lat' dir='ltr'>dicat</span> 
     </span>
     <span class='ocr_line' id='line_1_35' title="bbox 474 2298 1788 2348; baseline -0.001 -14"><span class='ocrx_word' id='word_1_285' title='bbox 474 2300 520 2335; x_wconf 89' lang='lat' dir='ltr'>de</span> <span class='ocrx_word' id='word_1_286' title='bbox 552 2299 774 2335; x_wconf 80' lang='lat' dir='ltr'>christianis</span> <span class='ocrx_word' id='word_1_287' title='bbox 806 2299 870 2347; x_wconf 80' lang='lat' dir='ltr'>qui</span> <span class='ocrx_word' id='word_1_288' title='bbox 895 2311 1110 2348; x_wconf 86' lang='lat' dir='ltr'>porcorum</span> <span class='ocrx_word' id='word_1_289' title='bbox 1140 2311 1249 2335; x_wconf 87' lang='lat' dir='ltr'>more</span> <span class='ocrx_word' id='word_1_290' title='bbox 1272 2299 1440 2334; x_wconf 79' lang='lat' dir='ltr'>viventes</span> <span class='ocrx_word' id='word_1_291' title='bbox 1458 2298 1718 2347; x_wconf 83' lang='lat' dir='ltr'>perdiderunt</span> <span class='ocrx_word' id='word_1_292' title='bbox 1747 2309 1788 2333; x_wconf 86' lang='lat' dir='ltr'>se</span> 
     </span>
     <span class='ocr_line' id='line_1_36' title="bbox 471 2354 1843 2407; baseline -0.003 -14"><span class='ocrx_word' id='word_1_293' title='bbox 471 2358 681 2393; x_wconf 87' lang='lat' dir='ltr'>secundum</span> <span class='ocrx_word' id='word_1_294' title='bbox 715 2357 923 2407; x_wconf 79' lang='lat' dir='ltr'>imaginem</span> <span class='ocrx_word' id='word_1_295' title='bbox 948 2357 1024 2393; x_wconf 86' lang='lat' dir='ltr'>Dei</span> <span class='ocrx_word' id='word_1_296' title='bbox 1053 2364 1088 2393; x_wconf 88' lang='lat' dir='ltr'>et</span> <span class='ocrx_word' id='word_1_297' title='bbox 1121 2357 1298 2393; x_wconf 87' lang='lat' dir='ltr'>cadentes</span> <span class='ocrx_word' id='word_1_298' title='bbox 1320 2356 1366 2391; x_wconf 82' lang='lat' dir='ltr'>ab</span> <span class='ocrx_word' id='word_1_299' title='bbox 1390 2356 1541 2392; x_wconf 84' lang='lat' dir='ltr'>homine</span> <span class='ocrx_word' id='word_1_300' title='bbox 1558 2354 1843 2404; x_wconf 81' lang='lat' dir='ltr'>porcifacti35</span> 
     </span>
     <span class='ocr_line' id='line_1_37' title="bbox 472 2413 1787 2464; baseline -0.002 -13"><span class='ocrx_word' id='word_1_301' title='bbox 472 2422 559 2451; x_wconf 89' lang='lat' dir='ltr'>sunt</span> <span class='ocrx_word' id='word_1_302' title='bbox 581 2422 615 2451; x_wconf 91' lang='lat' dir='ltr'>et</span> <span class='ocrx_word' id='word_1_303' title='bbox 630 2415 853 2464; x_wconf 89' lang='lat' dir='ltr'>perierunt:</span> <span class='ocrx_word' id='word_1_304' title='bbox 892 2415 1049 2459; x_wconf 81' lang='lat' dir='ltr'>Querite</span> <span class='ocrx_word' id='word_1_305' title='bbox 1080 2427 1155 2461; x_wconf 85' lang='lat' dir='ltr'>eos,</span> <span class='ocrx_word' id='word_1_306' title='bbox 1189 2414 1445 2450; x_wconf 82' lang='lat' dir='ltr'>ammonendo</span> <span class='ocrx_word' id='word_1_307' title='bbox 1479 2413 1663 2459; x_wconf 78' lang='lat' dir='ltr'>benivole,</span> <span class='ocrx_word' id='word_1_308' title='bbox 1691 2425 1787 2462; x_wconf 90' lang='lat' dir='ltr'>pro-</span> 
     </span>
     <span class='ocr_line' id='line_1_38' title="bbox 473 2471 1786 2521; baseline -0.002 -13"><span class='ocrx_word' id='word_1_309' title='bbox 473 2474 655 2509; x_wconf 85' lang='lat' dir='ltr'>mittendo</span> <span class='ocrx_word' id='word_1_310' title='bbox 686 2473 738 2509; x_wconf 85' lang='lat' dir='ltr'>eis</span> <span class='ocrx_word' id='word_1_311' title='bbox 767 2473 1076 2509; x_wconf 87' lang='lat' dir='ltr'>misericordiam</span> <span class='ocrx_word' id='word_1_312' title='bbox 1102 2473 1178 2508; x_wconf 90' lang='lat' dir='ltr'>Dei</span> <span class='ocrx_word' id='word_1_313' title='bbox 1205 2480 1239 2508; x_wconf 91' lang='lat' dir='ltr'>et</span> <span class='ocrx_word' id='word_1_314' title='bbox 1267 2473 1304 2508; x_wconf 87' lang='lat' dir='ltr'>in</span> <span class='ocrx_word' id='word_1_315' title='bbox 1326 2484 1431 2521; x_wconf 85' lang='lat' dir='ltr'>spem</span> <span class='ocrx_word' id='word_1_316' title='bbox 1455 2484 1518 2508; x_wconf 90' lang='lat' dir='ltr'>eos</span> <span class='ocrx_word' id='word_1_317' title='bbox 1545 2471 1786 2507; x_wconf 88' lang='lat' dir='ltr'>adducendo.</span> 
     </span>
    </p>
   </div>
   <div class='ocr_carea' id='block_1_4' title="bbox 475 2528 1785 2580">
    <p class='ocr_par' dir='ltr' id='par_1_4' title="bbox 475 2528 1785 2580">
     <span class='ocr_line' id='line_1_39' title="bbox 475 2528 1785 2580; baseline -0.002 -14"><span class='ocrx_word' id='word_1_318' title='bbox 475 2531 536 2566; x_wconf 83' lang='lat' dir='ltr'>Sic</span> <span class='ocrx_word' id='word_1_319' title='bbox 568 2531 666 2567; x_wconf 88' lang='lat' dir='ltr'>enim</span> <span class='ocrx_word' id='word_1_320' title='bbox 700 2538 734 2567; x_wconf 91' lang='lat' dir='ltr'>et</span> <span class='ocrx_word' id='word_1_321' title='bbox 758 2531 903 2567; x_wconf 86' lang='lat' dir='ltr'>Paulus</span> <span class='ocrx_word' id='word_1_322' title='bbox 936 2543 1019 2567; x_wconf 87' lang='lat' dir='ltr'>eum</span> <span class='ocrx_word' id='word_1_323' title='bbox 1043 2531 1107 2580; x_wconf 87' lang='lat' dir='ltr'>qui</span> <span class='ocrx_word' id='word_1_324' title='bbox 1128 2531 1237 2579; x_wconf 79' lang='lat' dir='ltr'>quasi</span> <span class='ocrx_word' id='word_1_325' title='bbox 1254 2542 1399 2579; x_wconf 80' lang='lat' dir='ltr'>porcus</span> <span class='ocrx_word' id='word_1_326' title='bbox 1431 2537 1466 2565; x_wconf 93' lang='lat' dir='ltr'>et</span> <span class='ocrx_word' id='word_1_327' title='bbox 1498 2542 1571 2566; x_wconf 86' lang='lat' dir='ltr'>non</span> <span class='ocrx_word' id='word_1_328' title='bbox 1595 2530 1707 2565; x_wconf 84' lang='lat' dir='ltr'>homo</span> <span class='ocrx_word' id='word_1_329' title='bbox 1731 2528 1785 2564; x_wconf 91' lang='lat' dir='ltr'>in-</span> 
     </span>
    </p>
   </div>
   <div class='ocr_carea' id='block_1_5' title="bbox 475 2715 1783 2784">
    <p class='ocr_par' dir='ltr' id='par_1_5' title="bbox 475 2715 1783 2784">
     <span class='ocr_line' id='line_1_40' title="bbox 543 2715 1783 2750; baseline -0.001 -7"><span class='ocrx_word' id='word_1_330' title='bbox 543 2724 568 2743; x_wconf 76' lang='lat'>2.</span> <span class='ocrx_word' id='word_1_331' title='bbox 590 2717 617 2743; x_wconf 88' lang='lat' dir='ltr'><strong>A</strong></span> <span class='ocrx_word' id='word_1_332' title='bbox 637 2716 665 2742; x_wconf 84' lang='lat' dir='ltr'>in</span> <span class='ocrx_word' id='word_1_333' title='bbox 689 2724 802 2750; x_wconf 66' lang='lat' dir='ltr'>marg:</span> <span class='ocrx_word' id='word_1_334' title='bbox 823 2715 990 2743; x_wconf 74' lang='lat' dir='ltr'>Johannes.</span> <span class='ocrx_word' id='word_1_335' title='bbox 1094 2715 1122 2742; x_wconf 81' lang='lat'>6.</span> <span class='ocrx_word' id='word_1_336' title='bbox 1144 2716 1188 2743; x_wconf 92' lang='lat' dir='ltr'>A:</span> <span class='ocrx_word' id='word_1_337' title='bbox 1212 2715 1295 2750; x_wconf 85' lang='lat' dir='ltr'>quod</span> <span class='ocrx_word' id='word_1_338' title='bbox 1314 2715 1407 2742; x_wconf 83' lang='lat' dir='ltr'>deest.</span> <span class='ocrx_word' id='word_1_339' title='bbox 1510 2723 1548 2742; x_wconf 78' lang='lat'>21.</span> <span class='ocrx_word' id='word_1_340' title='bbox 1570 2717 1598 2742; x_wconf 89' lang='lat' dir='ltr'><strong>A</strong></span> <span class='ocrx_word' id='word_1_341' title='bbox 1619 2715 1648 2742; x_wconf 87' lang='lat' dir='ltr'>in</span> <span class='ocrx_word' id='word_1_342' title='bbox 1671 2723 1783 2750; x_wconf 63' lang='lat' dir='ltr'>marg:</span> 
     </span>
     <span class='ocr_line' id='line_1_41' title="bbox 475 2749 1589 2784; baseline -0.001 -6"><span class='ocrx_word' id='word_1_343' title='bbox 475 2751 688 2778; x_wconf 79' lang='lat' dir='ltr'>Crisostomus.</span> <span class='ocrx_word' id='word_1_344' title='bbox 762 2751 803 2778; x_wconf 83' lang='lat'>25.</span> <span class='ocrx_word' id='word_1_345' title='bbox 826 2750 864 2777; x_wconf 76' lang='lat' dir='ltr'>B:</span> <span class='ocrx_word' id='word_1_346' title='bbox 885 2751 1019 2777; x_wconf 77' lang='lat' dir='ltr'>sciencia</span> <span class='ocrx_word' id='word_1_347' title='bbox 1043 2750 1110 2777; x_wconf 79' lang='lat' dir='ltr'>Del.</span> <span class='ocrx_word' id='word_1_348' title='bbox 1184 2749 1228 2784; x_wconf 79' lang='lat'>34.</span> <span class='ocrx_word' id='word_1_349' title='bbox 1251 2750 1369 2777; x_wconf 78' lang='lat' dir='ltr'>Codd.:</span> <span class='ocrx_word' id='word_1_350' title='bbox 1392 2750 1589 2777; x_wconf 70' lang='lat' dir='ltr'>christianus.</span> 
     </span>
    </p>
   </div>
   <div class='ocr_carea' id='block_1_6' title="bbox 544 2833 1083 2875">
    <p class='ocr_par' dir='ltr' id='par_1_6' title="bbox 544 2833 1083 2875">
     <span class='ocr_line' id='line_1_42' title="bbox 544 2833 1083 2875; baseline 0 -10"><span class='ocrx_word' id='word_1_351' title='bbox 544 2844 596 2865; x_wconf 85' lang='lat'>21.</span> <span class='ocrx_word' id='word_1_352' title='bbox 624 2834 691 2875; x_wconf 84' lang='lat' dir='ltr'>Op.</span> <span class='ocrx_word' id='word_1_353' title='bbox 718 2834 814 2875; x_wconf 58' lang='lat' dir='ltr'>Imp„</span> <span class='ocrx_word' id='word_1_354' title='bbox 841 2834 861 2865; x_wconf 93' lang='lat' dir='ltr'>l.</span> <span class='ocrx_word' id='word_1_355' title='bbox 890 2844 916 2865; x_wconf 90' lang='lat' dir='ltr'>c.</span> <span class='ocrx_word' id='word_1_356' title='bbox 947 2845 978 2875; x_wconf 85' lang='lat' dir='ltr'>p.</span> <span class='ocrx_word' id='word_1_357' title='bbox 1005 2833 1083 2874; x_wconf 86' lang='lat'>824.</span> 
     </span>
    </p>
   </div>
  </div>
 </body>
</html>
