2003 3322
207 213 296 243 CAP.
315 206 384 260 ιιι]
679 217 890 249 SECUNDA
918 218 1044 248 PARS.
1730 212 1806 255 245

206 321 462 370 principium,
497 324 604 370 quod
629 324 733 359 Deus
766 330 823 358 est
857 334 977 359 causa
1008 321 1138 358 finalis
1162 320 1293 369 prima
1316 329 1354 357 et
1376 320 1519 358 ultima

208 380 419 416 cuiuslibet
459 389 641 417 creature
679 388 715 416 et
754 392 824 428 per
858 392 1108 428 consequens
1141 378 1353 415 cuiuslibet
1385 379 1518 427 operis

208 437 386 474 humani.
419 438 539 474 Tales
573 446 707 474 autem
741 437 946 474 evasiones
979 436 1196 486 sophistice
1224 449 1307 473 non
1330 445 1519 473 excusant

206 497 256 532 ab
290 508 336 532 eo
368 504 578 544 peccatum
612 495 741 531 inanis
774 495 898 543 glorie
931 497 998 532 sed
1022 503 1181 543 oportet
1204 495 1368 543 palpare
1392 494 1519 530 inten-

174 553 362 590 5cionern
402 553 458 590 sic
496 553 668 590 inaniter
706 553 925 601 operantis,
973 553 1004 589 si
1038 554 1126 601 plus
1160 561 1342 589 movetur
1375 565 1418 588 ex
1450 565 1521 600 ap-

206 611 332 659 petitu
356 611 485 648 laudis
510 612 685 647 humane
708 611 768 647 vel
791 611 1034 659 apparencia
1063 610 1286 647 sanctitatis
1310 610 1366 646 sic
1390 610 1518 646 facere

205 669 266 705 vel
298 681 342 706 ex
373 669 529 705 sincero
562 681 700 705 amore
733 682 851 717 quem
886 670 1005 705 habet
1038 670 1088 705 ad
1113 671 1260 715 Deum3
1285 676 1322 705 et
1346 680 1389 704 ex
1418 667 1519 704 veri—

206 735 286 764 tate
325 740 402 775 que
441 735 498 763 est
536 727 575 762 in
618 726 752 763 multis
798 727 981 763 manibus
1026 726 1208 764 convinci
1241 734 1374 774 potest
1407 727 1515 774 quod

205 785 290 821 laus
314 785 523 821 hominum
547 785 606 821 vel
629 785 873 833 apparencia
896 784 1120 821 sanctitatis
1144 797 1220 833 que
1245 792 1302 820 est
1320 783 1514 831 ypocrisis

154 843 294 891 toplus
342 851 473 880 movet
517 855 606 879 eum
647 844 698 879 ad
735 842 870 879 taliter
907 844 1157 891 operandum
1199 855 1319 891 quam
1361 841 1517 878 sincera

206 900 372 937 dileccio
419 900 489 937 Dei
537 900 609 938 sui.
660 900 798 936 Mixtio
842 909 977 937 autern
1026 901 1116 937 talis
1161 900 1251 936 finis
1295 900 1516 936 secundum

204 958 334 995 varios
358 959 504 1007 gradus
529 967 585 995 est
607 971 697 995 vere
722 958 952 1006 culpabilis3
982 957 1073 995 ideo
1107 957 1234 995 fidelis
1263 959 1379 994 debet
1402 957 1518 994 clari-

207 1016 325 1053 ficare
357 1029 472 1053 suum
507 1016 756 1064 propositum
784 1018 891 1064 quod
925 1016 968 1052 fit
997 1016 1148 1053 sincere
1182 1025 1219 1052 et
1242 1015 1520 1064 principaliter

205 1083 370 1122 propter
403 1077 529 1111 Deum
564 1083 601 1110 et
634 1075 769 1111 dolere
802 1075 850 1111 de
884 1074 1074 1111 mixtione
1107 1073 1347 1111 intencionis
1380 1074 1516 1121 culpa·
1558 1083 1585 1110 11·
1602 1083 1623 1110 it
1643 1083 1669 1110 is
1691 1092 1792 1123 sonwe

152 1134 188 1167 15
205 1131 306 1170 bilis.
340 1134 429 1168 Non
461 1141 597 1168 tamen
629 1131 745 1169 video
775 1131 872 1180 quin
896 1141 1029 1168 erecta
1051 1131 1264 1180 principali
1289 1131 1517 1168 intencione
1534 1118 1810 1189 monjssss'affiffffiat

205 1189 246 1226 in
284 1192 410 1226 Deum
465 1190 557 1226 licet
608 1191 783 1238 gaudere
836 1202 926 1226 cum
981 1190 1254 1227 moderamine
1309 1191 1356 1226 de
1401 1190 1518 1226 laude
1568 1196 1637 1249 1¹15ss
1659 1188 1770 1250 srhguld

206 1248 382 1284 humana
422 1256 458 1284 et
496 1249 605 1296 quod
644 1247 708 1283 alii
749 1260 792 1284 ex
833 1248 902 1284 tali
937 1261 1057 1296 opere
1091 1250 1286 1285 docentur
1319 1256 1357 1284 et
1390 1260 1518 1284 exem-
1616 1231 1657 1258 pp
1679 1231 1696 1251 ο
1720 1232 1745 1251 e.

205 1306 368 1353 plantus
405 1306 493 1354 plus
534 1308 661 1342 Deum
695 1305 873 1354 diligere.
920 1306 1046 1342 Aliter
1084 1305 1190 1343 enim
1225 1305 1406 1342 Christus
1438 1318 1519 1342 non

206 1364 367 1400 doceret
410 1363 578 1400 Matthei
617 1365 663 1414 V,
703 1365 769 1400 16:
819 1364 882 1399 Sic
926 1364 1050 1400 luceat
1098 1365 1169 1400 lux
1212 1371 1340 1400 vestra
1385 1376 1517 1399 coram

149 1422 420 1458 zolzominibus
467 1428 507 1457 ut
553 1421 705 1458 videant
749 1434 867 1471 opera
914 1429 1042 1458 vestra
1090 1423 1186 1459 bona
1226 1429 1260 1458 et
1296 1422 1519 1472 glorificent

201 1487 356 1528 patrem
390 1486 560 1516 vestrum
593 1480 656 1528 qui
687 1480 723 1515 in
756 1479 846 1515 celis
878 1487 945 1518 est.

263 1539 365 1574 Ecce
404 1539 512 1585 quod
551 1538 615 1573 lux
652 1537 731 1573 vite
763 1537 968 1574 meritorie
1000 1538 1249 1585 prelatorum
1284 1538 1401 1573 debet
1434 1549 1517 1573 esse
1535 1545 1594 1574 We
1612 1551 1697 1574 must
1710 1546 1810 1586 desire

204 1595 340 1643 patula
362 1595 449 1631 aljjs
473 1596 522 1632 ad
546 1595 852 1643 exemplandum
875 1595 998 1632 vitam
1023 1605 1060 1632 et
1083 1595 1226 1632 merita
1249 1594 1517 1641 subditorum,
1551 1581 1794 1653 apfflfflffssffay

205 1661 242 1689 et
261 1665 350 1689 cum
375 1652 431 1689 illi
454 1653 602 1690 subditi
623 1662 790 1701 possunt
812 1653 1016 1689 meritorie
1039 1654 1205 1690 laudare
1227 1666 1320 1689 suos
1343 1653 1518 1701 prelatos
1574 1651 1662 1713 1lna151e
1682 1651 1767 1713 “gnei

148 1710 245 1746 25in
276 1710 366 1756 isto,
399 1711 556 1747 videtur
588 1712 696 1760 quod
718 1711 810 1748 licet
832 1711 909 1748 illis
933 1711 1098 1759 prelatis
1123 1713 1171 1747 de
1194 1711 1341 1747 talibus
1366 1710 1518 1747 meritis
1562 1694 1640 1721 gom
1658 1694 1675 1722 y
1728 1694 1745 1713 ⁰
1773 1707 1779 1713 “

205 1770 469 1816 congaudere.
519 1770 596 1806 Sed
633 1769 766 1806 videat
805 1768 860 1806 sic
905 1771 1083 1817 gaudens
1124 1778 1162 1806 et
1200 1768 1376 1817 glorians
1409 1770 1518 1817 quod

204 1835 438 1875 retorqueat
466 1835 593 1864 totum
619 1827 794 1875 perfecte
818 1829 867 1864 ad
890 1827 1061 1875 gloriam
1086 1827 1157 1864 Dei
1181 1835 1219 1863 et
1240 1839 1322 1863 non
1345 1826 1518 1863 inaniter

204 1884 387 1932 prosiliat
418 1884 458 1921 in
487 1897 692 1922 excessum
716 1885 845 1922 laudis
867 1885 1031 1934 proprie
1055 1886 1164 1934 quod
1187 1895 1245 1921 est
1268 1885 1364 1921 satis
1386 1885 1516 1922 facile.

205 1943 296 1979 Ideo
329 1951 488 1979 notaret
519 1943 575 1980 sic
608 1955 777 1991 arguens
809 1944 972 1979 verbum
1005 1943 1195 1980 ultimum
1229 1943 1347 1979 huius
1370 1951 1516 1980 textus:

149 2005 190 2036 30
207 2000 257 2036 Et
286 2001 508 2050 glorificent
534 2008 690 2050 patrem
724 2008 896 2037 vestrum
929 2001 993 2050 qui
1024 2001 1060 2037 in
1093 2001 1184 2037 celis
1216 2008 1283 2044 est,
1323 2001 1379 2037 sic
1411 2000 1518 2037 vide-

204 2057 296 2094 licet
329 2060 436 2107 quod
469 2067 609 2107 patens
642 2058 820 2095 ostensio
851 2060 1049 2096 bonorum
1075 2071 1245 2107 operum
1271 2058 1341 2095 fiat
1365 2058 1517 2095 sincere

206 2124 243 2152 et
296 2116 573 2164 principaliter
624 2118 674 2153 ad
719 2116 791 2153 Dei
842 2116 1013 2165 gloriam
1060 2116 1371 2165 adquirendum.
1426 2117 1518 2152 Ideo

206 2186 392 2210 securum
431 2174 588 2211 videtur
628 2176 736 2223 quod
776 2176 897 2211 homo
937 2174 1133 2222 exprimat
1166 2174 1238 2211 Dei
1276 2174 1444 2222 gloriam
1481 2183 1518 2210 et

206 2232 434 2280 suppeditet
477 2245 568 2268 cum
611 2232 740 2268 verbis
785 2232 886 2269 veris
926 2233 1086 2269 laudem
1120 2231 1343 2281 propriam,
1384 2231 1520 2268 dicens

151 2292 189 2326 35
206 2291 313 2337 quod
346 2289 377 2326 si
409 2291 558 2327 bonum
589 2290 806 2339 quicquam
835 2290 967 2336 fuerit,
1002 2293 1108 2327 Deus
1140 2289 1423 2327 accomodavit
1445 2289 1519 2326 sibi

204 2347 391 2384 virtutem
426 2356 463 2384 et
497 2348 674 2395 graciam
708 2349 757 2384 ad
783 2348 918 2385 taliter
949 2347 1197 2395 faciendum3
1231 2356 1271 2384 et
1301 2356 1432 2384 certus
1461 2356 1519 2384 est

206 2406 315 2453 quod
349 2405 541 2442 defective
572 2407 633 2443 vel
666 2405 920 2454 culpabiliter
951 2406 1044 2442 fecit
1076 2415 1158 2442 tarn
1189 2405 1229 2442 in
1251 2418 1374 2454 opere
1397 2418 1518 2454 quarn

207 2462 249 2499 in
271 2465 405 2500 modo.
440 2465 487 2499 Et
505 2475 575 2511 per
597 2463 693 2500 talia
715 2476 808 2500 vera
830 2465 951 2501 verba
972 2464 1120 2500 servari
1144 2472 1276 2512 potest
1296 2464 1367 2500 Dei
1392 2463 1521 2511 gloria

208 2529 245 2557 et
283 2520 447 2569 propria
480 2521 607 2569 gloria
638 2534 742 2558 vana
775 2521 923 2567 excuti3
972 2521 1098 2558 nimia
1129 2530 1266 2558 tamen
1297 2522 1399 2558 foret
1430 2534 1519 2570 pre-

148 2591 194 2623 40
207 2579 390 2627 sumpcio
421 2580 482 2616 vel
513 2591 700 2617 excusare
722 2592 794 2616 nos
817 2579 1051 2617 omnimode
1074 2579 1115 2615 in
1136 2579 1283 2616 talibus
1306 2592 1328 2616 a
1351 2588 1519 2628 peccato

277 2801 302 2820 2.
325 2793 361 2821 B:
383 2794 552 2822 cuiuslibet.
625 2803 654 2828 4.
676 2794 713 2822 B:
733 2795 772 2822 ab
792 2795 868 2828 hoc;
887 2795 928 2823 ib.
951 2796 994 2823 A:
1013 2798 1154 2830 peccato.
1230 2802 1268 2822 12.
1289 2796 1332 2823 A:
1355 2798 1401 2823 est
1418 2796 1517 2823 varie.

209 2835 250 2863 19.
270 2830 314 2857 A:
336 2829 460 2857 diceret.
533 2828 579 2857 38.
601 2830 643 2857 A:
665 2833 818 2857 serenari.
