2003 3322
230 188 318 217 CAP.
338 179 462 233 XLIX]
738 191 877 222 PRIMA
903 191 1029 222 PARS.
1747 193 1821 230 Ῑ77

229 300 276 333 Et
308 305 439 345 potest
471 296 699 344 contingere
732 298 839 344 quod
879 304 960 332 tam
1000 296 1131 344 proles
1172 308 1293 344 quam
1334 295 1531 343 possessio

229 355 278 391 sit
311 353 610 391 racionabiliter
642 356 880 402 separanda.

283 411 397 448 Talia
432 412 556 448 multa
588 420 679 448 sunt
712 411 832 448 dubia
857 424 1029 460 quorum
1063 423 1143 447 non
1176 419 1233 446 est
1266 410 1354 446 finis
1378 422 1454 459 que
1488 423 1531 446 ex
1634 418 1678 457 As
1699 422 1728 445 to

227 470 295 506 tali
337 469 514 505 divorcio
553 469 749 505 oriuntur.
803 470 894 506 Ideo
933 469 1089 505 videtur
1130 467 1226 504 mihi
1266 469 1373 516 quod
1412 469 1531 504 ambo
1564 461 1717 516 Ῑῃὲᾇζῗξξ
1735 455 1797 516 {ped

194 528 414 574 §coniuges
449 528 593 562 debent
626 526 769 563 instrui
801 526 841 562 in
874 527 957 574 lege
992 527 1275 562 mandatorum
1300 525 1462 562 Domini
1496 534 1532 562 et
1554 523 1821 586 Ιῑῑῑὲὲῒῃξξὶθξέρῑᾙ

225 588 434 633 (quantum
469 586 573 620 Deus
614 584 835 629 donaverit)
874 584 914 620 in
952 584 1109 620 iusticia
1140 596 1180 620 se
1213 595 1382 619 servare.
1439 584 1531 619 Ideo
1779 580 1785 586 ’

224 643 380 679 videtur
413 642 701 678 consulendum
737 642 973 690 coniugibus
1013 643 1120 690 quod
1157 653 1197 677 se
1236 640 1451 677 exercitent
1490 640 1531 677 in

223 699 434 736 virtutibus
467 699 701 736 altrinsecus
746 709 783 736 et
828 712 908 736 non
952 707 1165 747 operentur
1212 700 1262 735 ad
1306 698 1528 734 divorcium

224 757 299 794 nisi
334 756 460 793 maior
491 757 706 794 necessitas
738 757 894 795 urserit.
940 759 988 794 Et
1020 766 1115 793 tunc
1147 758 1366 793 secundum
1402 756 1529 804 legem
1546 765 1614 792 Men
1636 766 1746 805 shvould
1768 772 1821 794 not

172 827 209 848 10
224 814 474 851 consciencie
526 816 670 851 debent
722 816 943 851 secundum
996 816 1105 863 quod
1158 816 1264 850 Deus
1322 813 1529 850 donaverit
1552 799 1815 865 ῗξιξξᾞῗξὲξάϋξῖ)

223 872 394 921 operari.
429 874 520 909 Ideo
553 885 634 909 non
667 872 753 909 sine
786 885 905 909 causa
939 872 1091 920 excepit
1114 871 1169 908 sic
1193 871 1375 908 Christus
1407 871 1530 907 forni-
1607 870 1749 907 lawyers.
1790 867 1798 872 ”

223 930 430 967 cacionem
475 930 747 967 communiter
792 939 828 966 et
872 943 952 966 non
997 929 1278 966 determinavit
1323 941 1436 965 casus
1483 931 1530 965 de

221 987 400 1036 possibili
432 987 727 1035 immergentes,
776 987 869 1036 quia
902 987 1038 1024 habita
1069 986 1298 1024 substancia
1330 986 1426 1034 legis
1459 986 1531 1023 Dei

221 1058 311 1082 curn
345 1047 428 1093 lege
461 1046 636 1082 naturali
670 1045 919 1082 consciencie
953 1054 1084 1093 potest
1117 1047 1239 1081 homo
1266 1044 1400 1081 videre
1434 1057 1532 1092 qua-

166 1103 310 1140 15liter
361 1103 409 1139 sit
460 1103 501 1140 in
554 1103 700 1140 talibus
752 1103 994 1141 faciendum.
1056 1105 1147 1140 Ideo
1201 1104 1373 1139 condere
1425 1103 1530 1150 leges

221 1162 419 1198 humanas
458 1161 498 1197 in
537 1161 613 1197 ista
652 1161 820 1197 materia
860 1170 897 1198 et
936 1160 1062 1197 subici
1095 1160 1262 1197 arbitrio
1294 1160 1529 1196 iuristarum

220 1218 376 1255 videtur
434 1218 620 1255 induccio
680 1218 891 1255 meridiani
952 1218 1127 1255 demonii
1189 1218 1391 1255 contraria
1453 1217 1530 1265 legi

220 1276 380 1315 Christi.

700 1400 838 1441 CAP.
871 1400 1052 1441 XLIX.

163 1519 204 1540 20
276 1507 466 1556 Sequitur
488 1507 528 1543 in
549 1515 656 1543 textu
679 1506 891 1555 evangelii:
925 1508 1070 1543 Iterum
1091 1507 1253 1543 audistis
1275 1507 1360 1556 quia
1385 1507 1526 1543 dictum

218 1573 272 1602 est
289 1566 473 1614 antiquis:
491 1566 576 1601 Non
587 1565 822 1614 periurabis,
849 1565 989 1601 reddes
1010 1572 1136 1601 autern
1157 1565 1310 1601 domino
1333 1572 1397 1601 tua
1423 1565 1526 1601 iura-

218 1630 358 1660 menta.
403 1623 493 1673 Ego
526 1630 652 1659 autem
687 1623 771 1659 dico
805 1623 922 1669 vobis,
956 1635 1028 1659 non
1052 1623 1185 1659 iurare
1207 1623 1380 1668 omnino;
1411 1635 1529 1671 neque

211 1693 287 1730 per
319 1681 454 1728 celum,
488 1681 574 1729 quia
602 1681 764 1717 thronus
787 1681 863 1716 Dei
893 1688 961 1728 est,
994 1693 1113 1730 neque
1139 1693 1215 1730 per
1246 1688 1408 1727 terram,
1441 1681 1526 1729 quia

216 1739 423 1775 scabellum
452 1739 595 1788 pedum
628 1746 683 1774 est
714 1739 806 1782 eius,
851 1750 968 1787 neque
995 1751 1070 1788 per
1100 1739 1405 1789 Jerosolymam,
1439 1738 1525 1786 quia

160 1796 199 1829 25
217 1797 352 1833 civitas
383 1804 437 1832 est
470 1797 606 1847 magni
637 1796 757 1847 regis,
790 1808 908 1845 neque
928 1808 1004 1846 per
1035 1803 1150 1846 caput
1181 1804 1286 1832 tuum
1320 1796 1525 1842 z'uraveris,

216 1854 302 1903 quia
336 1866 407 1890 non
425 1862 538 1903 potes
570 1867 684 1890 unum
718 1854 900 1903 capillum
934 1854 1062 1890 album
1080 1855 1223 1903 facere
1254 1861 1320 1889 aut
1353 1854 1524 1904 nigrum.

218 1912 275 1947 Sit
302 1919 428 1948 autem
461 1924 589 1948 sermo
622 1919 767 1948 vester:
798 1912 883 1957 Est,
916 1919 991 1956 est‚·
1023 1925 1108 1958 non,
1141 1924 1235 1957 non;
1267 1912 1368 1960 quod
1399 1918 1524 1947 autem

218 1970 291 2006 hiis
323 1970 612 2006 habundancius
643 1977 710 2016 est,
743 1982 764 2005 a
798 1970 900 2005 malo
932 1977 998 2005 est.

274 2026 349 2063 Hic
393 2027 515 2075 igitur
556 2027 714 2064 videtur
757 2027 994 2075 magistrum
1039 2026 1238 2075 optimum
1290 2026 1525 2075 specificare
1574 2046 1655 2075 Here
1677 2047 1782 2076 Christ

160 2087 201 2119 30
219 2085 391 2121 formam
434 2084 821 2121 communicacionis
860 2084 1069 2121 hominurn
1114 2084 1155 2122 in
1197 2085 1371 2133 loquela,
1431 2084 1523 2133 quia
1569 2087 1782 2146 cgigiznnintoan

217 2143 292 2179 hoc
324 2142 487 2179 indubie
521 2152 578 2179 est
611 2142 814 2191 pertinens
847 2142 1101 2191 supradictis.
1136 2143 1250 2179 Unde
1283 2142 1440 2179 videtur
1473 2143 1523 2179 ad
1626 2153 1724 2179 oaths.

217 2212 376 2237 sensum
417 2213 531 2236 suum
567 2200 779 2248 prohibere
817 2200 1053 2248 simpliciter
1092 2200 1380 2245 iuramentum,
1429 2200 1523 2248 quia

216 2258 371 2295 videtur
398 2257 669 2294 iuramentum
693 2258 941 2306 superfluere
973 2258 1076 2294 inter
1106 2258 1316 2306 perfectos,
1350 2258 1454 2294 sicut
1486 2266 1523 2294 et

217 2315 492 2364 superfiuisset
536 2315 577 2352 in
622 2325 728 2352 statu
774 2315 1008 2352 innocencie
1053 2324 1091 2352 et
1142 2316 1182 2352 in
1235 2324 1342 2352 statu
1394 2316 1522 2364 patrie

160 2374 200 2408 35
217 2373 383 2410 omnino
416 2386 496 2410 non
529 2373 614 2410 erit.
661 2373 701 2410 Si
736 2385 832 2421 ergo
867 2373 990 2410 bestie
1024 2373 1323 2410 communicare
1355 2382 1523 2422 possunt

217 2432 267 2467 ad
298 2431 468 2468 invicem
502 2431 586 2468 sine
618 2431 764 2467 talibus
797 2431 1045 2478 iuramentis,
1080 2443 1202 2479 quare
1235 2444 1316 2467 non
1339 2431 1522 2468 homines

215 2497 370 2526 servata
401 2488 567 2526 veritate
599 2489 640 2525 in
673 2488 933 2539 cogitacione7
975 2501 1095 2537 opere
1141 2497 1178 2525 et
1222 2489 1429 2526 sermone?
1474 2491 1522 2525 Et

216 2688 332 2744 cion2e9.
353 2682 381 2709 A
400 2681 430 2710 in
451 2689 565 2717 marg:
586 2680 755 2709 Iohannes.
828 2680 874 2715 34.
896 2682 940 2708 A:
961 2680 1126 2716 superfluis
1144 2682 1207 2708 sed.
1281 2679 1324 2716 37.
1345 2682 1390 2709 A:
1412 2682 1521 2717 cogni-

286 2798 338 2820 20.
364 2788 484 2820 Matth.
513 2789 551 2829 V,
579 2789 727 2831 33—37.

1344 2857 1380 2880 12
