2003 3322
212 210 300 238 CAP.
321 201 374 255 x]
682 212 894 243 SECUNDA
923 212 1050 243 PARS.

210 320 310 355 ferat
356 319 409 354 eis
458 331 553 363 esse,
606 319 737 354 vivere
783 328 818 354 ct
863 319 1055 365 graciam,
1102 332 1191 354 cum
1238 319 1343 366 ipsos
1390 321 1527 366 puniat

211 377 402 424 graciose.
451 376 527 423 Ipsi
561 386 696 412 tamen
729 386 938 424 tamquam
972 389 1054 411 non
1089 376 1377 423 participantes
1411 390 1523 413 suan]

212 435 379 482 gloriam
425 443 515 470 511111
561 447 582 469 a
630 434 876 470 beatitudine
921 434 1065 470 remoti
1114 447 1194 470 11011
1235 434 1418 470 localiter
1457 437 1525 471 sed

211 491 556 529 condicionalites.
603 494 650 528 Et
689 491 745 527 sic
786 501 842 527 est
877 494 981 528 Deus
1015 504 1079 528 rex
1115 505 1251 528 eorum
1288 501 1330 528 ut
1364 505 1428 528 rex
1463 506 1524 529 ce-

177 553 347 588 §coram
379 559 415 586 et
445 550 789 586 incarceratorum
816 549 958 598 quibus
981 563 1024 586 ex
1058 563 1129 586 sua
1145 550 1281 598 gracia
1313 551 1523 587 benefacit.

751 662 890 703 CAP.
921 662 985 702 X.

266 770 536 806 Crisostornus
588 778 722 806 autem
776 782 897 817 super
944 770 1020 806 isto
1065 778 1173 806 textu
1220 770 1276 806 sic
1321 771 1522 819 loquitur:

207 830 385 878 Regnum
421 828 497 863 Dei
528 835 583 863 est
615 828 826 863 retribucio
857 840 972 876 quam
1007 829 1199 876 accipiunt
1231 836 1298 864 aut
1330 829 1421 864 iusti
1444 842 1522 878 pro

207 886 383 922 mercede
414 886 560 922 iusticie
592 894 658 921 aut
675 893 904 934 peccatores
921 899 998 935 pro
1022 887 1135 935 culpa
1154 887 1317 935 peccati.
1343 888 1522 937 Regnum

153 958 191 979 10
207 945 281 979 Dei
313 944 493 979 dicuntur
524 951 559 979 et
590 944 725 990 sancti⁹
771 944 869 979 sicut
907 944 1093 992 scriptum
1136 952 1211 981 est:
1245 945 1297 979 Et
1335 945 1524 995 colligant

206 1003 252 1037 de
284 1014 406 1051 regno
453 1001 531 1037 eius
575 1002 765 1054 {iqannia⁹
808 1003 878 1037 lzoc
917 1009 985 1047 est,
1031 1003 1078 1037 de
1111 1003 1257 1051 populo
1298 1003 1520 1039 christiano.

207 1061 383 1109 Regnum
419 1059 493 1094 Dei
536 1060 678 1095 dicitur
720 1060 883 1108 iusticia,
926 1060 1025 1095 sicut
1063 1060 1243 1096 Christus
1289 1061 1400 1096 dicit:
1443 1061 1521 1096 Au-

194 1118 357 1166 feretur
401 1131 422 1153 a
469 1118 574 1153 vobis
619 1130 784 1167 regnum
823 1118 901 1152 Dei
945 1125 980 1153 et
1025 1118 1181 1154 dabitur
1218 1119 1327 1168 genti
1353 1119 1526 1167 facienti

194 1177 357 1224 fructus
394 1176 482 1211 eius.
530 1177 590 1211 De
628 1176 801 1211 omnibus
834 1188 929 1211 unus
961 1183 1016 1211 est
1048 1176 1274 1213 intellectus.
1318 1177 1436 1212 Aliud
1468 1185 1523 1213 est

153 1241 187 1271 15
205 1246 339 1283 regem
363 1246 456 1280 esse,
487 1234 594 1269 aliud
616 1241 671 1270 est
694 1246 875 1283 regnare.
912 1233 1013 1269 Ecce
1035 1234 1133 1270 enim
1157 1235 1264 1270 Deus
1288 1235 1523 1271 naturaliter

205 1304 281 1327 rex
312 1298 367 1327 est
397 1292 467 1328 sed
499 1304 570 1327 non
605 1292 640 1327 in
674 1292 848 1327 omnihus
881 1299 1036 1341 regnat,
1084 1305 1151 1327 nec
1184 1305 1314 1328 omnes
1347 1293 1518 1329 homines

207 1357 295 1385 sunt
338 1362 503 1400 regnum
550 1350 641 1396 eius,
687 1349 775 1397 quia
822 1361 887 1385 nec
916 1350 1076 1397 faciunt
1115 1362 1245 1386 omnes
1284 1352 1517 1386 voluntatem

204 1408 295 1451 eius,
344 1420 430 1443 nanz
471 1408 506 1442 in
548 1407 685 1456 iniquis
723 1407 939 1443 hominihus
978 1420 1050 1443 non
1091 1409 1197 1444 Deus
1237 1409 1305 1444 sed
1344 1409 1519 1445 diabolus

204 1473 358 1515 regnat,
402 1465 508 1501 cuius
537 1466 695 1514 faciunt
734 1465 983 1512 voluntatem,
1024 1473 1063 1501 ut
1094 1466 1291 1515 sapienter
1330 1467 1384 1502 ait
1415 1467 1517 1516 Apo-

148 1541 188 1561 20
202 1525 335 1571 stolus,
367 1524 515 1560 dicens:
537 1524 736 1559 Adversus
759 1530 930 1559 rectores
950 1524 1087 1559 mundi
1116 1524 1227 1560 huius
1249 1525 1498 1560 tenebrarum
1510 1540 1520 1560 .-

204 1594 275 1617 non
310 1582 432 1618 dixit.-
459 1582 660 1618 Adversus
682 1588 854 1617 rectores
876 1581 987 1617 huius
1010 1582 1144 1617 mundi
1163 1583 1430 1618 tantummodo
1452 1584 1521 1619 sed

204 1640 374 1675 addidit:
405 1640 546 1675 Mundi
582 1640 843 1686 tenebrarum,
881 1639 971 1688 quia
1004 1652 1076 1676 non
1109 1640 1231 1676 tocius
1263 1641 1398 1676 mundi
1432 1648 1520 1676 sunt

205 1698 383 1734 demones
434 1698 580 1733 domini
620 1699 689 1734 sed
732 1698 999 1734 tantummodo
1039 1699 1285 1734 tenebrarum
1326 1711 1395 1747 que
1432 1706 1520 1734 sunt

203 1756 239 1791 in
274 1757 441 1801 nzund0;
471 1756 625 1791 tenebre
657 1762 784 1791 autem
817 1756 952 1791 mundi
984 1756 1164 1791 dicuntur
1197 1757 1369 1792 homines
1402 1757 1520 1805 iniqui

148 1821 186 1852 25
205 1821 240 1850 et
289 1814 414 1849 sancti
458 1814 529 1849 lux
580 1814 714 1849 mundi
749 1814 1011 1862 appellantur)
1054 1814 1152 1850 sicut
1195 1814 1249 1849 ait
1293 1814 1519 1864 Apostolus.-

203 1872 347 1908 Fuistis
385 1872 593 1920 aliquando
632 1872 798 1917 tenebre,
842 1884 940 1907 nunc
979 1879 1107 1908 autem
1149 1872 1220 1908 lux
1258 1872 1293 1907 in
1332 1873 1516 1917 Domino,

203 1930 288 1978 quia
321 1930 418 1966 sicut
438 1942 513 1979 per
543 1937 696 1966 sanctos
720 1930 827 1965 Deus
859 1930 1072 1965 ostenditur
1104 1930 1139 1965 in
1173 1931 1244 1966 hoc
1276 1931 1432 1977 mundo,
1464 1931 1518 1966 sic

197 2000 273 2036 per
318 1988 465 2037 iniquos
503 1988 675 2024 homines
713 1988 957 2023 obscuratur.
1007 1988 1059 2023 Et
1093 1995 1324 2037 potestatem
1364 1988 1515 2037 quidem

202 2046 314 2081 hahet
345 2046 452 2082 Deus
475 2046 510 2081 in
544 2046 760 2081 hominihus
792 2053 827 2080 et
853 2046 1023 2094 perdere
1056 2058 1197 2093 omnes,
1230 2046 1264 2082 si
1296 2047 1387 2093 vult,
1421 2047 1517 2082 sicut

147 2111 188 2141 30
202 2111 237 2139 et
288 2104 411 2152 ipsum
460 2104 675 2152 principem
725 2110 975 2152 peccatorum
1022 2104 1237 2143 diabolum:
1289 2117 1375 2139 nam
1420 2104 1517 2140 sicut

204 2162 379 2197 diabolus
402 2174 485 2197 cum
509 2162 557 2197 sit
580 2162 614 2196 in
634 2168 825 2210 potestate
847 2162 934 2207 Dei,
967 2169 1093 2198 tamen
1127 2162 1304 2210 quoniam
1331 2170 1514 2211 quantum

203 2220 254 2254 ad
280 2220 524 2269 propositum
558 2232 668 2255 51111771
703 2232 775 2255 71071
810 2220 891 2254 vult
923 2231 1002 2256 esse
1033 2220 1120 2266 Dei,
1160 2220 1243 2256 ideo
1276 2232 1348 2256 non
1382 2228 1437 2256 est
1470 2221 1516 2255 de

203 2289 325 2326 regno
348 2277 436 2324 Dei,
467 2278 521 2313 sic
553 2285 587 2313 et
620 2290 749 2313 omnes
766 2284 1005 2326 peccatores,
1036 2278 1210 2326 quamvis
1243 2278 1319 2313 sint
1351 2278 1386 2313 in
1404 2285 1514 2327 pote-

80 2339 159 2373 38'3'0
201 2342 299 2370 state
331 2335 418 2381 Dei,
447 2331 451 2387 Ι
481 2343 606 2371 tamen
640 2336 725 2383 quia
759 2336 892 2370 nolunt
924 2347 1003 2371 esse
1034 2337 1102 2371 sub
1127 2336 1211 2371 Deo
1245 2348 1318 2372 non
1350 2343 1437 2371 sunt
1470 2337 1516 2372 de

147 2401 186 2431 35
204 2405 327 2443 regno
360 2393 453 2438 Dei;
498 2406 584 2428 nam
626 2405 715 2429 vere
755 2401 842 2428 tunc
876 2406 1040 2443 regnum
1074 2394 1215 2430 iustum
1250 2401 1316 2439 est,
1361 2395 1514 2443 quando

203 2458 238 2486 et
276 2463 351 2486 rex
389 2451 470 2486 vult
502 2451 674 2487 homines
712 2452 854 2487 hahere
892 2452 959 2487 suh
998 2464 1038 2487 se
1077 2459 1111 2487 et
1149 2452 1321 2488 homines
1360 2452 1515 2501 cupiunt

270 2620 294 2648 5.
316 2620 359 2647 A:
387 2620 496 2655 quibus
516 2628 555 2647 ex
573 2629 631 2648 sua
651 2620 765 2657 gracia
786 2620 885 2647 twice.
994 2629 1020 2655 7.
1042 2623 1070 2648 A
1090 2621 1120 2648 111
1142 2629 1256 2655 marg:
1291 2621 1516 2653 Cris-osanam,-

202 2654 222 2680 Β
244 2655 272 2681 111
295 2663 409 2688 marga
432 2664 477 2682 10.
552 2656 591 2682 18.
615 2656 652 2682 15:
673 2663 733 2682 71011
755 2658 802 2682 est
821 2656 911 2682 Deus.
999 2662 1042 2689 22,
1064 2655 1105 2682 23.
1129 2657 1172 2682 A:
1195 2657 1267 2691 quia
1287 2672 1319 2675 -
1340 2664 1398 2691 que
1418 2656 1512 2683 deest.

200 2690 245 2716 20¹.
268 2690 306 2716 15:
328 2690 435 2717 Ectam
450 2692 633 2725 potestatem
654 2691 785 2726 quidem

271 2784 301 2814 7.
329 2775 395 2815 Op.
415 2775 511 2815 Imp„
533 2774 552 2805 l.
572 2784 598 2805 c.
619 2785 650 2815 p.
669 2775 748 2805 610.
852 2785 898 2805 11.
918 2774 1037 2805 Mauh.
1056 2774 1145 2814 ΧΙΙΙ,
1169 2784 1225 2814 41.
1326 2777 1373 2807 13.
1393 2774 1512 2805 Matth.

199 2820 285 2859 XXI,
308 2822 363 2860 43.
461 2830 512 2851 20.
543 2820 628 2862 Eph.
655 2821 707 2859 vl,
738 2830 786 2851 12.
884 2819 936 2852 26.
962 2820 1051 2862 Eph.
1082 2821 1119 2860 V,
1146 2822 1177 2851 ὅ.

1312 2878 1369 2909 154-

1735 207 1811 253 275

1569 780 1784 817 Cllryzostom.

1567 1243 1636 1270 God
1658 1244 1683 1270 15
1705 1245 1778 1279 king

1567 1285 1640 1304 over
1660 1279 1708 1309 all,
1731 1279 1783 1306 but

1546 1312 1648 1347 reigns
1669 1314 1740 1349 only
1761 1313 1791 1341 in

1558 1347 1608 1373 the
1629 1347 1788 1382 righteous

1568 1382 1639 1409 who
1661 1383 1701 1409 do
1721 1383 1776 1410 His

1641 1417 1711 1445 will.
