2003 3322
168 213 259 242 CAP.
278 204 404 259 xmn]
644 215 857 247 SECUNDA
885 215 1010 246 PARS.

157 321 380 370 forciorem
413 333 498 356 eum
523 320 642 356 voluit
673 332 756 355 esse
787 320 823 355 in
855 332 908 366 se,
943 319 982 354 id
1014 326 1080 364 est,
1116 319 1151 354 in
1180 318 1348 355 Christo.
1384 320 1485 355 Nam

167 378 289 414 sciens
321 379 430 414 Deus
461 378 549 426 quia
582 389 820 427 cognoscere
852 384 887 413 et
919 377 1046 413 colere
1078 377 1207 412 Deum
1242 377 1319 412 vita
1353 384 1485 412 eterna

168 443 234 481 est,
270 436 458 486 ignorare
490 443 617 471 autem
651 447 735 471 eum
770 442 805 470 et
837 442 1108 484 contempnere
1134 434 1313 483 perdicio
1345 435 1485 483 sempi-

166 501 290 539 terna,
335 494 418 529 ideo
464 505 530 529 nec
573 493 624 528 ita
669 493 867 542 infirmum
912 505 995 528 eum
1035 492 1195 537 creavit,
1248 499 1287 527 ut
1332 492 1487 528 omnino

43 557 122 598 397ο
167 551 286 587 nichil
316 551 564 599 bonisacere
591 550 718 599 possit
746 546 750 601 Ι
780 562 898 598 neque
929 557 969 585 ut
1000 550 1065 586 ille
1087 562 1195 598 quem
1218 562 1338 598 super
1359 550 1486 585 omnia

167 617 202 645 et
227 616 395 658 propter
426 620 535 657 quem
569 608 694 644 omnia
717 609 877 656 fecerat
915 608 1090 643 omnibus
1127 608 1368 643 inveniretur
1405 619 1487 643 esse

168 666 350 713 deterior,
410 678 476 702 nec
519 666 570 702 ita
610 673 805 715 potentem
851 678 935 701 eum
980 666 1141 712 creavit,
1202 673 1243 700 ut
1285 665 1367 701 sine
1412 666 1490 700 Dei

166 724 316 760 auxilio
347 736 397 760 ex
424 736 465 759 se
492 724 574 773 ipso
586 725 730 772 facere
753 730 885 773 posset
914 724 1016 772 quod
1048 724 1140 769 vult,
1175 730 1215 758 ut
1246 723 1487 772 infirmitatis

166 794 233 818 sue
255 781 477 818 necessitate
500 789 654 817 coactus
676 793 829 830 semper
843 781 1102 817 necessarium
1127 781 1264 816 habeat
1288 781 1483 817 dominum

115 855 152 875 10
166 840 292 875 Deum
337 852 460 875 suum.
514 840 566 875 Et
614 851 704 875 vere
754 839 962 875 iustissima
1015 851 1078 875 res
1129 846 1184 874 est
1237 846 1277 873 ut
1317 839 1485 887 factura

167 898 426 933 necessarium
460 898 598 933 habeat
628 909 738 932 suum
763 897 978 945 factorem.
1014 897 1055 931 Si
1086 897 1184 931 enim
1214 897 1339 932 omnis
1362 897 1487 932 virtus

166 955 330 991 hominis
351 955 388 991 in
412 955 496 991 Deo
519 962 586 998 est,
619 962 654 990 et
681 962 808 990 tamen
839 955 1070 1004 contempnit
1099 954 1266 990 omnium
1297 955 1484 990 bonorum

165 1025 324 1049 suorum
369 1020 581 1059 auctorem,
634 1020 773 1061 quanto
821 1012 949 1062 magis
996 1012 1217 1062 negligeret
1259 1011 1402 1056 Deum,
1453 1012 1489 1048 si

162 1071 340 1119 potencia
387 1071 467 1106 eius
523 1078 641 1106 cesset
691 1071 727 1106 in
778 1070 892 1119 ipso?
941 1071 1017 1105 Aut
1062 1071 1131 1106 ita:
1192 1069 1382 1114 Quoniam
1435 1071 1487 1105 ad

114 1128 482 1178 &sanctificandam
517 1128 734 1164 oracionem
769 1129 932 1177 quedam
968 1128 1130 1163 dederat
1162 1128 1215 1164 eis
1247 1128 1487 1164 observande

167 1186 347 1222 bonitatis
368 1187 553 1222 mandata
578 1187 726 1222 dicens:
749 1186 878 1222 Nolite
900 1186 1073 1222 iudicare
1096 1193 1135 1220 ut
1158 1199 1230 1222 non
1254 1186 1486 1229 indicemini,

167 1251 427 1293 competenter
458 1244 630 1280 addidit:
662 1244 785 1280 Petite
816 1251 851 1280 et
884 1244 1041 1279 dabitur
1074 1243 1191 1290 vobis,
1225 1251 1421 1292 tamquam
1453 1244 1488 1280 si

167 1302 289 1338 dicat.-
321 1303 364 1337 Si
394 1302 492 1338 hanc
523 1303 769 1338 clemenciam
801 1302 1053 1338 servaveritis
1086 1302 1138 1337 ad
1166 1302 1338 1337 inimicos
1373 1313 1485 1350 quam

167 1360 354 1396 mandavi
391 1360 510 1405 vohis,
555 1360 733 1408 quicquid
772 1360 899 1403 vultis,
939 1360 1058 1409 petite
1101 1367 1135 1395 et
1181 1360 1337 1395 dabitur
1382 1360 1487 1395 vobis

111 1430 152 1450 20
167 1425 202 1454 et
232 1418 413 1467 quicquid
445 1418 674 1454 desideratis
712 1418 896 1462 invenire,
933 1417 1081 1466 querite
1114 1424 1148 1453 et
1180 1417 1387 1453 invenietis.
1434 1418 1487 1453 Et

164 1476 351 1525 quidquid
404 1476 576 1512 clausum
631 1475 738 1512 vobis
789 1475 955 1521 videtur,
1002 1476 1158 1524 pulsate
1210 1482 1245 1510 et
1288 1475 1487 1524 aperietur

167 1534 285 1580 vobis,
317 1534 457 1583 gracia
491 1546 558 1569 vos
584 1541 852 1582 prosequente,
881 1533 1000 1582 petite
1016 1533 1199 1582 precibus
1228 1533 1289 1569 die
1311 1545 1356 1568 ac
1378 1540 1487 1569 nocte

165 1599 342 1636 orantes,·
373 1592 475 1640 quod
495 1592 529 1627 si
550 1591 861 1627 misericordiam
894 1603 1003 1627 suam
1030 1591 1282 1640 protraxerit
1304 1591 1411 1626 Deus
1434 1592 1485 1626 ad

165 1656 318 1698 tempus
370 1649 500 1685 volens
552 1656 743 1698 temptare
793 1649 1053 1685 constanciam
1095 1648 1198 1698 fidei
1248 1656 1320 1695 tue,
1374 1656 1412 1684 tu
1464 1662 1485 1684 a

110 1707 412 1756 25petici0nibus
444 1708 518 1743 tuis
550 1719 622 1743 non
656 1707 829 1743 recedas.
865 1707 972 1742 Sicut
1004 1707 1101 1743 enim
1135 1707 1199 1755 qui
1230 1719 1320 1742 vere
1351 1707 1486 1750 esurit,

165 1772 243 1800 tam
278 1765 342 1800 diu
370 1765 466 1814 petit
499 1765 636 1812 cibum,
670 1766 789 1801 donec
821 1765 980 1814 impleat
1012 1764 1274 1800 necessitatem
1308 1765 1487 1813 corporis

165 1823 226 1859 sui
262 1835 328 1858 nec
362 1830 491 1872 potest
529 1835 702 1859 cessare:
740 1823 945 1859 necessitas
977 1822 1075 1858 enim
1109 1830 1225 1872 urget
1259 1835 1357 1868 eum,
1398 1823 1485 1871 quia

164 1881 245 1916 sine
288 1880 369 1916 cibo
414 1881 543 1916 vivere
586 1893 658 1916 non
690 1888 840 1929 potest;
881 1881 933 1916 ita
978 1888 1013 1916 et
1049 1880 1115 1930 qui
1157 1892 1247 1915 vere
1290 1880 1487 1916 desiderat

164 1938 344 1988 graciam
378 1939 454 1974 Dei
484 1951 638 1974 cessare
676 1951 749 1974 non
778 1945 917 1987 potest⁷
957 1939 1081 1974 sciens
1113 1938 1199 1986 quia
1238 1939 1370 1974 salvus
1390 1938 1488 1987 fieri

110 1998 151 2029 30
166 2008 238 2031 non
267 2003 396 2045 potest
427 1996 507 2032 sine
538 1996 680 2046 gracia
712 1997 799 2032 Dei.

223 2054 300 2088 Aut
322 2054 468 2102 querite
490 2054 780 2104 interrogantes
808 2054 1031 2090 sacerdotes
1060 2060 1282 2101 ceterosque
1305 2053 1487 2089 habentes

165 2111 455 2160 scripturarum
494 2112 757 2160 spiritualium
797 2112 1017 2156 scienciam,
1055 2111 1153 2146 sicut
1187 2111 1362 2159 precepit
1406 2111 1485 2154 lex,

165 2169 368 2219 interroga
408 2177 562 2218 patrem
605 2177 710 2205 tuum
757 2177 791 2205 et
835 2170 934 2205 dicet
976 2169 1063 2213 tihi;
1110 2169 1283 2205 seniores
1319 2176 1404 2204 tuos
1452 2175 1487 2204 et

166 2228 450 2263 annunciabunt
501 2228 578 2263 tibi.
639 2227 800 2271 Querite
851 2228 979 2263 studio
1042 2234 1077 2262 et
1129 2227 1263 2262 labore
1315 2226 1487 2276 legentes

110 2286 149 2318 35
165 2285 386 2333 scripturas
436 2285 537 2335 legis
587 2292 622 2320 et
666 2285 965 2334 prophetarum.
1020 2284 1122 2320 Nam
1169 2285 1276 2319 Deus
1320 2284 1373 2319 ita
1419 2296 1487 2319 nos

167 2343 356 2391 disposuit
388 2355 482 2389 esse,
516 2351 556 2378 ut
585 2343 780 2379 studentes
812 2350 847 2379 et
878 2343 1101 2378 laborantes
1133 2342 1237 2377 circa
1269 2342 1487 2390 scripturas

166 2413 238 2436 non
272 2401 526 2449 adquiramus
563 2401 726 2436 salutem
766 2401 926 2436 sciencie
957 2401 1039 2436 sine
1069 2400 1209 2450 gracia
1243 2399 1331 2445 Dei,
1371 2407 1411 2434 ut
1443 2411 1488 2434 ne

167 2458 272 2494 nobis
310 2459 542 2507 imputemus
581 2460 683 2507 quod
719 2459 875 2505 scimus,
921 2471 988 2494 nec
1026 2465 1153 2494 tamen
1191 2457 1370 2507 graciam
1417 2457 1486 2491 ad-

235 2639 260 2658 2.
281 2632 310 2658 A
330 2631 360 2658 in
383 2640 479 2667 marg.
501 2631 554 2659 inf.
576 2632 629 2659 fol.
651 2630 742 2667 39712:
767 2631 860 2667 Quod
879 2639 1070 2667 cognoscere
1090 2634 1119 2658 et
1139 2631 1352 2658 colereDeum
1368 2633 1414 2657 est
1425 2631 1488 2657 vita

166 2669 282 2697 eterna,
309 2666 466 2702 ignorare
490 2667 595 2701 itaque
620 2666 718 2693 Deum
745 2670 774 2693 et
799 2669 1014 2701 contempnere
1039 2669 1084 2693 est
1114 2665 1258 2701 perdicio
1291 2666 1486 2699 sempiterna.

167 2709 208 2735 107
230 2709 264 2728 11.
286 2700 506 2737 A:factorenz
524 2702 640 2728 scilicet
660 2701 769 2728 omnis.
843 2709 888 2735 27.
903 2702 947 2728 A:
969 2709 1036 2727 eum
1058 2701 1152 2727 deest.
1228 2707 1274 2734 29.
1298 2700 1335 2727 B:
1351 2700 1488 2735 gloriam

167 2736 236 2762 Dei.
309 2735 351 2763 35.
373 2736 446 2763 Ain
462 2744 576 2770 marg:
598 2735 678 2763 Nola
700 2737 789 2762 istum
807 2743 933 2771 possum
953 2736 1032 2769 (sic).
1106 2735 1150 2770 37.
1173 2736 1217 2761 A:
1240 2742 1301 2761 non
1324 2735 1418 2761 deest.

240 2819 292 2851 33.
319 2820 420 2850 Deus.
445 2820 578 2859 XXXII,
607 2830 638 2861 7.

1280 2875 1351 2906 26²-

1696 208 1772 253 403

1525 1054 1531 1059 ἢ
1578 1019 1688 1059 ,(30άέ

1524 1060 1703 1082 111C1tement
1724 1060 1754 1082 to

1580 1098 1701 1125 prayer.

1513 2060 1571 2089 We
1593 2067 1677 2089 must
1696 2063 1766 2090 seek

1503 2097 1541 2132 by
1561 2097 1726 2132 enquiring
1746 2100 1778 2125 ot

1547 2131 1634 2158 those
1655 2132 1726 2158 who

1532 2166 1623 2192 know
1645 2165 1743 2193 God's

1603 2202 1671 2227 law.
