2003 3322
222 191 309 219 CAP.
332 182 456 235 xxm]
693 196 903 228 SECUNDA
931 198 1055 232 PARS.
1734 196 1811 244 329

220 315 332 353 quam
366 304 487 354 igitur
520 303 639 339 dixit:
677 304 951 357 leesauriqate
989 305 1093 341 vobis
1135 305 1171 341 in
1210 306 1304 353 celo,
1347 308 1524 356 quoniam

218 362 281 397 ubi
300 363 504 398 thesaurus
525 369 611 397 tuus
621 361 764 409 fuerit,
796 362 847 397 ibi
867 363 940 398 erit
962 370 996 398 et
1018 375 1087 399 cor
1108 370 1228 410 tuum,
1258 365 1526 402 convenienter

217 420 433 456 subiunxit:
478 419 656 455 Lucerna
695 419 873 468 corporis
909 420 966 455 tui
1001 421 1133 457 oculus
1172 429 1258 457 tuus
1296 429 1363 458 est.
1409 423 1463 458 Et
1493 424 1527 459 si

218 478 350 513 oculus
388 485 474 513 tuus
496 476 626 525 fuerit
663 477 843 525 simplex,
888 485 1005 514 totum
1050 491 1192 527 corpus
1230 479 1397 515 lucidum
1440 482 1523 524 erit,

185 533 258 570 5ut
289 535 463 571 ostendat
485 535 548 583 qui
578 534 805 571 elemosinas
827 535 998 583 faciunt,
1031 548 1100 572 cor
1133 537 1268 573 debent
1299 538 1441 574 habere
1472 540 1523 574 ad

217 592 355 628 Deum.
407 592 483 636 Qui
528 600 653 628 autem
701 605 770 628 cor
813 593 925 629 habet
967 595 1019 629 ad
1056 595 1196 645 Deum,
1248 595 1351 632 illius
1392 597 1524 633 oculus

217 650 365 686 lucidus
397 657 463 696 est,
507 650 546 685 id
577 657 643 697 est,
677 650 779 686 illius
811 663 916 687 mens
947 651 1163 700 spiritualis
1195 654 1337 689 munda
1371 662 1426 691 est
1458 667 1524 691 nec

214 708 378 744 terrenis
410 708 726 756 concupiscenciis
755 709 931 755 sordida,
963 709 1060 745 sicut
1087 711 1274 759 scriptum
1308 719 1382 747 est:
1413 712 1526 748 Beati

216 767 357 802 mundo
390 766 507 801 corde
544 766 720 813 quoniam
761 766 835 814 ipsi
870 767 996 802 Deum
1036 767 1225 804 videbunt.
1281 769 1387 805 Sicut
1424 771 1520 806 enim

162 832 202 854 10
216 823 278 871 qui
306 836 452 873 graves
484 824 614 860 oculos
646 823 772 870 habet,
803 824 837 860 si
861 836 983 873 pones
1014 837 1097 861 eum
1130 826 1168 861 in
1198 826 1325 875 aliquo
1358 828 1521 864 obscuro

215 889 250 917 et
280 882 491 925 tenebroso,
523 881 660 917 melius
698 882 810 927 videt,
856 882 890 917 si
923 890 1048 918 autem
1082 896 1208 932 ponas
1245 897 1328 920 eum
1362 885 1398 921 in
1429 887 1521 933 sole,

213 939 329 975 nichil
360 939 474 985 videt,
506 939 593 988 quia
626 939 759 976 oculus
790 940 869 976 eius
900 952 972 976 non
1003 941 1140 989 suffert
1169 942 1262 978 solis
1293 944 1523 989 candorem;

212 997 266 1033 sic
294 1005 330 1033 et
363 997 476 1033 homo
500 997 707 1033 mundialis
729 997 793 1046 qui
813 998 976 1044 oculum,
1010 999 1049 1034 id
1081 1007 1146 1046 est,
1170 1007 1332 1036 mentem
1356 1002 1521 1038 terrenis

213 1054 414 1091 desideriis
444 1055 646 1091 sordidam
680 1055 794 1091 habet
825 1063 860 1091 et
891 1056 1162 1105 turbulentam,
1207 1058 1243 1093 si
1272 1070 1398 1107 ponas
1435 1071 1519 1095 eum

160 1119 196 1152 15
213 1112 248 1148 in
273 1113 386 1148 rebus
412 1113 683 1160 mundialibus,
703 1113 804 1162 sapit
835 1120 870 1149 et
901 1121 1049 1150 astutus
1071 1123 1137 1152 est.
1173 1115 1216 1150 Si
1236 1124 1361 1152 autem
1385 1118 1521 1153 trahas

213 1182 297 1206 eum
343 1171 395 1206 ad
437 1182 499 1207 res
540 1170 774 1219 spirituales,
820 1171 938 1207 nichil
978 1172 1090 1221 sapit,
1143 1174 1231 1222 quia
1269 1186 1375 1211 mens
1418 1175 1521 1212 illius

213 1228 415 1264 desideriis
461 1236 646 1278 corrupta
691 1229 856 1265 terrenis
899 1229 1043 1265 iusticie
1094 1231 1231 1267 bonum
1276 1245 1348 1269 non
1392 1234 1516 1269 sentit.

212 1286 299 1322 Non
335 1286 461 1332 sentit,
502 1286 607 1331 dico;
644 1299 716 1322 non
756 1287 852 1334 dico,
891 1287 1018 1323 nescit.
1065 1289 1145 1324 Scit
1186 1297 1310 1326 autem
1343 1291 1412 1327 sed
1442 1304 1515 1327 non
1548 1300 1615 1327 The
1634 1301 1718 1328 mind
1741 1306 1785 1329 set

210 1343 323 1380 sentit
353 1344 489 1380 bonum
522 1344 666 1380 iusticie
696 1345 782 1393 quia
816 1356 882 1381 nec
915 1346 1127 1382 delectatur
1164 1347 1199 1382 in
1233 1359 1298 1393 eo,·
1329 1361 1516 1397 preoccu-
1577 1343 1616 1362 ΟΠ
1638 1337 1755 1372 earthly

1531 1369 1634 1397 thinos
1655 1371 1729 1398 does
1756 1376 1809 1399 not

157 1419 199 1441 20
207 1409 343 1451 patum
375 1402 476 1438 enim
507 1402 619 1437 habet
649 1414 718 1438 cor
741 1403 843 1439 circa
868 1403 1160 1440 delectacionem
1185 1412 1394 1442 terrenam.
1435 1408 1517 1451 Que
1530 1404 1585 1431 feel
1599 1390 1656 1431 3¹1ss
1674 1406 1755 1440 good
1776 1407 1812 1434 0f

211 1467 299 1495 sunt
330 1459 365 1495 in
398 1459 504 1495 nobis
536 1460 718 1495 tenebre?
750 1461 891 1497 Sensus
923 1462 1102 1498 carnales
1133 1463 1308 1500 malivoli
1338 1472 1372 1500 et
1403 1465 1520 1514 iniqui
1548 1440 1789 1475 nghteousness.

209 1517 275 1566 qui
303 1529 456 1566 semper
487 1517 708 1553 desiderant
740 1530 809 1566 que
839 1526 927 1554 sunt
957 1520 1203 1556 tenebrarum
1237 1529 1272 1557 et
1303 1534 1376 1558 non
1409 1522 1516 1559 lucis.

88 1583 168 1625 390a
210 1575 253 1610 In
296 1587 368 1624 quo
412 1575 510 1611 enim
555 1576 630 1611 alio
677 1576 891 1612 delectatur
927 1575 931 1626 Ι
975 1578 1104 1613 carnis
1154 1587 1307 1625 natura,
1359 1580 1433 1617 nisi
1481 1581 1516 1616 in

209 1633 393 1679 avaricia,
417 1633 452 1668 in
476 1632 642 1680 libidine,
665 1633 701 1668 in
723 1634 916 1682 superbia,
945 1635 981 1670 in
1006 1636 1151 1672 deliciis
1173 1638 1382 1686 ceterisque
1403 1639 1517 1675 malis

154 1697 194 1730 25
210 1702 279 1738 que
311 1691 362 1726 ad
393 1691 633 1727 tenebrosam
666 1691 870 1742 caliginem
905 1701 1066 1729 mentem
1101 1694 1321 1731 deducant?
1364 1696 1417 1732 Et
1453 1697 1518 1746 qui

209 1748 389 1798 intelligit
419 1748 511 1797 quid
542 1756 596 1785 est
618 1750 719 1797 quod
740 1762 832 1786 caro
855 1751 1086 1800 concupiscit
1107 1753 1297 1790 adversus
1323 1755 1516 1804 spiritum,

209 1805 272 1841 ille
304 1806 484 1857 intelligit
515 1807 599 1855 quia
634 1807 787 1843 tenebre
817 1816 906 1844 sunt
938 1809 1068 1845 carnis
1100 1818 1250 1847 natura.
1294 1812 1370 1856 Qui
1389 1820 1515 1849 autem

209 1863 321 1899 habet
367 1864 518 1900 oculum
564 1865 746 1900 mundum
791 1873 826 1901 et
869 1874 1031 1902 mentem
1074 1868 1317 1917 spiritualem
1362 1871 1516 1907 celestia

207 1933 360 1971 semper
391 1922 647 1971 aspicientem,
681 1935 821 1972 corpus
852 1936 962 1960 suum
994 1933 1127 1961 servat
1159 1927 1340 1975 lucidum,
1379 1929 1418 1963 id
1449 1936 1515 1975 est,

153 1986 194 2018 30
207 1979 287 2015 sine
313 1987 486 2028 peccatO.
533 1980 576 2015 Si
606 1981 703 2016 enim
737 1993 829 2018 caro
863 1982 1059 2018 desiderat
1097 1995 1139 2019 ea
1171 1997 1243 2033 que
1268 1986 1516 2034 prediximus

208 2037 326 2083 mala,
370 2038 576 2073 secundum
621 2051 729 2074 suam
779 2046 958 2076 naturam
1003 2041 1116 2077 homo
1161 2043 1303 2079 habens
1354 2052 1515 2080 mentem

207 2095 372 2131 lucidam
407 2103 442 2130 et
471 2108 576 2144 spem
609 2097 661 2131 ad
682 2097 806 2132 Deum
830 2097 976 2133 iusticie
997 2099 1310 2137 consideracione
1332 2102 1517 2138 diiudicat

206 2164 289 2188 eam
346 2160 379 2188 et
435 2153 555 2188 divini
602 2154 753 2190 timoris
801 2155 943 2191 virtute
992 2164 1027 2192 et
1074 2169 1251 2194 sermone
1307 2160 1517 2208 repercutit

206 2222 289 2245 eam
323 2218 359 2246 et
389 2210 442 2246 sic
472 2212 647 2259 quamvis
679 2213 866 2248 nolentem
901 2221 1027 2249 tamen
1058 2223 1190 2250 servat
1222 2228 1305 2252 eam
1334 2218 1514 2261 lucidam,

151 2267 247 2306 35id
278 2275 346 2312 est,
376 2268 456 2304 sine
482 2277 655 2317 peccato.
691 2271 771 2306 Hec
804 2270 1087 2308 Crisostomus.

264 2325 429 2361 Videtur
462 2327 570 2374 quod
604 2326 666 2362 isti
700 2328 828 2364 sancti
862 2330 1047 2365 doctores
1072 2343 1162 2366 cum
1187 2331 1351 2379 aliquali
1382 2333 1514 2368 studio

207 2382 411 2430 reciproce
444 2396 483 2419 se
517 2393 734 2431 exponunt.

276 2606 304 2633 ς),
319 2600 348 2626 Λ
362 2599 390 2626 in
407 2607 519 2633 marg:
536 2599 617 2627 Nota
631 2601 808 2634 exemplum.
882 2610 921 2637 17-
938 2601 974 2629 B:
992 2603 1127 2629 terrenis
1140 2603 1234 2630 deest.
1307 2611 1346 2631 21.
1360 2605 1404 2631 A:
1417 2604 1514 2631 eciam

206 2633 314 2668 iniqui.
417 2633 459 2660 23.
480 2636 524 2661 A:
545 2635 635 2661 modo
655 2643 714 2670 quo
734 2636 824 2662 enim.
924 2637 1037 2664 25—28.
1059 2639 1102 2664 A:
1124 2642 1252 2664 mentem
1271 2654 1304 2657 —-
1324 2639 1467 2665 mundum
1487 2643 1516 2666 et

206 2667 300 2694 deest.
391 2676 434 2702 27.
458 2669 495 2695 ss:
523 2669 646 2695 tenebre
665 2673 717 2696 est.
809 2669 850 2704 33,
871 2669 918 2704 34.
940 2672 983 2698 A:
1012 2675 1041 2698 el
1060 2672 1216 2699 dominum
1234 2688 1267 2691 -—
1287 2681 1352 2699 eam
1373 2677 1400 2700 et.
1420 2674 1513 2700 deest.

206 2700 249 2736 37.
271 2702 292 2728 Β
313 2703 342 2728 in
365 2711 477 2737 marg.:
500 2710 553 2738 23.

275 2808 307 2839 8.
334 2809 451 2840 Matth.
478 2810 519 2848 V,
546 2809 577 2841 8.
675 2810 727 2842 25.
756 2811 829 2842 Gal.
858 2812 898 2849 V,
930 2822 979 2853 17.
