2003 3322
165 228 246 262 260
869 235 988 266 opos
1013 234 1350 267 EVANGELICUM
1581 221 1691 278 [CAP.
1711 232 1764 261 v1.

984 349 1124 390 CAP.
1157 349 1240 393 VI.

188 453 412 489 chrysostom:
515 445 786 481 Crisostomus
820 453 954 481 autern
988 457 1107 493 super
1138 444 1215 481 isto
1249 454 1356 481 textu
1388 445 1443 481 sie
1475 444 1673 493 loquitur:
1714 445 1767 480 Tu

174 488 435 560 (ῗξιῖὲζζῇξῃχῗῇρξζθ
456 511 582 539 autem
627 516 711 539 cum
757 515 861 539 oras.
925 504 978 538 Tu
1022 503 1087 552 qui
1129 503 1185 539 vis
1229 511 1269 539 ut
1307 503 1547 549 exaudiaris,
1606 515 1679 539 non
1729 510 1769 538 ut

165 568 316 622 weaissmiff
331 559 443 620 ξ’ῃξῖῠθΥ
459 561 639 607 videaris,
687 561 751 609 qui
787 573 867 597 esse
905 561 961 597 vis
1009 561 1216 596 laudabilis
1259 574 1332 597 non
1370 573 1584 611 apparere;
1626 561 1690 609 qui
1731 561 1766 596 in

166 629 333 668 hem-pand
355 628 439 655 mind
456 620 615 655 auribus
647 619 724 654 Dei
753 619 935 668 loqueris,
968 631 1041 654 non
1079 619 1287 655 hominum.
1334 620 1441 655 Intra
1479 619 1515 654 in
1554 619 1801 655 cubiculum5

228 665 301 691 W¹¹¹¹
324 672 369 690 ³³²
455 684 561 712 tuum
595 684 630 713 et
662 677 798 713 claude
830 677 967 713 ostium
1002 684 1120 712 tuum.
1160 677 1207 712 Ut
1239 688 1348 712 nemo
1379 677 1429 712 sit
1460 677 1512 712 ibi
1542 676 1616 712 nisi
1645 684 1684 712 tu
1707 677 1770 725 qui

455 747 547 771 oras
579 742 614 770 et
645 735 710 771 ille
740 747 850 784 quem
884 747 976 770 oras
1008 742 1043 770 et
1076 742 1115 769 ut
1145 734 1238 783 quid
1270 742 1391 770 tecum
1424 734 1472 770 sit
1504 735 1606 770 alter
1632 742 1770 783 preter

455 805 538 828 eum
563 805 672 841 quem
696 793 955 828 necessarium
979 793 1106 828 habes.
1147 792 1268 828 Testis
1291 793 1388 828 enim
1412 799 1586 828 orantem
1609 799 1769 843 gravat,

455 863 529 887 non
573 851 747 897 adiuvat,
800 850 887 899 quia
926 850 1033 886 Deus
1077 850 1322 886 oracionibus
1364 863 1438 886 non
1483 850 1660 900 exigitur
1702 850 1771 886 sed

449 909 647 958 placatur.
681 909 857 944 Alterum
882 908 966 944 dico
989 908 1151 944 alterius
1173 908 1315 947 cordis.
1356 908 1433 952 Qui
1451 915 1577 944 autem
1601 908 1769 944 eiusdem
1790 923 1829 944 10

454 974 542 1002 sunt
583 966 714 1002 cordis
751 966 823 1002 etsi
851 965 965 1002 multi
995 966 1153 1014 fuerint
1196 973 1375 1002 oratores
1413 978 1509 1002 unus
1539 973 1639 1010 sunt,
1682 966 1769 1015 quia

456 1037 551 1060 unus
572 1024 734 1073 spiritus
756 1025 792 1059 in
816 1024 989 1060 omnibus
1011 1023 1088 1059 illis
1111 1031 1177 1070 est,
1196 1024 1292 1060 sicut
1316 1024 1458 1060 dictum
1481 1031 1557 1060 est:
1591 1024 1768 1059 Omnium

455 1090 581 1118 autem
621 1082 864 1118 credencium
898 1089 984 1117 erat
1015 1094 1084 1118 cor
1116 1094 1231 1117 unum
1265 1089 1300 1118 et
1333 1082 1463 1118 anima
1496 1094 1583 1121 una,
1629 1082 1771 1118 Melius

455 1140 552 1176 enim
576 1140 834 1189 spiritualiter
855 1140 1128 1189 intelliguntur
1150 1140 1201 1175 ad
1222 1140 1383 1177 animas.
1424 1140 1648 1175 Cubiculum
1672 1140 1769 1175 enim

455 1206 511 1234 est
553 1210 622 1234 cor
666 1198 725 1233 vel
762 1198 976 1233 intellectus
1008 1197 1182 1241 interior,
1227 1197 1267 1232 id
1298 1205 1365 1244 est,
1403 1196 1630 1247 spiritualis,
1674 1198 1827 1234 sicut15

456 1256 645 1306 scriptum
669 1263 724 1292 est
747 1255 905 1292 Psalmo
929 1256 1022 1302 JV0,
1044 1253 1088 1291 5.·
1126 1255 1203 1299 Qui
1223 1255 1348 1291 dicitis
1370 1255 1406 1291 in
1429 1255 1611 1292 cordibus
1633 1255 1772 1292 vestris

455 1322 523 1351 etc.
578 1313 725 1350 Ostium
765 1321 892 1349 autem
933 1313 1010 1349 eius
1043 1320 1099 1349 est
1129 1326 1261 1350 sensus
1292 1314 1464 1349 carnalis
1495 1313 1672 1350 exterior
1698 1326 1773 1363 per

454 1384 564 1422 quem
599 1372 727 1407 omnia
760 1372 858 1408 bona
891 1372 952 1407 vel
983 1372 1088 1407 mala
1120 1384 1238 1420 super
1270 1371 1438 1407 animam
1472 1371 1632 1417 intrant,
1676 1372 1773 1408 sicut

455 1431 490 1466 in
515 1430 683 1465 Canticis
705 1441 755 1466 ex
771 1442 941 1479 persona
965 1430 1122 1465 ecclesie
1139 1429 1340 1478 Sapiencia
1359 1429 1470 1466 dicit:
1490 1430 1593 1466 Ecce
1614 1429 1774 1466 dilectus

455 1501 561 1524 meus
594 1488 728 1537 pulsat
766 1487 926 1524 ostium:
962 1488 1086 1536 Aperi
1122 1488 1217 1523 mihi
1251 1500 1369 1523 soror
1407 1500 1490 1524 mea
1522 1495 1558 1523 et
1583 1488 1773 1538 proxima
1791 1503 1833 1523 20

456 1559 552 1583 mea.
588 1546 724 1582 Pulsat
754 1553 881 1582 autem
904 1546 1083 1582 Christus
1115 1546 1305 1581 hominem
1339 1546 1593 1582 christianum
1616 1553 1683 1582 aut
1698 1558 1775 1595 per

455 1604 675 1653 scripturas
713 1604 864 1639 diuinas
901 1611 967 1639 aut
1004 1604 1123 1639 bonas
1156 1603 1416 1653 cogitaciones
1446 1616 1565 1652 super
1597 1616 1665 1640 cor
1697 1604 1775 1640 eius

458 1662 652 1705 inducens,
686 1669 721 1697 et
743 1662 814 1697 iste
836 1662 901 1710 qui
920 1662 1079 1710 suscipit
1101 1673 1164 1697 eas
1186 1661 1314 1710 aperit
1341 1661 1510 1698 Christo.
1551 1662 1628 1706 Qui
1647 1668 1774 1697 autem

456 1720 630 1769 expellit,
657 1720 823 1764 claudit,·
855 1720 954 1755 iubet
986 1719 1120 1769 igitur,
1154 1727 1195 1755 ut
1225 1719 1352 1755 anima
1385 1719 1609 1756 interiorem
1642 1720 1774 1770 ingre*

457 1778 589 1814 diatur
638 1778 871 1813 intellectum
925 1779 1077 1826 quando
1121 1785 1222 1824 orat,
1268 1785 1308 1813 ut
1353 1777 1471 1813 nichil
1514 1778 1659 1828 cogitet
1703 1777 1832 1813 nisi25

457 1837 503 1872 de
543 1848 614 1884 quo
653 1843 741 1871 orat
773 1843 809 1871 et
841 1847 949 1884 quem
983 1843 1084 1882 orat,
1120 1843 1158 1871 ut
1191 1836 1352 1871 claudat
1383 1835 1522 1871 ostium
1555 1848 1687 1872 sensus
1718 1835 1779 1872 sui

456 1894 639 1940 carnalis,
679 1901 719 1929 ut
751 1906 881 1930 omnes
919 1894 1178 1943 cogitaciones
1216 1893 1394 1929 carnales
1432 1900 1466 1929 et
1498 1893 1776 1929 sollicitudines

457 1952 591 1988 mundi
631 1952 754 2000 foras
795 1952 991 1987 excludat.
1052 1952 1095 1987 Si
1135 1959 1261 1987 autem
1305 1964 1422 1987 orans
1467 1952 1514 1987 de
1554 1952 1776 1987 carnalibus

457 2010 571 2046 rebus
626 2010 876 2060 cogitaveris,
936 2022 1009 2045 non
1054 2010 1223 2046 introisti
1270 2009 1495 2045 interiorem
1541 2010 1774 2045 intellectum

457 2080 523 2104 nec
556 2068 730 2104 clausisti
760 2068 898 2104 ostium
931 2080 1084 2112 sensus;
1115 2075 1151 2103 et
1182 2068 1266 2103 ideo
1300 2068 1414 2103 tacite
1445 2080 1530 2103 cum
1564 2067 1774 2118 cogitacio·
1792 2072 1833 2104 30

457 2127 565 2162 nibus
602 2126 809 2176 superfluis
842 2126 971 2161 anima
1004 2126 1160 2174 loquens
1192 2125 1418 2162 oracionum
1447 2126 1582 2174 perdit
1613 2133 1773 2175 tempus.

457 2185 674 2220 Secundum
709 2185 780 2220 hoc
813 2191 848 2219 et
879 2183 976 2219 illud
1006 2183 1184 2233 superius
1216 2183 1384 2233 intelligi
1409 2191 1549 2232 potest.
1583 2184 1625 2218 In
1649 2183 1774 2219 media

457 2250 583 2278 autem
617 2254 832 2292 synagoga
866 2249 955 2277 orat
987 2242 1050 2290 qui
1079 2242 1115 2277 in
1146 2241 1270 2277 medio
1294 2241 1549 2277 multitudinis
1579 2241 1773 2277 malarum

457 2300 741 2350 cogitacionum
796 2307 883 2335 orat
935 2300 1100 2348 undique
1152 2299 1408 2335 mundialibus
1454 2299 1775 2335 sollicitudinibus

457 2358 731 2394 circumdams.
784 2358 948 2401 Quando
983 2358 1079 2393 enim
1120 2370 1239 2394 orans
1276 2357 1428 2407 cogitas
1468 2358 1514 2393 de
1546 2369 1685 2404 uxore,
1730 2357 1776 2393 de
1791 2360 1830 2393 35

446 2416 559 2465 filiis,
594 2416 638 2451 de
672 2415 883 2465 mancipiis,
914 2412 918 2468 l
949 2416 994 2451 de
1029 2416 1157 2461 domo,
1191 2416 1237 2451 de
1263 2415 1584 2465 possessionibus,
1631 2415 1677 2451 de
1705 2427 1773 2464 pe·
1814 2416 1895 2451 382R

458 2474 624 2521 coribus,
670 2474 716 2509 de
754 2474 909 2520 milicia,
958 2474 1004 2509 de
1043 2474 1164 2521 lucro,
1213 2474 1258 2520 de
1296 2473 1434 2522 capsis,
1481 2473 1535 2521 (et
1573 2473 1649 2508 alia
1687 2479 1775 2508 sunt

527 2639 552 2658 2.
579 2632 607 2658 A
633 2631 662 2658 in
693 2638 807 2665 marg:
836 2630 1054 2657 Crisostomus.
1161 2639 1190 2663 4.
1218 2630 1256 2657 Β;
1283 2638 1342 2666 que
1368 2630 1407 2657 in.
1518 2630 1545 2657 6.
1576 2630 1620 2656 A:
1646 2629 1685 2656 sit
1708 2629 1772 2656 tibi.

457 2666 484 2693 8.
500 2667 543 2693 A:
560 2666 639 2693 enim
654 2666 747 2692 deest.
823 2673 861 2698 12,
875 2664 911 2692 13.
926 2665 963 2692 B:
981 2664 1190 2692 Multitudinis
1201 2668 1303 2692 autem
1315 2665 1521 2692 credencium.
1596 2671 1636 2699 19.
1651 2665 1694 2691 A:
1710 2672 1775 2691 esse

458 2701 593 2728 dilectus.
703 2700 745 2727 25.
779 2700 823 2727 A:
863 2700 1009 2739 quoniam
1042 2702 1123 2727 orat.
1234 2698 1276 2726 32.
1307 2699 1424 2727 Codd.:
1458 2703 1488 2726 et
1518 2699 1612 2726 deest.
1644 2698 1773 2726 Addidi.

458 2734 497 2762 35.
519 2737 562 2762 A:
587 2735 648 2770 Qui
667 2735 756 2762 enim.
830 2733 876 2769 36,
899 2733 943 2769 37.
965 2736 1009 2761 A:
1030 2735 1070 2761 de
1084 2734 1281 2770 peccoribus.

529 2818 558 2838 2.
580 2808 679 2849 Opus
698 2807 795 2848 Imp„
816 2807 835 2838 l.
856 2817 883 2838 c.
903 2817 934 2848 p.
954 2806 1034 2850 809.
1108 2808 1136 2840 3.
1165 2806 1355 2846 Matth.V1,
1374 2805 1404 2837 6.
1483 2815 1532 2837 12.
1551 2807 1624 2836 Act.
1647 2806 1700 2845 lV,
1720 2806 1770 2838 32.

464 2864 509 2896 ¹9·
539 2854 636 2885 Cant.
664 2854 704 2893 V,
733 2864 762 2884 2.
