2003 3322
199 217 288 244 CAP.
315 206 409 263 xm]
667 218 878 249 SECUNDA
906 218 1031 249 PARS.

197 338 236 362 se
267 326 454 361 abstinent
479 331 659 373 quantum
689 324 735 359 ab
770 323 874 359 omni
900 331 985 359 actu
1021 323 1158 372 iniquo,
1195 324 1372 372 quoniam
1407 324 1504 359 sicut

197 383 301 419 cibus
334 395 487 418 carnem
518 382 693 427 delectat,
730 381 784 417 sic
822 393 931 416 omne
968 381 1111 417 malum
1152 381 1315 417 delectat
1352 394 1501 417 sensum

196 441 333 477 carnis.
377 440 479 484 Quid
509 440 637 490 ergo?
674 439 837 481 Quando
861 439 1083 487 ieiunamus7
1104 439 1356 487 infundamus
1379 440 1501 475 oleum

195 499 313 547 capiti
332 505 476 544 nostro,
508 509 596 533 vere
619 509 755 532 vanum
780 504 847 543 est,
880 497 1052 533 lavemus
1063 497 1193 545 facies
1215 504 1369 533 nostras
1390 510 1501 546 aqua.

162 559 178 591 5
194 556 246 591 Et
268 556 349 604 quis
363 556 475 604 facie
496 567 568 591 non
592 555 720 591 lavata
736 554 946 603 procedit?
971 554 1105 604 Magis
1130 554 1226 590 enim
1250 555 1285 591 si
1307 555 1375 591 hec
1395 555 1501 603 faci-

193 626 277 649 mus
299 613 408 662 quasi
425 625 497 661 per
521 613 634 663 signa
661 612 728 648 lzec
755 611 964 648 lavacionis
985 619 1019 648 et
1045 612 1236 649 unccionis
1260 613 1502 661 publicamus

194 683 260 707 nos
292 671 472 707 ieiunare.
515 670 619 714 Quid
650 670 777 720 ergo?
809 669 986 719 Simplex
1008 669 1279 718 interpretacio
1306 670 1417 706 liuius
1446 678 1502 707 est

192 729 272 776 hec,
309 728 483 777 quoniam
512 740 588 777 per
619 727 973 777 exaggeracionem
1016 727 1265 777 intelligenda
1303 735 1391 764 sunt
1428 729 1499 764 ista

190 786 287 822 sicut
330 793 365 823 et
396 793 522 822 cetera
560 785 764 821 antedicta.
824 785 1032 834 Tamquam
1065 785 1100 821 si
1131 785 1251 821 dicat:
1289 786 1353 821 Sic
1385 786 1501 836 longe

138 851 226 880 1ote
254 845 396 892 facere
435 844 546 880 debes
582 844 628 879 ab
667 843 919 879 ostentacione
957 843 1086 879 ieiunii
1120 843 1184 889 tui,
1231 851 1270 879 ut
1308 844 1342 880 si
1373 851 1500 892 potest

178 902 276 951 fieri
311 903 409 950 quod
455 913 526 937 non
566 902 681 938 decet.
727 900 857 936 Etiam
896 913 938 937 ea
971 901 1105 949 facias
1148 913 1216 949 que
1259 913 1309 937 ex
1347 901 1500 937 diverso

191 959 346 996 luxurie
377 967 412 996 et
443 959 677 1009 epulacionis
709 959 887 995 videntur
918 970 999 994 esse
1036 958 1186 994 indicia.
1234 958 1501 1008 Spiritualiter

187 1024 313 1053 autem
353 1017 428 1053 sic:
474 1017 558 1053 Scis
595 1017 681 1065 quia
721 1028 771 1052 ex
807 1016 1071 1065 superioribus
1098 1023 1218 1065 patet,
1257 1016 1343 1065 quia
1367 1017 1498 1065 facies

187 1075 312 1111 anime
342 1074 574 1111 consciencia
608 1074 848 1124 intelligitur,
879 1074 1012 1123 proice
1043 1086 1140 1124 ergo
1172 1074 1241 1110 abs
1261 1081 1297 1110 te
1329 1075 1499 1110 avaricie

135 1133 338 1180 15sordes‚
365 1132 595 1181 periurium,
628 1139 815 1179 stercora,
849 1131 998 1168 malicie
1023 1132 1268 1180 putredinem
1299 1139 1333 1168 et
1360 1132 1501 1168 lavasti

175 1190 322 1239 faciem
366 1190 596 1226 consciencie
647 1197 708 1225 tue
751 1201 848 1238 aqua
888 1189 1133 1239 prophetica,
1181 1190 1227 1226 de
1279 1202 1351 1238 qua
1407 1190 1497 1226 dicit

187 1248 330 1284 Isaias:
368 1247 575 1283 Lavamini
611 1255 645 1283 et
678 1248 810 1283 mundi
845 1254 972 1283 estote.
1006 1247 1169 1296 Auferte
1207 1247 1417 1296 nequiciam
1450 1248 1495 1283 ab

186 1305 324 1342 animis
366 1306 515 1342 vestris.
561 1306 604 1340 Si
644 1305 740 1341 enim
786 1305 991 1342 abstuleris
1028 1305 1238 1354 nequiciam
1282 1306 1328 1341 ab
1367 1305 1495 1341 anima

187 1371 264 1409 tua,
298 1363 439 1399 lavasti
469 1363 742 1399 conscienciam
776 1371 878 1399 tuam
913 1370 947 1399 et
980 1364 1071 1399 bene
1103 1363 1258 1399 ieiunas.

131 1440 171 1461 20
243 1421 349 1467 Item,
393 1421 480 1470 quia
524 1428 637 1470 caput
674 1428 778 1457 tuum
824 1421 1002 1457 Christus
1044 1429 1110 1466 est,
1154 1421 1345 1457 sicientem
1386 1429 1494 1470 pota,

186 1479 410 1515 esurientem
463 1479 557 1525 ciba,
609 1479 801 1529 algentem
856 1479 962 1525 vesti,
1021 1486 1056 1515 et
1106 1479 1160 1514 sic
1206 1478 1494 1528 preciosissima

185 1537 369 1587 myrrha,
402 1537 442 1572 id
469 1544 525 1573 est
557 1537 638 1573 oleo
671 1537 948 1581 nu'sericordie⁹
982 1537 1129 1573 unxisti
1158 1544 1273 1586 caput
1304 1544 1423 1583 tuum,
1457 1537 1496 1572 id

185 1602 251 1641 est,
281 1594 475 1630 Christum
510 1594 574 1643 qui
604 1595 746 1631 clamat
784 1595 819 1630 in
853 1595 1071 1644 evangelioy
1115 1594 1243 1630 dicens
1275 1594 1362 1643 quia
1394 1596 1496 1643 quod

185 1652 250 1687 uni
294 1664 345 1688 ex
386 1652 551 1688 minimis
598 1652 679 1689 istis
725 1652 807 1701 quis
845 1652 947 1700 fecit
998 1653 1094 1688 milii
1141 1652 1253 1701 fecit.
1304 1652 1493 1695 Quoniam

129 1717 167 1749 25
183 1717 308 1745 autem
348 1710 469 1746 omnis
500 1710 646 1746 iusticia
680 1710 715 1745 in
749 1710 821 1746 hiis
853 1710 1000 1746 duobus
1032 1710 1214 1753 consistit,
1246 1710 1419 1758 primum
1456 1718 1495 1746 ut

184 1780 229 1803 ne
255 1768 418 1816 faciatis
460 1768 619 1814 malum,
663 1768 870 1804 secundum
917 1776 956 1803 ut
983 1768 1148 1816 faciatis
1180 1768 1331 1814 bonum,
1370 1775 1405 1804 et
1444 1769 1496 1803 ad

183 1825 222 1860 id
253 1826 354 1873 quod
379 1826 547 1875 pertinet
578 1827 629 1861 ad
651 1826 848 1876 fugienda
870 1833 1030 1875 peccata
1059 1826 1179 1862 dixit:
1211 1825 1320 1861 Lava
1343 1826 1492 1874 faciem

182 1890 301 1930 tuam,
345 1891 380 1920 et
411 1884 462 1919 ad
494 1884 533 1919 id
571 1891 697 1920 autem
737 1884 838 1932 quod
869 1883 1039 1932 pertinet
1085 1885 1137 1919 ad
1163 1883 1353 1931 facienda
1397 1884 1493 1919 bona

182 1952 320 1990 opera:
367 1941 476 1992 Unge
519 1950 633 1990 caput
675 1949 779 1977 tuum
819 1949 854 1977 et
891 1941 967 1977 eris
1010 1942 1186 1977 amabilis
1228 1941 1325 1977 sicut
1361 1941 1493 1977 Maria

128 2006 169 2038 30
183 2010 252 2047 que
290 1999 403 2048 prius
446 1999 718 2035 conscienciam
762 2011 871 2035 suam
920 1999 1093 2035 lacrimis
1130 1999 1342 2048 penitencie
1386 1999 1492 2045 lavit,

177 2063 312 2105 postea
344 2056 487 2105 infudit
518 2057 641 2093 oleum
680 2069 799 2106 super
832 2064 944 2106 caput
981 2057 1139 2103 Christi,
1184 2064 1219 2093 et
1250 2057 1406 2105 impleta
1438 2064 1494 2093 est

183 2114 317 2150 domus
355 2115 485 2152 odore.
532 2115 589 2150 Ita
630 2122 664 2151 et
702 2123 856 2151 tuorum
881 2115 998 2163 fama
1031 2115 1065 2151 si
1085 2115 1220 2163 fueris
1251 2114 1340 2150 talis
1371 2121 1489 2150 totam

182 2171 356 2221 implebis
388 2172 599 2208 ecclesiam.
634 2172 686 2208 Et
708 2185 819 2221 quam
848 2172 1012 2221 proprie
1045 2172 1135 2208 dicit
1156 2172 1305 2221 faciem
1341 2172 1490 2220 quidem

182 2229 328 2276 lavare,
351 2237 465 2279 caput
486 2237 610 2266 autem
636 2243 707 2266 non
732 2231 866 2266 lavare
892 2231 961 2266 sed
989 2242 1145 2280 ungere.
1177 2230 1371 2274 Quamdiu
1394 2230 1490 2265 enim

126 2293 165 2326 35
180 2299 312 2323 sumus
338 2287 374 2323 in
398 2300 573 2337 corpore,
598 2288 830 2325 consciencia
854 2295 986 2324 nostra
1009 2300 1162 2337 semper
1183 2288 1344 2323 sordida
1378 2294 1432 2323 est
1454 2287 1490 2322 in

175 2345 355 2393 peccatis.
396 2345 520 2395 Caput
548 2353 673 2382 autem
698 2353 871 2382 nostrum
900 2345 1078 2382 Christus
1106 2346 1340 2381 lavacionem
1365 2357 1488 2381 neces-

179 2403 323 2438 sariam
348 2415 419 2439 non
443 2404 553 2440 habet
575 2405 642 2440 sed
662 2404 784 2440 solam
814 2404 1046 2447 unccionem,
1078 2403 1163 2452 quia
1188 2410 1387 2452 peccatum
1418 2415 1489 2438 non

171 2460 272 2508 fecit
303 2473 369 2496 nec
401 2462 574 2498 inventus
596 2469 651 2498 est
674 2462 785 2498 dolus
816 2462 851 2497 in
885 2474 952 2498 ore
973 2461 1063 2498 eius.
1097 2462 1180 2497 Hec
1205 2460 1488 2498 Crisostomus.

247 2617 272 2646 3.
293 2619 326 2646 Iu
346 2623 427 2647 textu
448 2618 678 2655 Chrysostomi:
700 2619 730 2646 si
747 2618 969 2655 infundamus.
986 2640 993 2646 .
1011 2640 1015 2646 .
1033 2640 1039 2646 .
1054 2619 1082 2646 si
1099 2620 1242 2646 lavemus.
1340 2627 1366 2654 7.
1388 2618 1486 2645 liuius.

179 2653 283 2680 Adde:
305 2654 375 2681 Ioci.
447 2653 473 2682 8.
495 2655 537 2681 A:
560 2655 616 2681 liec
635 2655 729 2681 deest.
803 2663 836 2682 11.
857 2656 900 2681 A:
922 2654 962 2681 Et
980 2662 1024 2681 ea.
1098 2653 1137 2681 13.
1159 2653 1275 2682 Codd.:
1297 2652 1489 2688 ex—facies

179 2687 272 2714 deest.
344 2696 391 2715 20.
412 2689 440 2715 A
459 2689 489 2715 iu
511 2697 623 2724 marg.:
646 2689 773 2716 Declina
793 2697 812 2715 a
832 2689 912 2716 malo
931 2692 960 2716 et
970 2687 1029 2725 fac
1047 2688 1166 2716 bonum.
1239 2696 1278 2716 21.
1294 2689 1336 2715 A:
1351 2689 1390 2725 >al
1415 2687 1487 2714 enti.

178 2730 218 2755 21,
230 2730 273 2749 22.
287 2723 315 2750 A
325 2732 330 2749 :
340 2723 570 2758 preciosissimo
585 2724 691 2751 nu'rro¹
765 2731 811 2757 24.
825 2723 942 2750 Codd.:
958 2722 1253 2759 quisfecitfecistis.
1320 2726 1367 2750 20.
1418 2720 1487 2758 :fa-

179 2757 278 2784 etatis.
351 2757 395 2785 28.
416 2758 459 2785 A:
481 2761 509 2785 et
530 2758 622 2785 deest.
694 2757 740 2791 321.
764 2759 805 2785 A:
827 2758 882 2784 sed
900 2766 993 2793 unge.

254 2839 301 2871 17.
329 2829 369 2860 Is.
400 2831 421 2869 Ι,
453 2828 500 2861 16.
599 2830 650 2862 38.
678 2830 718 2860 Is.
746 2830 829 2869 LIII,
855 2840 885 2873 ι).

1713 212 1783 247 321

1556 1425 1603 1453 To
1623 1426 1663 1453 do
1684 1427 1733 1454 the

1511 1461 1612 1499 works
1630 1462 1665 1488 of
1683 1470 1785 1498 morey

1544 1503 1569 1522 15
1591 1500 1620 1522 to
1642 1501 1748 1523 anomt

1553 1538 1630 1565 your
1650 1530 1738 1565 head,

1510 1564 1611 1592 which
1627 1565 1652 1592 is
1668 1565 1783 1593 Christ.
