2003 3322
153 232 230 271 356
852 237 970 271 opus
995 236 1331 270 EVANGEmcUM
1532 223 1640 281 [CAP.
1659 233 1755 264 xxx.

440 346 601 384 Domini
631 347 755 384 nostri
782 347 980 397 promissa
1013 347 1209 394 titubasse,
1251 354 1291 383 ut
1313 346 1468 396 famem
1509 358 1553 383 ac
1584 345 1687 382 sitim
1721 351 1756 382 et

441 406 651 442 nuditatem
692 413 898 455 pateretur
940 406 1162 454 Apostolus,
1208 418 1371 454 querens
1415 417 1581 456 regnum
1620 411 1655 440 et
1699 404 1754 439 iu-

440 465 591 501 sticiam
636 464 723 508 Dei,
774 476 859 500 cum
908 464 1050 500 dictum
1101 464 1152 500 sit
1202 464 1329 499 nobis:
1379 463 1538 508 Querite
1582 462 1756 512 primum

442 535 607 573 regnum
640 522 717 557 Dei
747 529 782 557 et
814 522 1004 558 iusticiam
1044 522 1137 568 eius,
1177 529 1212 558 et
1251 522 1319 557 hec
1354 521 1483 557 omnia
1515 527 1760 570 apponentur

443 581 561 617 vohis.
619 580 941 629 Quandoquidem
995 580 1067 616 ista
1119 580 1218 616 sicut
1266 579 1460 615 adiutoria
1507 579 1611 614 novit
1654 573 1791 629 ille15

442 639 613 675 medicus
635 638 828 688 magister
850 638 1029 687 optimus,
1054 638 1115 674 cui
1133 638 1254 674 semel
1275 650 1344 674 nos
1365 644 1467 673 totos
1495 636 1760 672 commisimus
1800 637 1881 682 392d

442 704 477 733 et
520 709 541 732 a
586 708 658 745 quo
703 696 999 732 nos2<hahemzts
1038 696 1336 745 promissionem
1382 695 1457 731 vite
1488 694 1682 744 presentis
1726 700 1761 729 et

432 756 587 804 future,
640 755 791 803 quando
843 761 1026 804 apponat,
1078 755 1231 803 quando
1275 754 1471 800 detrahat,
1515 753 1612 789 sicut
1656 751 1763 788 nobis

445 813 585 849 viderit
629 812 828 861 expedire,
873 825 967 861 quos
1011 819 1047 848 et
1089 812 1346 848 consolandos
1384 819 1420 848 et
1456 810 1695 847 exercendos
1727 809 1763 845 in

445 871 517 907 hac
570 870 646 906 vita
698 878 734 906 et
779 877 869 920 post
921 871 1020 906 hanc
1072 870 1190 906 vitam
1250 870 1285 905 in
1340 869 1470 918 requie
1527 868 1823 918 sempiternam

445 929 695 965 stabiliendos
734 936 769 964 et
805 929 1084 979 gubernandos
1103 928 1248 978 firmat
1288 935 1323 964 et
1356 928 1506 978 dirigit.
1548 927 1634 963 Non
1666 926 1764 963 enim

446 995 481 1023 et
520 987 648 1032 homo,
688 999 772 1022 cum
808 987 1041 1036 plerumque
1078 986 1247 1023 iumento
1286 999 1355 1022 suo
1394 986 1541 1022 cibaria
1582 984 1765 1031 detrahit,

448 1046 590 1081 deserit
633 1045 731 1080 illud
781 1057 875 1080 cura
927 1057 998 1080 sua
1056 1057 1100 1081 ac
1153 1056 1227 1080 non
1274 1044 1411 1093 pocius
1468 1043 1642 1080 curando
1695 1043 1767 1079 hoc

438 1103 555 1153 facit.

505 1162 558 1197 Et
590 1161 768 1210 quoniam
802 1173 886 1197 cum
921 1161 993 1197 ista
1027 1161 1088 1197 vel
1109 1167 1382 1209 procurantur
1413 1160 1448 1196 in
1472 1160 1660 1209 futurum
1694 1158 1767 1206 vel,
1788 1163 1824 1196 15

447 1220 481 1256 si
502 1232 618 1256 causa
641 1232 713 1256 non
737 1226 792 1256 est
813 1232 935 1268 quare
956 1219 1021 1256 ille
1048 1219 1262 1269 impendas,
1287 1225 1554 1265 reservantur,
1579 1217 1768 1254 incertum

449 1286 505 1315 est
527 1290 600 1327 quo
633 1278 761 1314 animo
781 1278 873 1327 fiat,
906 1290 991 1314 cum
1020 1278 1145 1326 possit
1175 1276 1344 1326 simplici
1374 1276 1610 1326 cor-defleri,
1638 1281 1771 1325 posset

451 1344 486 1372 et
518 1336 674 1386 duplici,
720 1336 862 1385 optime
893 1337 964 1372 hoc
997 1336 1080 1372 loco
1111 1335 1291 1372 subiecit.-
1334 1335 1398 1371 Sic
1437 1334 1553 1371 nolite
1584 1334 1770 1380 iudicare,

452 1408 497 1431 ne
529 1394 723 1430 iudicetur
755 1394 802 1429 de
834 1394 951 1430 vobis.
986 1395 1070 1431 Hec
1103 1393 1364 1441 Augustinus.

178 1471 245 1498 The
266 1470 358 1497 friars
380 1476 418 1504 go
511 1454 566 1489 Ex
610 1452 686 1488 hiis
731 1451 851 1488 dictis
890 1452 1006 1488 huius
1051 1451 1229 1488 doctoris
1270 1460 1379 1500 patet
1419 1452 1527 1499 quod
1573 1448 1772 1497 contingit
1789 1466 1830 1487 20

163 1504 437 1568 bfflfflffaffchesiislfs
452 1524 526 1559 pro
559 1510 750 1547 fratribus
784 1510 973 1559 colligere
1005 1523 1207 1547 annonam
1244 1518 1280 1546 et
1309 1509 1520 1558 pecuniam
1553 1508 1772 1545 moderate.

162 1577 325 1611 collecting
349 1576 437 1602 arms.
454 1569 519 1606 Sic
543 1569 648 1605 enim
673 1569 854 1605 fecerunt
878 1568 1027 1606 Christi
1052 1567 1252 1617 discipuli,
1286 1576 1330 1605 ut
1357 1568 1504 1615 allegat
1525 1565 1773 1614 Augustinus

453 1637 536 1664 tam
576 1628 624 1664 de
663 1626 849 1664 Scarioth
889 1640 1011 1675 quam
1052 1629 1101 1664 de
1140 1626 1226 1663 aliis
1267 1625 1474 1663 instructis
1522 1623 1771 1673 prophetice.

456 1687 534 1722 Sed
567 1685 608 1721 in
640 1685 828 1722 omnibus
861 1685 946 1722 istis
980 1685 1272 1722 attendendum
1306 1693 1365 1721 est
1388 1684 1497 1733 quod
1530 1684 1653 1720 homo
1686 1694 1774 1731 per-

455 1743 564 1780 ficiat
594 1745 814 1780 moderate.
849 1743 1056 1792 Contingit
1086 1743 1191 1779 enim
1223 1742 1417 1791 cupidum
1446 1742 1582 1789 gulose
1606 1752 1775 1789 arguere
1792 1747 1831 1780 25

457 1803 566 1851 quod
605 1801 637 1838 si
676 1801 751 1839 ista
789 1801 944 1839 cibacio
984 1802 1025 1838 in
1059 1814 1152 1838 casu
1186 1801 1262 1837 isto
1296 1810 1338 1837 ut
1371 1801 1411 1837 in
1443 1808 1555 1836 tanta
1588 1810 1775 1835 mensura

458 1859 556 1896 mihi
588 1860 788 1908 proficiat,
828 1869 923 1896 tunc
957 1860 1079 1908 dupla
1119 1859 1273 1895 cibacio
1308 1858 1405 1895 mihi
1440 1858 1657 1907 proficeret
1688 1857 1776 1905 plus

458 1919 497 1954 in
527 1919 664 1967 duplo,
699 1927 736 1955 et
764 1930 834 1967 per
863 1918 981 1955 istam
1012 1918 1246 1967 gulosorum
1277 1916 1484 1965 arguciam
1516 1914 1778 1953 confunditur

458 1976 668 2013 ordinacio
690 1976 925 2024 Salvatoris‚
955 1985 998 2012 ut
1022 1976 1053 2013 si
1078 1975 1258 2012 Christus
1282 1974 1539 2024 congregavit
1563 1972 1776 2010 duodecim

460 2044 497 2071 et
521 2034 707 2071 Scarioth
736 2034 939 2071 ordinavit
962 2035 1064 2071 ferre
1092 2034 1260 2080 loculos,
1295 2046 1391 2082 ergo
1421 2033 1513 2069 licet
1545 2031 1631 2068 istis
1663 2030 1777 2068 novis
1794 2039 1837 2071 30

461 2093 723 2141 religionibus
747 2105 993 2141 congregare
1017 2102 1376 2142 quantumcunque
1405 2092 1539 2140 plures
1563 2088 1777 2126 duodecim

462 2160 498 2187 et
543 2152 808 2199 appropriare
853 2151 930 2187 illis
976 2151 1127 2188 reditus
1175 2159 1212 2187 et
1255 2150 1530 2187 thesaurizare
1574 2148 1651 2184 illis
1695 2156 1777 2183 tam

462 2210 675 2257 pecuniam
710 2223 831 2258 quam
865 2209 940 2246 sibi
973 2209 1203 2258 equivalens
1237 2208 1404 2246 infinite.
1440 2210 1487 2243 Et
1511 2207 1587 2243 ista
1618 2205 1779 2254 argucia

464 2268 699 2316 gulosorum
729 2267 938 2304 confundit
968 2267 1180 2304 ecclesiam
1205 2266 1462 2303 militantem.
1497 2267 1552 2300 Ex
1575 2265 1650 2300 hoc
1674 2263 1779 2300 enim

464 2339 485 2362 a
508 2325 682 2374 simplici
712 2326 932 2362 christiana
956 2326 1146 2374 religione
1176 2324 1378 2361 receditur
1401 2325 1451 2360 ad
1473 2335 1598 2359 novos
1621 2322 1782 2358 ordines
1799 2327 1838 2361 35

464 2384 654 2431 infinitos,
698 2393 742 2420 ut
773 2397 877 2420 unus
910 2393 1142 2432 potentatus
1187 2382 1309 2420 seculi
1347 2382 1484 2419 volens
1523 2380 1782 2428 magnificare

464 2455 613 2479 nomen
657 2455 773 2478 suum
819 2443 859 2478 in
898 2442 1027 2488 terris,
1074 2442 1257 2479 ordinem
1305 2440 1477 2477 instituit
1521 2452 1543 2475 a
1582 2437 1781 2487 prioribus

465 2501 673 2549 paululum
712 2500 924 2545 variatum,
960 2509 996 2536 et
1029 2501 1129 2537 alius
1169 2500 1386 2536 succedens
1420 2497 1641 2545 dedignans
1673 2495 1783 2533 novi—

467 2568 590 2595 tatem
623 2561 671 2595 de
700 2558 780 2595 alio
812 2558 1040 2596 mendicare
1063 2557 1236 2595 instituit
1264 2557 1447 2594 ordinem
1471 2567 1620 2592 novum
1644 2553 1780 2600 alium,

469 2626 504 2653 et
550 2617 605 2653 sic
645 2618 692 2652 de
731 2617 965 2664 redditibus⁷
1017 2619 1064 2653 de
1107 2615 1279 2665 pecunia
1319 2623 1356 2650 et
1396 2615 1443 2650 de
1482 2625 1653 2649 numero
1692 2611 1843 2659 talis4o

467 2675 620 2711 ordinis
652 2675 867 2713 adinventi.

542 2853 560 2871 1.
583 2846 605 2871 Α
620 2855 624 2871 z
646 2845 800 2871 lutilwsse.
875 2845 897 2872 5.
921 2845 958 2871 13:
980 2845 1043 2877 sic;
1063 2848 1096 2872 ut
1109 2845 1201 2872 deest.
1277 2844 1316 2871 18.
1332 2845 1375 2871 A:
1393 2846 1576 2879 opportune.
1651 2850 1696 2869 20.
1714 2842 1741 2869 A
1756 2841 1785 2868 in

472 2888 583 2915 marg:
604 2880 772 2906 Jolzannes.
846 2878 891 2914 35).
915 2882 957 2907 A:
979 2881 1144 2907 medicare.
