2003 3322
193 510 334 543 Attcmpt
353 513 382 535 to

212 545 295 570 solve
316 544 365 570 the

212 580 369 614 difficulty.

206 2140 395 2174 Augustino:

224 2189 290 2215 The
311 2192 372 2213 two

188 2228 327 2253 masters,
349 2221 417 2248 God

210 2258 268 2285 and
292 2258 396 2285 Satan.

855 219 973 250 opus
999 218 1333 249 EVANGELICUM
1504 205 1612 259 [CAP.
1633 213 1744 241 xxiv.

441 327 512 362 erit
551 326 718 361 lucidum
760 333 895 371 totum,
940 324 1033 372 quia
1073 324 1171 359 nulli
1213 323 1378 359 dubium
1413 323 1507 372 quin
1542 323 1591 359 sit
1623 323 1748 359 idem:

442 397 586 432 corpus
609 392 721 419 tuum
756 391 885 419 totum
920 381 1097 418 lucidum
1133 381 1206 417 erit
1240 391 1276 417 et
1309 381 1382 417 erit
1406 381 1581 417 lucidum
1607 389 1749 417 totum.

443 443 656 487 Quomodo
690 453 783 488 ergo
817 453 896 476 non
930 448 1020 476 sunt
1054 439 1128 475 ista
1159 441 1278 475 verba
1312 439 1538 486 superflua?
1577 440 1654 475 Sed
1688 438 1750 474 hic

442 500 598 536 videtur
632 499 716 535 sine
749 497 1022 546 repugnancia
1054 496 1218 533 alterius
1258 509 1395 533 sensus
1435 497 1545 544 prius
1585 495 1749 543 expositi

444 559 550 606 quod
584 558 692 593 salvo
728 556 882 592 meliori
916 555 1065 592 iudicio
1089 556 1208 590 verba
1238 555 1312 591 ista
1336 553 1565 602 evangelica
1589 555 1783 602 possenti>

445 617 590 652 habere
613 614 729 650 istum
757 626 915 650 sensum
943 612 1186 649 catholicum
1211 614 1320 660 quod
1344 612 1474 660 primo
1504 611 1750 659 intelligatur

443 686 513 721 per
546 685 691 720 corpus
715 672 893 707 lucidum
918 680 1001 707 tota
1025 671 1262 707 universitas
1285 683 1453 718 operum
1477 669 1747 717 corporalium

443 745 464 767 a
504 743 673 779 corpore
711 729 1020 777 procedencium
1063 737 1099 764 et
1138 730 1246 776 quod
1286 729 1462 764 secundo
1506 727 1751 775 intelligatur

444 802 512 837 per
546 801 691 836 corpus
724 796 852 824 totum
889 800 1032 835 corpus
1066 785 1239 822 hominis
1273 785 1336 822 cui
1368 786 1504 822 anima
1527 785 1750 833 copulatur.

444 850 498 883 Ita
533 848 640 895 quod
673 846 745 882 iste
778 845 827 881 sit
860 858 1016 881 sensus:
1064 844 1104 880 Si
1143 852 1227 880 tota
1266 844 1480 880 multitudo
1520 855 1687 891 operum
1729 855 1750 878 a
1773 855 1810 875 10

444 917 613 952 corpore
646 913 714 940 tuo
738 903 1050 951 procedencium
1085 902 1314 938 intencione
1348 910 1455 937 recta
1488 900 1606 937 fuerit
1640 913 1753 948 regu-

443 964 536 1008 lata,
571 971 666 998 tunc
700 974 845 1009 corpus
878 970 989 997 tuum
1026 960 1088 996 cui
1122 960 1255 996 anima
1291 960 1503 1007 copulatur
1538 959 1611 994 erit
1644 967 1753 994 recta

444 1020 672 1056 intencione
706 1027 742 1055 et
776 1019 910 1067 gracia
933 1019 1178 1066 regulatum3
1214 1026 1250 1053 et
1273 1017 1374 1053 sicut
1396 1018 1558 1053 lucerna
1590 1015 1754 1064 fulgoris

444 1077 688 1114 illuminabit
720 1086 771 1124 te,
805 1076 899 1125 quia
925 1085 1018 1113 tunc
1042 1088 1186 1124 corpus
1210 1083 1323 1111 tuum
1348 1075 1434 1120 erit,
1468 1074 1570 1110 sicut
1592 1075 1755 1110 lucerna

445 1138 593 1172 habens
618 1135 803 1183 spiritum
827 1144 940 1170 tuum
965 1134 1197 1170 existentem
1222 1133 1262 1169 in
1286 1133 1434 1181 gracia,
1458 1141 1587 1168 totum
1612 1144 1755 1179 corpus
1776 1132 1812 1164 15

445 1204 559 1230 tuum
583 1194 623 1229 in
646 1194 709 1229 via
733 1202 840 1229 recta
864 1194 914 1229 ad
939 1191 1111 1240 patriam
1135 1191 1415 1227 illustrantem.
1452 1189 1624 1238 Spiritus
1650 1189 1753 1226 enirn

444 1253 505 1289 vel
538 1254 659 1287 homo
692 1250 859 1287 interior
891 1250 1115 1286 illustratus
1138 1261 1209 1297 per
1238 1249 1414 1296 graciam
1450 1257 1507 1284 est
1540 1247 1641 1284 sicut
1665 1260 1756 1284 can-

446 1311 534 1346 dela
569 1321 645 1357 que
678 1308 913 1345 accenditur
945 1308 985 1343 in
1018 1308 1195 1353 lucerna,
1237 1316 1273 1343 et
1307 1316 1402 1343 tunc
1434 1307 1557 1342 homo
1590 1305 1757 1342 interior

446 1368 513 1416 qui
556 1376 612 1403 est
652 1375 736 1403 tota
774 1375 915 1403 nature
955 1367 1130 1401 humane
1169 1364 1434 1413 personalitas
1474 1372 1606 1412 potest
1652 1371 1758 1399 recte

446 1426 553 1462 viare
599 1427 648 1461 ad
692 1424 878 1473 patriam,
927 1424 1018 1460 licet
1055 1432 1139 1459 tota
1184 1422 1453 1459 communitas
1493 1422 1760 1469 circumsepta
1776 1437 1817 1458 20

446 1483 564 1519 fuerit
598 1482 836 1519 criminibus
869 1483 1088 1518 tenebrata.

507 1541 696 1589 Sequitur
728 1540 767 1576 in
801 1549 908 1576 textu
943 1539 1154 1588 evangelii:
1202 1540 1324 1574 Nemo
1352 1545 1481 1587 potest
1514 1538 1661 1574 duobus
1695 1537 1761 1573 cio-

449 1600 560 1636 mim's
597 1599 766 1635 servire:
810 1606 875 1634 aut
922 1598 1019 1633 enim
1060 1610 1173 1633 unum
1214 1597 1301 1632 odio
1334 1596 1485 1632 habehit
1523 1603 1558 1631 et
1595 1596 1760 1631 alterum

449 1658 598 1708 diliget,
631 1665 697 1693 aut
728 1669 842 1692 unum
875 1655 1072 1692 sustinebit
1105 1663 1140 1691 et
1170 1655 1336 1691 alterum
1376 1661 1629 1703 contempnet.
1676 1653 1762 1688 Non

444 1715 607 1765 potestis
639 1715 723 1750 Deo
756 1715 905 1750 servire
938 1721 973 1749 et
1005 1725 1233 1749 mammone.
1283 1713 1372 1748 Ideo
1412 1712 1495 1747 dico
1536 1711 1661 1747 vobis:
1703 1711 1763 1746 Ne
1779 1715 1818 1747 25

448 1774 605 1810 solliciti
633 1773 716 1809 sitis
748 1773 873 1808 anime
905 1779 1030 1808 vestre
1062 1771 1152 1819 quid
1186 1771 1424 1806 manducetis
1453 1781 1571 1818 neque
1605 1768 1765 1817 corpori

451 1839 578 1868 vestro
622 1831 714 1880 quid
758 1830 981 1866 induamini.
1042 1829 1179 1865 Nonne
1223 1828 1350 1863 anima
1403 1835 1531 1863 vestra
1571 1827 1662 1876 plus
1709 1834 1764 1862 est

451 1902 562 1938 quam
597 1901 681 1925 esca
716 1896 751 1924 et
783 1900 924 1937 corpus
950 1888 1042 1936 plus
1078 1899 1191 1936 quam
1232 1885 1529 1922 vestimentum?
1573 1884 1765 1933 Respicite

452 1947 626 1983 volatilia
660 1947 744 1992 celi,
782 1946 960 1995 quoniam
1006 1958 1079 1981 non
1123 1952 1256 1980 serunt
1301 1956 1417 1992 neque
1461 1950 1605 1978 metunt
1649 1954 1766 1991 neque

452 2012 699 2055 congregunt
728 2005 763 2039 in
788 2005 946 2048 horrea,
979 2011 1013 2039 et
1046 2004 1165 2038 Pater
1197 2009 1325 2038 vester
1357 2001 1506 2037 celestis
1522 2000 1649 2050 pascit
1682 2000 1763 2035 illa.
1782 2005 1824 2036 30

454 2064 590 2099 Nonne
622 2075 688 2098 vos
721 2062 849 2112 magis
876 2062 1005 2111 pluris
1037 2061 1125 2096 estis
1156 2060 1263 2096 illis?

514 2123 642 2168 Super
674 2133 753 2168 quo
785 2119 1049 2167 Augustinus:
1097 2119 1211 2163 Quod
1244 2125 1369 2153 autem
1403 2117 1574 2165 sequitur
1598 2124 1633 2152 et
1656 2115 1767 2151 dicit.-

458 2180 578 2214 Nemo
622 2186 749 2227 potest
794 2178 940 2214 duobus
984 2176 1146 2212 dominis
1197 2176 1359 2221 servire,
1403 2176 1455 2210 czcz'
1498 2176 1595 2211 hanc
1642 2174 1764 2223 ipsam

457 2237 703 2272 intencionem
750 2236 1000 2284 referendum
1047 2242 1102 2270 est
1144 2235 1245 2283 quod
1287 2240 1559 2281 consequenter
1609 2231 1768 2281 exponit

457 2296 606 2330 dicens:
652 2294 728 2329 Aut
765 2294 862 2329 enim
896 2306 1009 2328 unum
1044 2293 1131 2328 odio
1164 2291 1314 2327 habebit
1347 2299 1381 2327 et
1413 2291 1578 2326 alterum
1619 2290 1822 2339 diligel‚35

457 2361 521 2388 aut
554 2353 719 2388 alterum
749 2352 926 2400 pacietur
957 2359 991 2386 et
1024 2351 1191 2386 alterum
1225 2356 1476 2397 contempnet.
1529 2349 1610 2392 Que
1650 2347 1766 2382 verba

457 2411 667 2459 diligenter
704 2418 790 2445 sunt
824 2410 1130 2449 conviciato-anda,-
1176 2421 1262 2443 nam
1304 2407 1368 2455 qui
1397 2407 1470 2443 sint
1511 2407 1584 2441 duo
1624 2404 1770 2441 domini

457 2470 579 2503 denuo
619 2468 797 2514 ostendit,
836 2480 919 2503 cum
955 2467 1064 2503 dicit:
1110 2467 1195 2502 Non
1230 2465 1392 2514 potestis
1425 2465 1507 2499 Deo
1546 2463 1696 2500 servire
1734 2469 1767 2497 et

528 2650 552 2676 3.
575 2651 600 2676 A
622 2650 650 2676 in
674 2656 786 2682 marg:
810 2647 989 2682 Responsio.
1097 2646 1124 2672 S.
1146 2647 1188 2672 A:
1211 2648 1238 2672 el
1259 2646 1341 2680 quod
1362 2645 1462 2676 dcem
1491 2644 1532 2671 ib.
1554 2645 1580 2670 Λ
1602 2644 1629 2671 iu
1653 2651 1768 2675 marga

462 2684 578 2719 Corpus·
599 2683 773 2718 dupliciter.
876 2690 921 2708 20.
944 2683 971 2708 A
992 2681 1019 2707 iu
1044 2688 1157 2714 marga
1180 2679 1288 2706 Anima
1310 2682 1354 2706 est
1370 2687 1519 2714 persona.
1622 2678 1665 2705 32.
1692 2672 1768 2705 A‘in

460 2727 573 2751 marga
595 2718 797 2754 Augustinus.
870 2715 916 2743 36.
938 2718 980 2743 A:
1006 2717 1071 2749 Quo
1094 2715 1197 2741 verim.
1272 2713 1314 2749 37.
1338 2715 1380 2740 A:
1402 2714 1458 2749 qui
1473 2716 1553 2740 sunl.

532 2800 582 2820 22.
611 2789 727 2820 Martii.
754 2789 809 2828 VI,
839 2787 983 2828 24—26.
1083 2788 1133 2820 32.
1162 2788 1212 2817 De
1238 2796 1400 2817 sermone
1419 2785 1558 2816 Domini
1588 2785 1619 2815 in
1641 2790 1769 2822 moute,

463 2837 481 2866 1.
510 2847 537 2867 c.
565 2847 595 2877 p.
629 2846 703 2878 219.
