2003 3322
139 225 218 259 216

162 750 221 778 We
241 750 337 784 ought
358 754 388 776 to

234 786 326 812 suffer

209 820 346 855 joyfully.

185 2150 252 2177 The
275 2156 384 2176 llSLlFCr

151 2186 221 2211 selis
237 2184 308 2211 time
324 2183 423 2209 which

201 2219 329 2252 belongs
350 2222 380 2244 to

251 2253 331 2281 God.

851 232 970 264 opus
996 231 1334 264 EVANGELICUM
1509 218 1617 272 [CAP.
1640 227 1747 256 Lvm.

427 337 552 372 currit
584 344 619 373 et
660 338 893 387 corrumpit,
933 338 987 374 sic
1026 350 1145 374 usura
1181 349 1256 387 per
1293 344 1394 374 totas
1417 337 1637 385 facultates
1670 337 1749 374 eius

427 395 628 442 discurrit,
671 403 706 432 et
745 396 935 432 convertit
974 408 1039 432 eas
1076 396 1112 431 in
1147 396 1327 432 debitum.
1382 395 1489 431 Sicut
1528 395 1627 432 enim
1656 396 1747 444 fer-

426 460 592 489 mentum
627 453 819 490 modicum
843 454 945 502 quod
967 453 1133 490 mittitur·
1161 454 1197 489 in
1222 454 1382 489 multam
1397 453 1594 501 farinam,
1628 460 1747 489 totam

426 511 737 560 conspersionem
782 512 999 561 corrumpit
1042 519 1077 547 et
1121 511 1244 547 trahit
1294 512 1401 547 illam
1447 519 1482 548 et
1512 511 1619 560 facit
1664 523 1747 547 eam

427 576 547 604 totam
573 569 832 618 fermentum,
865 570 919 606 sic
951 582 1035 605 cum
1070 582 1191 606 usura
1226 570 1380 606 domum
1421 569 1586 605 alicuius
1624 569 1782 605 intra-5

429 627 542 673 verit,
576 634 694 663 totam
728 628 987 663 substanciam
1021 627 1100 664 eius
1131 628 1184 663 ad
1214 639 1254 663 se
1287 627 1408 663 trahit
1432 635 1468 664 et
1491 627 1681 664 convertit
1712 627 1748 662 in

429 685 610 720 debitum.
648 686 731 721 Hec
765 684 1051 722 Crisostomus.

485 742 651 778 Videtur
692 744 765 779 hos
804 752 964 780 sanctos
1007 742 1229 791 intelligere
1269 744 1377 791 quod
1417 742 1649 790 angariatus
1688 742 1749 778 vel

428 799 572 836 iniuste
611 800 865 846 violentatus,
905 810 1265 849 quantumcunque
1304 800 1344 836 in
1383 809 1564 848 ternpore
1601 800 1664 836 vel
1708 799 1749 835 in

429 857 685 894 multitudine
715 858 859 895 iniurie
894 858 1013 895 fuerit
1051 857 1296 906 angariatus,
1334 859 1450 894 debet
1480 857 1748 906 equanimiter
1771 871 1809 891 10

428 915 594 952 sufferre
627 915 814 953 iniuriam
851 927 888 953 et
921 930 1002 953 non
1036 917 1167 953 solum
1192 916 1276 964 pati
1297 917 1364 952 sed
1391 917 1590 964 gaudente
1614 915 1749 952 animo

429 973 615 1011 tolerare.
649 976 697 1010 Et
731 975 807 1011 hoc
837 974 996 1011 videtur
1027 974 1232 1011 Christum
1256 974 1465 1010 intendere
1488 986 1559 1022 per
1582 974 1747 1022 duplum

429 1031 623 1079 spacium,
670 1044 751 1068 non
796 1034 905 1080 quod
944 1032 1157 1069 iniuriatus
1197 1031 1410 1068 necessitet
1441 1032 1503 1068 vel
1542 1040 1660 1080 cogat
1692 1030 1750 1067 in-

430 1089 646 1126 iuriantem
681 1091 731 1126 ad
764 1092 1014 1138 peccandum
1050 1090 1230 1137 ulterius,
1278 1103 1370 1126 cum
1411 1089 1513 1126 sicut
1544 1102 1638 1137 sepe
1668 1102 1750 1125 non

430 1147 578 1183 sufficit
610 1149 661 1184 ad
695 1148 962 1196 corporaliter
997 1149 1221 1196 cogendum
1246 1147 1508 1184 iniuriantem
1531 1156 1573 1183 ut
1595 1148 1751 1184 laboret
1772 1149 1809 1181 15

430 1205 610 1251 ulterius,
651 1205 707 1242 sic
746 1218 839 1254 sepe
878 1220 959 1243 non
999 1206 1146 1243 sufficit
1186 1218 1328 1254 cogere
1367 1207 1428 1242 vel
1466 1205 1661 1242 inclinare
1693 1204 1751 1240 in-

432 1263 646 1300 iuriantem
681 1272 724 1300 ut
756 1263 967 1301 iniurietur
990 1263 1178 1311 ulterius;
1211 1263 1301 1300 ideo
1324 1276 1407 1300 non
1431 1272 1489 1300 est
1512 1262 1751 1300 intencionis

433 1321 608 1366 Domini,
642 1322 752 1370 quod
786 1324 1022 1359 mandatum
1055 1335 1171 1358 suum
1197 1323 1315 1359 cadat
1348 1334 1467 1370 super
1490 1320 1560 1358 tali
1584 1329 1752 1369 peccato

433 1380 501 1415 sed
525 1391 645 1427 super
663 1378 870 1427 paciencia
894 1380 981 1417 miti
1006 1389 1041 1417 et
1064 1392 1184 1428 super
1206 1380 1413 1416 voluntate
1437 1378 1486 1428 (si
1508 1378 1749 1427 oportuerit)

434 1437 608 1484 amplius
642 1437 842 1485 paciendi.
1769 1449 1811 1470 20

492 1497 540 1531 Et
571 1505 668 1531 nota
701 1507 744 1532 ex
782 1496 897 1532 dictis
930 1495 1049 1532 huius
1073 1495 1201 1532 sancti
1225 1496 1433 1544 quomodo
1458 1497 1564 1532 Deus
1587 1493 1754 1543 provide

435 1552 640 1600 dispensat
674 1566 764 1590 cum
799 1555 978 1590 humano
1010 1566 1156 1602 genere
1189 1554 1298 1602 quod
1331 1553 1456 1602 aliqui
1494 1553 1572 1589 sint
1613 1552 1753 1589 divites

436 1619 472 1646 et
495 1610 563 1647 alii
586 1623 801 1660 pauperes3
838 1611 978 1649 divites
1001 1620 1045 1648 ut
1075 1620 1305 1648 mereantur
1338 1612 1471 1648 dando
1494 1610 1752 1660 pauperibus,

436 1677 473 1704 et
506 1681 703 1717 pauperes
741 1679 784 1706 ut
823 1669 1036 1718 paciantur
1068 1669 1328 1706 retribuendo
1362 1671 1510 1705 bonum
1544 1668 1754 1717 spirituale

436 1725 638 1763 divitibus
685 1729 822 1764 Status
866 1737 1003 1764 tamen
1040 1740 1265 1775 pauperum
1307 1726 1464 1763 adiecta
1502 1726 1651 1763 virtute
1695 1734 1753 1763 est
1770 1729 1809 1761 25

438 1784 591 1830 melior,
632 1785 726 1833 quia
765 1786 975 1822 existentes
1008 1785 1319 1834 propinquiores
1358 1784 1479 1821 statui
1518 1784 1753 1821 innocencie

436 1850 526 1878 sunt
551 1843 600 1878 ad
624 1842 791 1880 virtutes
815 1852 851 1879 et
875 1856 946 1880 sua
969 1856 1091 1891 opera
1116 1843 1340 1891 proniores.
1375 1845 1423 1879 Et
1453 1842 1546 1879 hinc
1570 1841 1752 1879 Christus

438 1899 555 1947 elegit
589 1909 737 1937 statum
772 1913 990 1949 pauperem
1031 1910 1068 1937 et
1107 1900 1147 1937 in
1180 1902 1256 1937 hoc
1295 1909 1398 1937 statu
1443 1900 1616 1937 instituit
1660 1912 1753 1936 suos

438 1959 643 2006 apostolos
682 1968 889 2007 tamquam
930 1959 969 1995 in
1008 1967 1113 1995 statu
1154 1958 1311 1995 meliori
1351 1967 1471 2007 atque
1517 1957 1754 2006 perfecciori

440 2025 476 2051 et
510 2015 650 2052 ditavit
679 2029 746 2053 eos
769 2017 995 2063 virtutibus,
1029 2026 1072 2053 ut
1106 2016 1309 2065 copiosius
1333 2030 1454 2065 quam
1489 2017 1621 2054 dando
1654 2025 1752 2052 tem—
1772 2021 1814 2052 30

442 2074 597 2121 poralia
631 2083 810 2111 stercora
842 2077 947 2112 bona
981 2075 1208 2123 spiritualia
1240 2074 1486 2123 parciantur.

500 2133 629 2168 Usura
681 2142 813 2169 autem
866 2133 1024 2170 videtur
1085 2134 1232 2169 habere
1293 2133 1411 2169 istam
1473 2133 1753 2181 blasphemam

444 2189 643 2226 maliciam
679 2193 786 2238 quod
819 2191 1026 2227 usurarius
1058 2190 1193 2227 vendit
1224 2199 1396 2239 tempus,
1430 2191 1538 2239 quod
1571 2191 1666 2227 dare
1699 2198 1757 2226 est

444 2249 526 2283 Deo
560 2248 783 2296 proprium,
817 2257 853 2285 et
892 2248 1116 2297 postposita
1149 2261 1219 2296 spe
1254 2247 1529 2285 misericordie
1568 2257 1606 2285 et
1644 2247 1756 2284 retri-

443 2305 624 2341 bucionis
658 2306 803 2353 divine,
849 2316 1013 2355 propter
1047 2308 1122 2343 hoc
1155 2307 1264 2354 quod
1298 2306 1432 2354 gracia
1466 2305 1654 2343 bonitatis
1687 2318 1757 2342 sue
1773 2308 1814 2341 35

443 2363 604 2400 adiuvat
637 2364 798 2400 fratrem
835 2377 965 2411 suum,
999 2364 1201 2401 feneratur
1233 2364 1301 2401 illa
1333 2364 1576 2412 temporalia
1609 2363 1757 2412 princi-

443 2421 586 2469 paliter
610 2435 683 2469 pro
716 2435 785 2470 spe
814 2422 933 2468 lucri3
967 2431 1004 2458 et
1028 2422 1121 2470 quia
1155 2422 1228 2458 iste
1260 2421 1316 2458 sic
1340 2422 1545 2470 postponit
1579 2422 1755 2459 divinam

442 2479 737 2526 ordinandam,
772 2493 893 2517 usura
927 2480 1228 2517 racionabiliter
1262 2479 1365 2516 inter
1388 2488 1553 2528 peccata
1584 2479 1757 2516 maxima

443 2546 499 2572 est
545 2539 780 2586 dampnata.
834 2540 914 2574 Nec
958 2538 1115 2574 videtur
1167 2538 1296 2586 ipsam
1347 2550 1490 2574 sonare
1543 2538 1584 2574 in
1636 2537 1756 2574 aliam

444 2594 698 2631 manifestam
734 2595 937 2642 iniuriam,
973 2609 1062 2632 cum
1086 2596 1243 2632 videtur
1267 2596 1394 2643 ipsam
1419 2608 1583 2632 usuram
1614 2608 1758 2631 sonare
1772 2608 1817 2639 40

515 2786 554 2813 18.
572 2788 613 2813 A:
630 2786 712 2822 qnia.
788 2796 828 2822 ις).
847 2787 882 2814 B:
896 2788 1058 2822 paciencia
1074 2789 1152 2815 victi.
1214 2797 1255 2816 22.
1274 2789 1309 2816 E:
1326 2792 1395 2816 sunt
1406 2789 1524 2816 divites.
1587 2797 1634 2822 24.
1650 2789 1688 2817 B:
1703 2789 1758 2816 tri-

445 2820 572 2847 buendo
659 2821 700 2849 32.
724 2823 766 2848 A:
789 2823 1019 2856 blasphemiam.
1107 2822 1147 2849 Ἠ,
1171 2822 1208 2850 13:
1230 2826 1263 2850 nt
1282 2825 1453 2850 usurarius.
1527 2823 1573 2857 34.
1595 2825 1637 2850 A:
1659 2825 1760 2859 specie

445 2857 665 2883 7211'.s·e1ic0rdt‘e.
740 2856 781 2883 35.
804 2857 840 2883 11¹:
858 2861 990 2892 propter
1009 2859 1067 2884 hoc
1085 2861 1195 2884 aulem.
