2003 3322
165 192 254 219 CAP.
276 184 400 237 xmx]
641 195 854 226 SECUNDA
881 195 1006 227 PARS.
1688 197 1768 235 427

164 309 199 337 et
225 308 385 350 peccata
413 300 661 350 peccancium
693 313 826 337 sensus
857 302 1121 337 tenebrescere
1142 301 1313 350 faciunt,
1347 309 1387 337 ut
1408 314 1481 338 non

165 359 335 395 videntes
366 359 607 395 mendacium
640 359 784 395 cadant
815 359 851 394 in
884 359 992 394 illud.
1035 359 1128 395 Vide
1159 359 1258 395 enim
1291 360 1338 395 ab
1371 359 1482 395 inicio

164 429 215 452 ex
237 429 308 465 quo
331 416 432 452 inter
452 416 625 452 homines
655 416 865 453 seminatus
898 424 954 453 est
986 429 1102 452 error
1122 417 1235 467 fidei,
1269 429 1342 453 non
1366 429 1483 452 error

165 474 486 522 diabolicussecit
503 474 675 510 homines
698 475 834 521 malos,
856 475 926 511 sed
947 474 1119 511 homines
1141 475 1237 510 mali
1250 474 1481 510 diabolicum

131 532 235 568 5sibi
253 533 442 580 fecerunt
479 544 669 568 errorem.
712 532 756 567 Si
791 545 908 568 error
936 532 1102 581 fecisset
1140 532 1313 568 homines
1345 533 1482 579 malos,

164 597 252 626 tunc
274 590 386 639 culpa
411 597 496 625 erat
517 590 594 625 Dei
614 590 678 638 qui
698 590 795 626 tales
817 590 990 626 homines
1001 590 1115 639 fecit,
1149 597 1189 626 ut
1211 590 1257 626 ab
1280 590 1484 627 erroribus

162 648 410 684 seducantur.
444 647 558 683 Nunc
587 655 712 683 autem
743 648 856 697 culpa
885 655 941 684 est
969 648 1146 695 hominis,
1179 648 1246 697 qui
1266 646 1484 684 voluntarie

163 705 273 755 eligit
316 717 505 752 errorem,
552 705 638 754 quia
683 717 756 741 non
795 713 960 755 possunt
1005 718 1163 742 errores
1196 706 1406 756 prevalere
1446 705 1482 741 in

163 763 334 799 homines
379 763 452 799 nisi
488 770 650 812 peccata
695 764 970 812 precesserint.
1017 764 1134 800 Prius
1177 763 1274 800 enim
1312 764 1483 813 peccatis

110 821 343 870 1oplurimis
365 828 573 857 excecatur
595 821 709 858 homo
737 829 772 857 et
793 822 848 858 sic
871 821 1016 857 diaboli
1045 822 1271 858 seduccione
1295 822 1485 871 decipitur

163 886 199 914 et
237 879 341 915 cadit
379 879 415 914 in
455 886 634 915 mortem.
675 880 1012 924 Quemadmodum
1052 880 1150 916 enim
1189 880 1270 916 sole
1308 886 1484 916 manente

163 949 236 972 non
276 936 455 986 prevalet
499 948 598 981 nox,·
640 949 726 973 cum
774 945 900 973 autem
945 937 1152 974 accesserit
1195 938 1247 973 ad
1290 950 1483 984 occasum,

162 1002 251 1030 tunc
295 1002 457 1043 occupat
500 995 709 1040 mundum,·
750 995 805 1031 sic
849 995 1031 1044 quamdiu
1077 996 1203 1031 lumen
1248 995 1394 1032 iusticie
1446 995 1482 1031 in

163 1052 315 1088 homine
359 1052 502 1100 fuerit,
554 1053 710 1089 tenebra
763 1053 912 1089 erroris
963 1066 1047 1089 eum
1093 1066 1165 1089 non
1210 1053 1481 1103 apprehendit.

109 1112 146 1144 15
162 1109 277 1160 Ergo
321 1110 428 1146 bonis
479 1110 659 1159 operibus
703 1110 946 1161 vigilandum
990 1118 1059 1157 est,
1104 1111 1192 1160 quia
1238 1124 1311 1147 non
1364 1123 1483 1148 error

161 1175 326 1218 generat
341 1175 502 1217 peccata
525 1169 595 1204 sed
611 1176 773 1218 peccata
797 1181 996 1211 errorem,-
1022 1169 1121 1205 sicut
1144 1169 1234 1205 dicit
1257 1169 1482 1218 Sapiencia:

162 1225 345 1274 Impietas
389 1226 578 1262 hominem
622 1226 742 1262 trahit
785 1227 836 1263 ad
879 1239 1069 1263 errorem.
1116 1228 1322 1264 Attendite.
1376 1227 1482 1263 Sicut

162 1283 363 1319 admonet:
408 1283 627 1329 Attendite,·
668 1285 779 1333 quasi
821 1285 937 1320 invito
976 1286 1061 1321 Deo
1108 1285 1284 1321 diabolus
1329 1286 1482 1321 hereses

165 1341 401 1387 introducat,
439 1354 512 1378 non
536 1343 620 1378 Deo
644 1342 760 1378 invito
783 1343 852 1378 sed
867 1343 1127 1391 permittente.
1163 1343 1206 1378 Si
1227 1343 1324 1379 enim
1347 1351 1483 1393 gentes

106 1410 148 1431 20
163 1411 236 1435 non
288 1399 543 1436 credidissent
593 1400 629 1435 in
674 1400 887 1447 Christum,
938 1401 1249 1451 intelligebamus
1301 1401 1480 1437 virtutem

154 1456 286 1505 fuisse
325 1457 471 1494 diaboli
505 1457 571 1506 qui
607 1465 743 1508 gentes
781 1459 943 1494 credere
975 1471 1047 1495 non
1074 1459 1268 1507 permisit.
1314 1459 1418 1494 Nam
1450 1459 1485 1495 si

165 1514 341 1550 diabolus
380 1515 526 1564 aliquid
559 1516 760 1565 potuisset,
799 1516 844 1551 ab
885 1516 996 1553 inicio
1037 1517 1198 1553 credere
1230 1529 1303 1553 non
1332 1517 1479 1566 permi-

162 1572 284 1608 sisset.
318 1573 431 1609 Nunc
462 1580 588 1609 autem
623 1585 674 1609 ex
705 1585 747 1609 eo
780 1574 882 1623 quod
913 1587 1044 1611 omnes
1065 1582 1201 1625 gentes
1229 1575 1482 1611 crediderunt

161 1631 230 1666 sed
267 1638 403 1680 postea
449 1643 499 1667 ex·
538 1631 718 1681 gentibus
761 1632 1004 1668 credentibus
1037 1634 1152 1681 facte
1182 1640 1269 1669 sunt
1313 1632 1481 1679 hereses,

107 1690 146 1722 25
163 1688 409 1736 manifestum
455 1696 510 1725 est
546 1690 649 1738 quod
686 1689 867 1738 nonfuit
906 1690 1030 1726 virtus
1062 1691 1139 1726 Dei
1174 1691 1244 1727 sed
1271 1691 1479 1740 permissio

162 1746 250 1782 Dei.
294 1746 347 1782 Et
383 1759 505 1796 quare
542 1747 596 1783 sic
633 1748 814 1783 admonet
853 1748 963 1796 quasi
993 1748 1057 1796 qui
1094 1748 1215 1785 noluit
1236 1748 1346 1798 fieri,
1393 1749 1479 1797 quia

39 1810 125 1847 400a
163 1816 235 1840 non
278 1804 359 1840 sine
402 1804 542 1841 iudicio
588 1805 669 1841 vult
710 1817 846 1841 servos
878 1802 883 1858 Ι
917 1818 1007 1842 suos
1051 1807 1204 1853 habere,
1249 1806 1332 1843 ideo
1378 1806 1480 1842 misit

162 1862 468 1910 temptacionem.
514 1863 704 1907 Quoniam
751 1870 878 1899 autem
917 1876 990 1899 non
1030 1865 1111 1900 vult
1149 1876 1212 1900 eos
1239 1864 1374 1914 perire
1405 1876 1481 1914 per

163 1919 447 1969 ignoranciam,
486 1920 561 1956 iam
596 1921 789 1967 admonet,
824 1921 908 1957 ideo
941 1922 1234 1971 temptacionem
1269 1922 1394 1969 mittit,
1435 1934 1480 1957 ne

107 1980 148 2012 30
163 1977 258 2012 mali
286 1990 371 2014 cum
404 1978 510 2014 bonis
542 1986 801 2024 coronentur,·
832 1979 916 2015 ideo
948 1987 1076 2015 autem
1110 1980 1303 2027 admonet,
1327 1992 1372 2015 ne
1394 1980 1483 2016 boni

165 2047 248 2071 cum
283 2035 396 2072 malis
422 2043 598 2085 pereant.

220 2093 414 2129 Attendite
436 2094 543 2130 vobis
563 2106 585 2129 a
608 2094 731 2142 salsis
759 2094 976 2143 prophetis.
1012 2095 1209 2144 Scriptum
1232 2102 1311 2140 est,·
1348 2095 1482 2132 Omnis
1529 2111 1691 2174 Proffhecy
1710 2112 1737 2139 is

164 2150 231 2186 lex
262 2157 298 2186 et
323 2151 516 2200 prophete
547 2163 665 2201 usque
697 2152 748 2187 ad
778 2152 1007 2199 Johannem,
1041 2165 1114 2188 non
1143 2153 1381 2201 quiasuturi
1407 2166 1480 2189 non
1536 2147 1731 2209 Suffithtfioffid

164 2215 276 2244 erant
301 2216 393 2257 post
422 2209 648 2245 Johannem.
687 2210 864 2245 Fuerunt
902 2210 999 2245 enim
1032 2210 1193 2260 Agabus
1232 2218 1268 2246 et
1306 2211 1409 2247 Silas
1447 2219 1481 2247 et
1497 2215 1625 2243 because
1649 2216 1686 2244 he
1706 2204 1770 2244 v'vas

107 2267 147 2301 35
165 2266 288 2312 multi,
331 2267 400 2302 sed
437 2267 523 2315 quia
556 2267 770 2316 prophecia
805 2268 851 2303 de
888 2267 1045 2304 Christo
1085 2280 1158 2304 non
1198 2276 1283 2304 erat
1316 2276 1480 2304 ventura
1542 2251 1721 2322 tgssolgfigstyo

158 2331 250 2372 post
279 2336 378 2371 eum,
411 2324 495 2360 ideo
522 2332 613 2374 post
632 2325 845 2361 Johannem
873 2326 1086 2375 prophecia
1119 2326 1270 2374 quidem
1303 2326 1479 2363 cessavit.
1541 2320 1726 2391 Ofcofflirrigtvs

164 2381 358 2430 Prophete
394 2389 521 2418 autem
555 2390 590 2418 et
610 2383 780 2431 suerunt
811 2391 847 2419 et
877 2391 976 2427 sunt,
1008 2384 1077 2419 sed
1108 2384 1172 2432 qui
1208 2395 1280 2420 non
1307 2385 1479 2433 prophe-

164 2445 292 2475 tarent
313 2440 360 2475 de
387 2440 542 2476 Christo
572 2440 719 2476 scilicet
748 2448 920 2485 venturo,
952 2442 1021 2477 sed
1040 2442 1107 2491 qui
1127 2442 1481 2491 interpretarentur

233 2617 261 2645 8.
282 2619 326 2646 A:
346 2620 512 2654 prevalere
531 2620 624 2648 deest.
710 2628 754 2655 19.
775 2620 894 2649 Codd.:
917 2622 983 2649 Deo
1005 2622 1099 2649 deest.
1206 2629 1254 2656 29.
1274 2622 1319 2649 A:
1349 2621 1419 2649 ideo
1439 2622 1483 2649 ad

164 2656 275 2680 monet.
356 2653 395 2681 31.
416 2655 460 2681 A:
482 2655 578 2682 bonis.
660 2654 707 2689 34.
728 2655 767 2683 B:
789 2656 907 2683 scilicet
921 2657 1084 2691 prophete.
1166 2655 1214 2684 36.
1233 2657 1279 2684 A:
1302 2664 1380 2692 ergo
1397 2660 1479 2692 post.

165 2685 471 2757 Phryffogtrgmngaegst
512 2689 604 2724 Quod
633 2697 739 2717 omnes
770 2690 941 2718 christiani
967 2691 1111 2718 dicuntur
1136 2690 1288 2726 prophete
1315 2692 1480 2719 secundum

239 2804 287 2836 17.
315 2794 416 2826 Prov.
442 2795 530 2837 XIII,
558 2794 589 2827 6.
688 2797 740 2839 34.
768 2795 886 2827 Matth.
913 2797 969 2836 XI,
1001 2797 1049 2832 13.
