2003 3322
184 196 273 224 uAP.
295 186 406 240 XLV-J
656 197 868 229 SECUNDA
896 197 1022 228 PARS.

240 304 425 341 Scarioth
463 312 596 341 autem
642 303 797 351 accepit
835 302 1041 339 ministros
1080 316 1102 339 a
1141 301 1413 350 pontificibus,
1453 311 1497 338 ut

183 362 385 398 Christum
426 363 615 406 traderet,
656 370 693 398 et
733 361 878 397 Paulus
918 360 1072 408 accepit
1112 360 1300 408 epistolas
1333 373 1355 396 a
1389 359 1495 408 prin-

183 420 336 467 cipibus
381 421 652 464 sacerdotum,
698 427 741 455 ut
785 418 1025 455 christianos
1069 418 1220 455 vinctos
1254 418 1495 465 produceret

181 477 416 523 Jerusalem,
458 486 501 513 ut
540 485 649 525 patet
681 478 739 512 Jo.
774 477 907 522 XVIII,
946 477 963 512 5
1001 485 1038 513 et
1071 478 1157 515 Act.
1192 477 1253 512 IX.
1304 477 1380 512 Sed
1413 488 1495 511 non

149 536 271 583 5lego
311 536 418 583 quod
458 536 532 571 hoc
571 535 721 571 factum
762 534 890 571 fuerat
933 547 954 570 a
993 534 1213 570 christiano
1247 533 1384 581 aliquo
1416 546 1497 569 non

183 601 353 629 errante.
407 592 516 629 Licet
560 600 693 628 autem
735 591 953 629 christiano
992 592 1163 628 fideliter
1204 603 1368 627 monere
1408 591 1497 627 reli-

183 663 319 699 quum,
363 658 406 686 ut
454 652 504 687 ad
549 650 648 686 illud
696 651 804 697 quod
849 650 922 686 scit
969 662 1052 686 esse
1104 648 1258 686 licitum
1314 649 1497 685 consulat

182 717 302 756 atque
335 707 578 754 consenciat,
611 716 655 743 ut
688 707 737 743 sit
767 707 841 743 sibi
866 707 993 755 magis
1017 706 1286 753 meritorium,
1320 715 1362 743 ut
1386 715 1496 754 patet

181 766 221 802 in
254 765 422 813 epistola
455 767 504 802 ad
536 765 825 802 Philemonem.
860 767 936 802 Sed
961 778 1099 802 cavere
1123 766 1239 801 debet
1262 764 1302 800 in
1334 764 1495 810 talibus,

130 836 167 856 10
181 836 230 860 ne
263 823 405 872 aliquis
440 832 665 860 creaturam
700 824 970 871 preponderet
1003 832 1095 860 ante
1128 822 1337 859 dominum
1362 824 1495 858 Jesum

182 881 401 920 Christum,

240 939 429 987 Sequitur
474 939 513 974 in
552 947 660 975 textu
700 938 912 986 evangelii:
953 939 1091 975 Omnia
1137 951 1234 989 ergo
1279 950 1497 987 quecunque

182 997 297 1033 vultis
336 1004 375 1032 ut
404 997 562 1045 faciant
602 997 707 1033 vobis
745 997 929 1042 homines,
974 997 1025 1032 ita
1065 1004 1100 1032 et
1140 1009 1206 1032 vos
1234 996 1362 1045 facite
1405 996 1493 1031 illis.

182 1055 265 1090 Hec
311 1062 368 1091 est
410 1055 507 1090 enini
548 1056 613 1090 lex·
651 1062 685 1090 et
716 1055 920 1103 prophete.
966 1053 1212 1102 Augustinus
1259 1062 1393 1090 autem
1440 1053 1495 1089 sic

131 1116 165 1147 15
183 1113 321 1148 habet:
367 1112 506 1148 Omnia
549 1125 646 1162 ergo
690 1125 909 1161 quecunque
960 1113 1074 1148 vultis
1118 1119 1157 1147 ut
1189 1112 1347 1160 saciant
1391 1111 1497 1147 vobis

182 1170 367 1216 homines,
400 1170 451 1205 ita
484 1178 519 1206 et
553 1183 620 1206 vos
643 1170 770 1218 facite
803 1171 890 1206 illis.
928 1171 1011 1206 Hec
1043 1177 1097 1206 est
1130 1170 1227 1206 enim
1262 1170 1328 1205 lex
1350 1176 1384 1205 et
1401 1181 1494 1218 pro-

177 1228 304 1277 phete.
353 1229 394 1263 In
439 1228 741 1277 exemplaribus,
790 1227 931 1276 inquit,
984 1228 1121 1264 Grecis
1163 1228 1217 1264 sic
1264 1227 1497 1263 invenimus.-

189 1285 328 1321 Omnia
361 1286 483 1335 igitur
514 1298 733 1334 quecunque
770 1286 885 1322 vultis
924 1293 963 1321 ut
986 1286 1143 1334 faciant
1175 1285 1280 1321 vobis
1313 1285 1496 1330 homines,

182 1343 233 1378 ita
272 1351 307 1379 et
340 1356 406 1379 vos
428 1344 555 1391 facite
592 1344 680 1379 illis.
729 1344 805 1379 Sed
837 1344 889 1379 ad
920 1343 1275 1392 nzanifestacionem
1309 1342 1498 1379 sentencie

125 1415 167 1435 20
181 1408 272 1449 puto
305 1413 327 1436 a
360 1401 509 1437 Latinis
542 1401 715 1436 additum
750 1414 831 1437 esse
856 1402 997 1437 Chona'.
1038 1401 1254 1437 Occurebat
1275 1413 1372 1437 enun
1397 1401 1498 1449 quod

180 1459 215 1494 si
249 1459 448 1507 quisquam
478 1459 688 1509 flagiciose
724 1459 870 1507 aliquid
907 1472 1004 1509 erga
1043 1472 1083 1495 se
1108 1459 1206 1508 fieri
1245 1458 1345 1505 velit,
1379 1466 1415 1494 et
1446 1458 1498 1493 ad

183 1517 254 1552 hoc
288 1516 440 1564 referat
472 1517 583 1552 istam
617 1517 862 1562 sentenciam,
903 1517 1020 1552 veluti
1049 1517 1083 1553 si
1115 1517 1203 1552 velit
1235 1516 1373 1564 aliquis
1400 1528 1496 1565 pro-

184 1574 327 1618 vocari,
372 1581 411 1609 ut
455 1574 709 1610 immoderate
747 1575 848 1610 bibat
881 1582 915 1610 et
946 1587 985 1611 se
1022 1574 1241 1625 ingurgitet
1274 1574 1425 1623 poculis
1463 1581 1497 1609 et

182 1631 252 1667 hoc
290 1632 407 1680 prior
439 1632 571 1680 faciat
616 1645 637 1667 a
684 1644 755 1680 quo
799 1632 872 1668 sihi
895 1633 994 1682 fieri
1034 1632 1150 1681 cupit,
1197 1632 1403 1668 ridiculum
1443 1638 1498 1667 est

125 1692 164 1723 25
182 1690 280 1725 hunc
310 1697 450 1738 putare
481 1690 594 1731 istam
628 1690 846 1739 implevisse
876 1690 1121 1726 sentenciam.
1157 1690 1252 1725 Cum
1282 1690 1353 1726 hoc
1375 1689 1498 1739 igitur

182 1747 345 1783 moverit
384 1742 445 1797 (ut
485 1747 694 1795 arbitror),
738 1748 911 1783 additum
956 1755 1010 1784 est
1053 1748 1105 1783 ad
1143 1747 1496 1795 manifestacionem

182 1805 240 1840 rei
278 1817 392 1840 unum
433 1806 606 1851 verbum,
651 1813 690 1840 ut
727 1813 861 1854 postea
900 1818 1013 1854 quam
1054 1806 1196 1841 dictum
1231 1812 1310 1842 est:
1359 1805 1497 1841 Omnia

180 1874 398 1911 quecunque
443 1863 558 1899 vultis
610 1871 650 1898 ut
681 1864 839 1912 faciant
891 1863 996 1900 vobis
1048 1863 1232 1908 homines,
1284 1864 1499 1899 adderetur

181 1921 290 1957 bona.
339 1921 453 1964 Quod
489 1921 523 1956 si
561 1921 664 1957 deest
702 1928 736 1957 et
783 1921 818 1956 in
857 1921 1148 1971 exemplaribus
1185 1921 1334 1967 Grecis,
1378 1921 1496 1956 eciam

124 1978 248 2014 3oilla
293 1985 380 2014 sunt
431 1979 691 2023 enzendanda,·
752 1979 820 2015 sed
874 1979 957 2028 quis
1012 1979 1083 2015 hoc
1128 1979 1299 2015 audeat?
1354 1978 1497 2014 Intelli-

180 2036 350 2085 gendum
397 2043 452 2072 est
495 2036 630 2086 igitur,
670 2037 827 2085 plenam
866 2049 946 2073 esse
989 2036 1221 2072 sentenciam
1267 2043 1301 2073 et
1345 2036 1497 2072 omnino

176 2093 411 2142 perfectam,
457 2094 613 2130 eciamsi
656 2095 726 2130 hoc
771 2095 928 2130 verbum
971 2106 1042 2130 non
1081 2095 1264 2130 addatur.
1311 2095 1357 2129 Id
1399 2093 1497 2129 enim

182 2151 283 2199 quod
316 2151 457 2187 dictum
491 2159 566 2187 est:
604 2151 741 2187 Omnia
766 2164 982 2200 quecunque
1015 2152 1145 2198 vultis,
1180 2164 1251 2187 non
1285 2152 1423 2187 usitate
1454 2163 1499 2187 ac

177 2208 326 2257 passim
349 2209 416 2245 sed
434 2209 599 2258 proprie
622 2209 764 2245 dictum
788 2210 913 2259 accipi
934 2216 1098 2259 oportet.
1130 2209 1315 2245 Voluntas
1337 2220 1499 2257 namque

127 2271 165 2303 35
182 2278 254 2302 non
288 2273 343 2302 est
375 2267 447 2303 nisi
484 2267 519 2302 in
553 2267 680 2311 honis,·
718 2280 805 2302 nam
847 2268 882 2302 in
921 2267 1034 2303 malis
1056 2267 1183 2315 factis
1205 2267 1501 2317 flagiciosisque

182 2323 362 2372 operibus
405 2325 594 2373 cupiditas
633 2325 797 2374 proprie
841 2325 995 2372 dicitur,
1050 2337 1122 2361 non
1168 2325 1358 2361 voluntas.
1413 2325 1499 2360 Non

182 2381 267 2429 quia
319 2381 373 2417 sic
418 2394 572 2431 semper
611 2383 776 2431 proprie
823 2383 1032 2431 loquuntur
1080 2383 1287 2432 scripture,
1332 2383 1400 2419 sed
1439 2382 1502 2418 ubi

182 2446 334 2488 oportet
365 2439 416 2475 ita
450 2440 602 2475 omnino
631 2440 839 2489 proprium
870 2441 1028 2476 verbum
1064 2448 1201 2484 tenent,
1234 2448 1274 2476 ut
1297 2453 1370 2476 non
1393 2440 1501 2476 aliud

181 2497 308 2532 sinant
339 2497 520 2547 intelligi.

251 2637 292 2669 ¹4:
314 2631 341 2657 A
362 2630 391 2657 in
414 2638 528 2665 marg.:
550 2630 751 2667 Augustinus.
853 2638 899 2664 24.
922 2631 960 2658 B:
983 2631 1049 2658 hee.
1139 2630 1186 2665 30,
1207 2630 1246 2659 31.
1267 2633 1312 2659 A:
1339 2631 1499 2659 audiatur.

180 2663 427 2697 Intelligendum.
536 2664 582 2698 34.
605 2667 632 2692 A
652 2665 682 2692 in
713 2673 810 2700 marg.
832 2666 904 2693 inf.:
942 2665 1034 2701 Quod
1058 2666 1202 2693 voluntas
1227 2675 1286 2693 non
1313 2669 1358 2693 est
1383 2667 1447 2693 nisi
1469 2667 1500 2694 in

180 2698 420 2735 hominisfactio
432 2700 573 2734 proprie,
595 2700 625 2727 in
638 2700 729 2727 malis
741 2704 840 2728 autem
851 2699 951 2736 factis
961 2701 1028 2728 sine
1043 2701 1188 2736 operibus
1202 2701 1357 2737 cupiditas
1365 2702 1501 2737 proprie

179 2732 301 2765 dicitur,
321 2741 382 2761 non
403 2734 556 2761 voluntas.

254 2809 304 2831 12.
318 2799 581 2841 Matth.V11,12.
648 2811 696 2842 1¹1·
712 2801 763 2833 De
778 2812 939 2834 sermone
948 2802 1132 2834 Dominiin
1144 2809 1275 2842 monte,
1293 2803 1313 2834 l.
1330 2813 1357 2834 c.
1373 2813 1406 2844 p.
1421 2804 1498 2836 230.

1700 198 1776 231 411

1555 940 1744 975 Augustine:

1528 976 1587 1003 We
1608 984 1658 1002 arc
1677 979 1708 1002 to
1729 976 1768 1002 do

1519 1012 1567 1038 for
1587 1012 1692 1037 others
1713 1010 1786 1046 only

1558 1045 1633 1073 such
1654 1045 1735 1079 good

1538 1080 1640 1115 things
1661 1088 1694 1106 as
1714 1087 1760 1106 we

1564 1114 1664 1142 desire
1683 1114 1731 1141 for

1564 1150 1732 1177 ourselves.
