2003 3322
184 243 259 280 282

194 895 260 923 The
282 902 386 929 power
406 893 440 920 of

243 930 394 964 choosing

198 966 332 992 between
353 949 433 1002 good

206 1000 264 1026 and
287 999 342 1026 evil
364 1007 389 1025 is
410 1006 425 1024 a

237 1035 293 1069 gitt
312 1038 342 1061 to
364 1034 399 1060 be

251 1069 384 1096 desired.

209 1463 277 1491 God
300 1464 427 1491 ordains

179 1499 229 1526 the
250 1499 404 1526 existence
425 1499 459 1526 of

216 1534 261 1561 sin
286 1536 414 1561 because

213 1569 293 1603 good
316 1577 420 1595 comes

277 1604 311 1630 of
328 1604 360 1630 it.

888 250 1006 282 OPUS
1032 251 1367 283 EVANGELICUM
1600 240 1707 293 [CAP.
1727 248 1780 276 xi.

468 355 540 391 Dei
573 355 676 391 sicut
709 356 751 391 fit
785 356 825 391 in
858 357 943 392 celo
977 356 1032 392 sic
1066 357 1135 392 fiat
1157 356 1196 392 in
1219 366 1327 393 terra
1352 358 1402 393 ad
1425 369 1563 393 sensus
1587 370 1609 392 a
1632 356 1780 393 sanctis

468 413 680 461 expositos.
722 416 803 449 Nec
836 415 949 450 obest
982 416 1091 462 quod
1124 414 1180 450 sic
1213 423 1362 461 oretur,
1397 414 1490 451 licet
1522 416 1598 451 hoc
1630 414 1680 450 sit
1712 427 1780 450 ne-

468 471 685 507 cessarium
720 471 890 518 evenire,
924 481 967 507 ut
1000 480 1112 520 patet
1144 472 1185 508 in
1218 472 1369 520 duplici
1404 472 1605 520 peticione
1638 472 1777 520 priori.

471 530 548 565 Sed
592 542 662 577 per
707 528 825 565 istam
872 529 1115 577 peticionem
1165 531 1360 566 docemur
1399 531 1560 578 plenam
1600 539 1778 566 nostram

467 588 716 623 voluntatem
742 587 873 624 divine
896 587 1076 624 subicere
1098 588 1296 624 voluntati
1320 597 1357 624 et
1378 601 1458 624 non
1482 600 1780 625 remurmurare
1799 587 1815 619 5

468 653 607 681 contra
652 647 778 681 Deum
826 645 1023 693 quidquid
1069 645 1256 692 evenerit,
1302 655 1344 682 ut
1389 655 1473 682 esto
1506 647 1614 694 quod
1654 646 1781 681 multa

468 702 651 739 eveniant
696 715 773 751 que
820 712 956 740 nostre
1002 703 1252 740 sensualitati
1295 704 1356 740 vel
1399 704 1509 740 carni
1555 703 1779 751 displicent,

466 761 677 797 laudemus
715 763 843 797 Deum
877 761 1082 797 humiliter
1115 769 1152 797 et
1191 761 1371 798 dicamus
1409 761 1484 798 sibi
1526 760 1780 809 suppliciter:

466 819 555 854 Fiat
587 819 763 855 voluntas
794 827 870 855 tua.

527 877 642 913 Unde
676 876 842 924 quidam
876 876 916 912 in
949 876 1026 913 ista
1061 876 1231 913 materia
1264 876 1518 913 subtiliantes
1542 876 1781 924 profundius
1803 888 1842 908 10

469 934 608 970 dicunt
641 936 750 983 quod
783 936 931 971 nedum
966 934 1103 971 omnia
1137 947 1213 984 que
1247 934 1430 971 evenient
1464 936 1511 971 de
1543 934 1782 971 necessitate

470 992 664 1038 evenient,
724 995 792 1029 sed
838 994 946 1041 quod
992 993 1128 1029 omnia
1167 1005 1244 1041 que
1295 992 1476 1029 evenient
1527 992 1688 1029 venient
1732 993 1782 1028 ad

470 1052 621 1086 bonum
659 1050 756 1087 utile
795 1050 983 1097 universi,
1029 1051 1084 1087 sic
1124 1052 1233 1098 quod
1274 1052 1395 1087 homo
1429 1063 1499 1098 per
1532 1049 1783 1098 impossibile

469 1108 624 1156 positus
656 1108 697 1144 in
729 1109 954 1157 adopcione
988 1110 1096 1157 quod
1129 1121 1249 1145 nemo
1280 1110 1570 1157 dampnaretur
1592 1109 1652 1145 vel
1675 1109 1783 1156 quod

469 1167 625 1202 nullum
666 1167 817 1203 malum
852 1167 1019 1213 eveniet,
1067 1166 1231 1214 eligeret
1263 1167 1565 1203 racionabiliter
1597 1166 1781 1203 ordinem
1803 1168 1838 1200 15

469 1224 564 1260 boni
609 1233 646 1260 et
685 1224 779 1260 mali
825 1237 944 1273 quem
986 1227 1092 1261 Deus
1131 1224 1271 1261 statuit
1310 1224 1480 1272 evenire,
1520 1233 1557 1261 et
1596 1237 1668 1272 pro
1707 1225 1782 1260 hoc

471 1284 663 1319 debemus
702 1295 819 1319 orare
858 1282 1063 1319 humiliter
1095 1291 1132 1318 et
1165 1295 1247 1319 non
1280 1282 1463 1331 explicite
1494 1275 1556 1319 vel
1586 1281 1782 1330 implicite

470 1353 544 1388 pro
578 1340 713 1389 aliquo
746 1340 989 1388 impossibili
1022 1342 1130 1389 quod
1164 1353 1207 1377 ex
1239 1340 1500 1377 ordinacione
1534 1340 1669 1377 divina
1702 1352 1782 1376 non

470 1397 618 1446 poterit
651 1398 821 1435 evenire.

527 1458 576 1492 Et
628 1456 682 1493 ita
736 1456 872 1493 dicunt
917 1458 1025 1505 quod
1070 1457 1262 1493 debemus
1306 1458 1526 1504 gaudenter
1571 1454 1784 1492 admittere
1800 1468 1842 1489 20

471 1527 631 1550 cursum
667 1514 805 1550 mundi
840 1523 876 1550 et
910 1514 1095 1551 evitando
1129 1523 1294 1562 peccata
1327 1514 1366 1551 in
1398 1514 1514 1551 nobis
1544 1526 1590 1550 ac
1612 1514 1783 1550 vetando

469 1572 510 1608 in
554 1572 642 1608 aliis
687 1581 882 1621 quantum
916 1572 1137 1608 sufficimus
1178 1572 1360 1620 accipere
1401 1585 1502 1620 puro
1546 1580 1583 1608 et
1626 1571 1782 1607 sincero

471 1631 592 1666 corde
626 1642 703 1678 que
727 1632 833 1666 Deus
867 1630 1028 1666 ordinat
1062 1630 1230 1667 evenire.
1264 1632 1413 1667 Verum
1447 1639 1584 1666 tamen
1607 1642 1680 1677 ego
1703 1641 1784 1665 non

471 1690 600 1725 audeo
646 1688 779 1724 dicere
820 1689 927 1737 quod
961 1690 1045 1724 Deo
1085 1689 1215 1736 placet
1252 1689 1313 1724 vel
1353 1690 1462 1737 quod
1500 1687 1585 1736 ipse
1623 1686 1784 1723 ordinat

471 1754 513 1782 ut
552 1746 640 1795 quis
678 1757 816 1794 peccet
855 1748 923 1782 sed
962 1746 1043 1783 scio
1083 1748 1192 1795 quod
1231 1758 1350 1782 nemo
1391 1745 1675 1794 dampnabitur
1708 1744 1840 1781 nisi25

476 1806 581 1840 Deus
621 1804 866 1841 ordinaverit
898 1803 1128 1840 eternaliter
1160 1806 1268 1852 quod
1302 1805 1352 1840 ad
1384 1803 1656 1840 universitatis
1698 1803 1784 1850 pul-

476 1861 716 1899 critudinem
747 1862 950 1910 puniatur.
990 1864 1038 1898 Et
1070 1861 1124 1897 ita
1158 1861 1249 1898 licet
1282 1864 1387 1898 Deus
1419 1862 1514 1899 velit
1546 1861 1643 1897 illud
1676 1861 1785 1909 quod

476 1932 519 1955 ex
559 1929 725 1968 peccato
763 1920 945 1968 sequitur
985 1928 1022 1956 et
1060 1921 1168 1968 quod
1202 1933 1290 1956 cum
1325 1929 1492 1968 peccato
1526 1918 1782 1964 convertitur,

475 1991 556 2014 non
588 1987 725 2014 tamen
758 1979 841 2015 vult
865 1979 971 2027 quod
996 1979 1116 2014 homo
1140 1987 1290 2026 peccet,
1325 1978 1418 2014 licet
1440 1977 1533 2014 velit
1556 1985 1782 2025 peccatum,

476 2036 569 2083 quia
591 2039 647 2080 (ut
670 2036 766 2072 dicit
790 2035 1095 2082 Lincolniensis)
1119 2045 1327 2084 peccatum
1361 2035 1558 2072 extensive
1581 2035 1783 2083 loquendo
1801 2038 1842 2070 30

476 2095 594 2130 habet
633 2095 776 2142 duplex
811 2107 906 2140 esse,
953 2093 1105 2130 scilicet
1139 2107 1221 2130 esse
1255 2094 1429 2142 primum
1464 2095 1571 2142 quod
1603 2105 1694 2129 vere
1728 2101 1785 2127 est

475 2152 647 2188 deficere
691 2152 771 2188 sive
816 2154 970 2199 deesse3
1016 2161 1053 2188 et
1093 2151 1195 2188 sicut
1227 2152 1326 2188 illud
1358 2165 1438 2188 non
1472 2159 1605 2199 potest
1638 2152 1784 2186 habere

476 2209 678 2246 racionem
714 2210 821 2256 boni,
872 2210 927 2246 sic
960 2212 1066 2246 Deus
1099 2212 1229 2246 bonus
1262 2223 1343 2246 non
1375 2218 1509 2257 potest
1541 2209 1640 2244 illud
1671 2208 1783 2253 velle,

476 2268 570 2315 quia
616 2281 696 2304 non
740 2276 870 2316 potest
915 2269 1063 2304 habere
1107 2268 1312 2304 racionem
1360 2267 1537 2315 aliquam
1587 2274 1782 2302 creature.

476 2327 705 2362 Secundum
746 2335 878 2362 autem
913 2338 998 2362 esse
1031 2325 1186 2373 peccati
1219 2334 1275 2362 est
1309 2327 1457 2361 bonum
1491 2325 1551 2361 vel
1584 2324 1784 2372 profectus
1801 2325 1840 2359 35

475 2383 541 2431 qui
584 2396 627 2419 ex
660 2384 727 2419 illo
760 2384 956 2431 provenit,
992 2384 1086 2431 quia
1119 2386 1224 2419 Deus
1258 2385 1386 2419 bonus
1418 2396 1499 2419 non
1531 2391 1665 2430 posset
1698 2393 1785 2429 per-

476 2442 632 2477 mittere
676 2451 886 2489 peccatum
933 2441 1096 2489 aliquod
1136 2441 1294 2478 evenire
1332 2440 1407 2477 nisi
1447 2442 1594 2476 bonum
1637 2452 1680 2475 ex
1718 2439 1785 2474 illo

475 2499 697 2546 proveniat,
732 2512 823 2535 cum
857 2500 1009 2535 nullum
1046 2508 1255 2547 peccatum
1290 2507 1423 2547 potest
1452 2498 1685 2546 contingere
1707 2495 1785 2533 nisi

546 2712 573 2731 ⁴7.
596 2704 624 2730 A
644 2703 672 2729 in
696 2711 808 2737 marag
844 2703 934 2730 Nola.
971 2703 1062 2737 Quod
1085 2704 1227 2730 voluntw
1254 2703 1313 2729 Dei
1334 2704 1435 2737 polest
1462 2702 1587 2736 impleri
1611 2701 1784 2736 dup'lzcller

477 2745 503 2764 12
537 2739 579 2764 A:
601 2740 745 2772 ny<·ee·‹.ispr·
773 2738 812 2764 il.
843 2739 869 2764 A
897 2738 925 2763 in
954 2746 1040 2772 1111112
1064 2747 1068 2763 :
1098 2747 1119 2764 1
1144 2737 1233 2764 Nom.
1264 2737 1353 2772 Quod
1372 2737 1556 2771 omniaque
1584 2737 1724 2762 uenient
1749 2735 1787 2762 d<

477 2773 654 2799 nectssitlrle
679 2780 727 2798 eit
723 2773 826 2799 nient.
937 2780 980 2797 2η
1002 2773 1029 2811 A
1050 2773 1077 2798 in
1102 2780 1186 2805 1111111,
1243 2778 1268 2797 2.
1384 2780 1427 2798 22
1449 2771 1549 2798 Codd
1561 2781 1565 2797 :
1588 2774 1616 2797 el
1635 2778 1784 2805 acczpetme

477 2813 521 2834 2ῑ.1>
543 2809 569 2833 A
592 2808 619 2833 in
643 2815 727 2840 marg,
778 2815 809 2840 3¹.
894 2814 937 2835 127.
960 2808 987 2833 A
1008 2806 1036 2833 in
1060 2793 1389 2839 11]ἱ111ζ.2ῃ1.“ἶο.Α
1410 2806 1439 2832 in
1463 2814 1574 2839 11111121
1603 2805 1682 2832 Nota
1705 2805 1788 2839 quod

477 2850 564 2867 omnt
580 2827 738 2876 peccaluni
759 2841 848 2867 habet
866 2838 978 2875 duplex
1000 2850 1072 2867 esse.
1094 2841 1252 2867 Peccatum
1273 2841 1362 2867 habet
1374 2841 1489 2874 duplex
1503 2848 1583 2872 esse,
1582 2849 1587 2854 ·
1606 2840 1646 2866 ib.
1668 2841 1713 2866 A.
1735 2847 1786 2866 cx-

476 2877 590 2902 ten-slve
609 2877 763 2911 loquendo
785 2877 881 2902 twice.
954 2875 995 2903 35.
1016 2877 1045 2902 A
1066 2877 1094 2902 in
1118 2884 1231 2910 1111112,-
1255 2884 1283 2902 2.
