2003 3322
180 225 268 253 CAP-
290 217 356 270 XL]
652 227 863 259 sECUNDA
891 227 1016 258 PARs.
1697 218 1770 254 281

179 333 323 369 Videat
356 345 450 380 ergo
482 333 645 368 studens
678 332 920 380 scripturam
954 345 1108 368 sacram
1133 333 1242 380 quod
1265 345 1346 368 non
1370 333 1486 368 cadat

181 391 221 427 in
260 390 492 438 superbiam
534 391 593 427 vel
633 390 811 427 offendat
850 390 890 426 in
927 390 1137 427 veritatem
1174 389 1416 426 catholicam
1450 398 1487 426 et

181 450 318 485 credat
350 448 512 484 indubie
545 447 765 496 quemlibet
796 448 916 484 talem
953 460 1126 485 sensum.

239 507 317 543 Sed
349 518 421 554 pro
461 505 665 542 intellectu
706 505 902 553 scripture
942 514 999 542 est
1038 506 1261 542 notandum
1302 504 1487 552 inprimis
1520 510 1753 559 ”ljriplequse-of

148 565 289 612 §quod
342 563 604 600 terminorum
659 563 904 611 significacio
958 572 995 600 et
1041 576 1180 600 eorum
1227 561 1488 610 equivocacio
1528 544 1749 615 ᾗηῦξέῑῗρᾚὲὲ,

182 630 492 670 cognoscantur.
525 622 721 658 Voluntas
755 621 917 669 quidem
942 620 1013 657 Dei
1047 620 1243 669 accipitur
1275 619 1489 668 tripliciter

180 679 220 715 in
265 679 477 727 scriptura,
526 679 659 727 primo
705 678 974 715 essencialiter
1018 692 1090 726 pro
1130 681 1214 715 Deo
1253 678 1411 714 volente
1451 686 1488 714 et

180 738 356 773 secundo
389 749 462 785 pro
503 736 713 773 volucione
752 745 888 773 eterna
927 749 1005 785 qua
1038 739 1143 772 Deus
1181 736 1264 772 vult
1302 735 1357 771 sic
1391 747 1486 781 esse,

180 803 217 831 et
248 794 316 831 illa
348 795 532 831 voluntas
564 808 645 831 non
678 803 735 830 est
768 794 957 830 distincta
991 794 1169 830 essencia
1201 806 1223 830 a
1256 795 1354 840 Deo,
1395 793 1489 829 licet

128 852 400 889 10f0rrnaliter
439 852 747 900 distinguantur,
800 852 902 888 sicut
937 852 1205 888 communiter
1248 850 1394 887 dicitur
1442 852 1489 886 de

180 910 312 946 divina
364 909 550 955 sciencia,
606 919 643 946 et
687 910 762 946 isto
807 911 927 946 modo
971 922 1065 946 sane
1109 909 1344 957 intelligitur
1390 909 1489 944 illud

180 967 326 1004 Psalmi
357 968 435 1012 CX,
471 978 512 1004 2:
547 968 697 1018 Magna
730 980 847 1017 opera
876 968 1035 1004 Domini
1065 967 1254 1017 exquisita
1290 967 1324 1002 in
1360 979 1490 1003 omues

180 1026 394 1062 voluntates
425 1026 517 1065 eius.
559 1027 636 1062 Sed
667 1025 792 1062 tercio
827 1027 946 1061 modo
980 1025 1177 1073 accipitur
1202 1025 1386 1061 voluntas
1416 1024 1488 1060 Dei

180 1096 253 1131 pro
287 1083 429 1120 effectu
460 1096 579 1131 quem
603 1083 788 1120 voluntas
812 1083 894 1119 eius
919 1083 1058 1120 efficax
1080 1082 1268 1130 producit
1291 1084 1341 1119 ad
1365 1091 1487 1118 extra.

128 1143 228 1177 15Et
267 1141 344 1177 isto
386 1143 506 1177 modo
544 1141 700 1178 videtur
740 1140 988 1189 evangelium
1022 1141 1122 1176 illud
1154 1140 1279 1188 loqui,
1324 1141 1488 1188 quando

181 1200 298 1235 docet
330 1211 464 1235 orare:
497 1200 587 1234 Fiat
620 1200 796 1235 voluntas
828 1207 904 1234 tua.
929 1201 1031 1235 Nam
1054 1211 1127 1235 nec
1149 1199 1334 1235 voluntas
1357 1198 1488 1246 prima

180 1269 253 1293 nec
297 1258 472 1293 secunda
511 1256 699 1293 factibilis
739 1265 809 1303 est,
856 1269 945 1293 cum
985 1269 1065 1293 non
1103 1256 1252 1305 poterit
1291 1269 1374 1292 esse
1411 1256 1488 1292 nisi

180 1314 230 1350 sit
263 1323 401 1351 eterna
434 1323 470 1350 et
503 1326 573 1362 per
606 1327 857 1363 consequens
889 1327 971 1351 non
1003 1314 1152 1362 poterit
1185 1327 1268 1351 esse
1300 1315 1419 1350 facta.

237 1373 414 1409 Ulterius
467 1372 679 1420 diligenter
730 1374 953 1408 notandum
1008 1381 1066 1408 est
1118 1374 1226 1421 quod
1272 1371 1487 1420 dupliciter
1503 1378 1601 1406 God’s
1620 1379 1682 1419 wijll
1708 1388 1779 1415 may

124 1443 165 1463 20
180 1438 310 1478 potest
342 1430 526 1467 voluntas
549 1430 621 1467 Dei
653 1430 738 1466 fieri
762 1431 823 1467 vel
855 1430 1027 1479 impleri,
1060 1429 1211 1467 scilicet
1245 1429 1408 1476 directe,
1443 1438 1487 1466 ut
1547 1414 1732 1483 giesgffssnffl

180 1497 296 1524 sonat
318 1487 358 1523 in
381 1489 529 1524 bonum
556 1497 593 1524 et
620 1488 716 1524 utile
749 1497 944 1533 creature,
977 1489 1038 1524 vel
1068 1488 1274 1533 indirecte,
1305 1497 1349 1523 ut
1371 1496 1487 1524 sonat
1519 1483 1758 1553 iiissiitiffiijs'sseffs'

183 1545 224 1581 in
256 1546 403 1582 iustum
438 1546 651 1583 occasione
692 1547 785 1582 data
823 1559 845 1582 a
883 1554 1068 1583 creatura
1100 1555 1307 1594 peccante.
1352 1548 1400 1581 Et
1432 1546 1487 1582 ita
1553 1561 1589 1580 or
1607 1553 1725 1588 justice.

184 1616 273 1640 curn
298 1605 405 1640 Deus
437 1604 488 1640 sit
520 1613 677 1640 eternus
711 1616 954 1652 cognoscens
988 1603 1124 1640 omnia
1147 1604 1369 1652 presencia,
1399 1616 1487 1652 pre-

182 1661 299 1698 terita
346 1670 383 1697 et
427 1662 573 1708 futura,
624 1674 787 1698 necesse
831 1671 888 1698 est
934 1664 1043 1711 quod
1086 1663 1280 1699 voluntas·
1322 1661 1394 1698 Dei
1440 1663 1488 1698 de

127 1722 165 1752 25
182 1720 369 1755 omnibus
414 1719 528 1756 bonis
572 1721 633 1756 vel
678 1719 793 1756 malis
832 1719 986 1757 homini
1025 1720 1075 1756 sit
1114 1720 1290 1768 impleta.
1344 1722 1392 1755 Et
1431 1719 1487 1756 sic

182 1777 410 1825 intelligunt
457 1777 621 1826 quidam
668 1778 767 1814 illud
811 1777 960 1815 Psalmi
1006 1779 1209 1824 CXXXIV,
1256 1780 1298 1814 6:
1351 1778 1487 1814 Omnia

182 1847 398 1884 quecunque
441 1836 558 1871 voluit
591 1836 781 1872 Dominus
809 1836 930 1884 fecit,·
985 1845 1021 1872 et
1067 1837 1286 1872 concordat
1336 1835 1487 1872 dictum

183 1892 389 1941 Stephani,
428 1895 592 1942 quando
631 1893 726 1930 dicit
764 1894 849 1930 Act.
885 1895 966 1940 VII,
1009 1895 1071 1931 51:
1116 1895 1230 1930 Dura
1269 1894 1418 1930 cervice
1455 1901 1490 1929 et

183 1951 457 1987 incircumcisis
500 1952 681 1988 cordibus
735 1959 769 1988 et
821 1952 980 1988 auribus
1023 1964 1089 1988 vos
1137 1964 1289 2001 semper
1337 1951 1492 2000 spiritui

126 2012 312 2044 3osanct0
346 2009 536 2055 resistitis,
568 2009 665 2045 sicut
696 2016 731 2045 et
757 2017 894 2058 patres
926 2010 1056 2055 vestri,
1089 2010 1140 2045 ita
1173 2018 1208 2046 et
1240 2022 1319 2046 vos.
1354 2012 1402 2046 Et
1435 2009 1490 2045 sic

182 2065 409 2114 intelligunt
455 2066 553 2102 illud
601 2067 784 2115 Apostoli
824 2067 1028 2103 Timothei
1073 2069 1116 2113 II,
1158 2080 1202 2113 4:
1254 2068 1362 2104 Deus
1410 2067 1491 2103 vult

183 2136 312 2160 omnes
350 2124 521 2160 homines
558 2125 689 2161 salvos
715 2125 823 2175 fieri.
869 2127 975 2161 Deus
1022 2125 1128 2161 enim
1171 2126 1254 2162 vult
1292 2134 1486 2174 quantum

182 2190 239 2218 est
272 2194 315 2217 ex
346 2190 460 2230 parte
492 2182 552 2218 sui
584 2184 693 2231 quod
725 2195 865 2219 omnes
898 2182 1080 2219 homines
1102 2183 1205 2219 iuste
1227 2183 1374 2220 vivant.
1408 2185 1489 2218 Nec

183 2239 358 2287 aliquem
393 2241 587 2288 dampnat
619 2240 694 2277 nisi
727 2240 940 2277 occasione
972 2240 1128 2289 peccati
1161 2241 1328 2289 proprii,
1364 2249 1401 2277 et
1434 2240 1490 2276 sic

126 2299 165 2333 05
183 2299 288 2333 Deus
320 2298 402 2333 vult
435 2310 575 2333 omnes
609 2298 792 2335 homines
825 2299 955 2335 salvos
980 2298 1079 2345 fieri,
1113 2311 1194 2335 non
1217 2300 1324 2347 quod
1349 2310 1489 2335 omnes

184 2354 365 2391 homines
405 2364 496 2391 sunt
535 2355 645 2402 salvi,
692 2356 785 2404 quia
824 2365 920 2393 tunc
953 2357 1028 2393 hoc
1062 2365 1165 2393 esset
1196 2369 1348 2402 verum,
1398 2369 1489 2392 curn

181 2413 366 2448 voluntas
390 2413 462 2449 Dei
494 2426 575 2449 non
607 2414 731 2449 fertur
764 2427 884 2462 super
915 2415 1074 2461 falsum,
1107 2416 1176 2450 sed
1209 2416 1317 2463 quod
1350 2426 1488 2450 omnes

182 2470 364 2506 homines
396 2470 474 2506 sint
506 2470 615 2507 salvi.
650 2473 737 2508 Hoc
769 2480 827 2508 est
860 2472 969 2520 ipsos
1001 2472 1166 2519 obligat,
1199 2481 1242 2508 ut
1264 2472 1319 2508 sic
1343 2471 1491 2508 faciant

182 2536 226 2564 ut
275 2529 496 2573 salventur;
550 2538 587 2564 et
631 2529 673 2564 in
717 2529 793 2566 ista
838 2529 1152 2578 equivocacione
1197 2529 1361 2578 plurimi
1398 2537 1491 2565 sunt

122 2598 168 2628 40
184 2586 354 2634 decepti.
396 2587 470 2622 Per
503 2587 578 2622 hoc
611 2595 720 2634 patet
753 2589 862 2635 quod
894 2589 1093 2624 orandum
1127 2596 1199 2633 est,
1231 2596 1274 2624 ut
1305 2588 1490 2625 voluntas

251 2742 279 2769 6.
301 2742 339 2769 B:
361 2745 590 2775 cognosc-atum
609 2743 648 2770 ib.
672 2745 700 2770 A
719 2744 748 2770 in
772 2752 885 2779 marg:
912 2744 1056 2771 Voluntas
1073 2744 1133 2771 Dei
1148 2744 1314 2779 tripliciter
1327 2744 1489 2779 accipitur.

183 2785 208 2811 7.
229 2778 257 2804 A
277 2777 307 2803 111
330 2786 443 2811 marg:
465 2786 487 2804 1.
595 2777 622 2805 8.
646 2780 669 2804 Α
692 2778 721 2804 in
744 2787 857 2813 marg:
880 2786 908 2805 2.
1000 2786 1038 2805 12.
1058 2780 1103 2805 A:
1125 2778 1255 2814 Magna.
1353 2778 1390 2805 13.
1411 2780 1439 2805 A
1460 2779 1489 2804 in

184 2819 296 2846 marg:
318 2820 350 2846 3.
460 2812 496 2838 15.
519 2812 557 2838 B:
587 2813 670 2839 istud
688 2821 744 2847 pro
765 2813 850 2839 illud.
958 2821 1000 2848 19-
1022 2814 1050 2840 A
1069 2813 1100 2840 in
1121 2821 1234 2853 marg:
1270 2813 1415 2840 Voluntas
1434 2812 1494 2839 Dei

176 2848 281 2880 polest
299 2846 462 2880 dupliciter
481 2847 611 2881 impleri.
634 2855 657 2873 1.
740 2856 789 2881 40.
813 2849 840 2874 A
861 2848 891 2874 in
912 2855 1023 2882 marg:
1046 2847 1093 2874 De
1111 2848 1230 2882 triplici
1244 2849 1403 2874 voluntate
1422 2847 1491 2874 Dei.
