2003 3322
193 216 282 244 CAP.
303 206 413 260 xxn]
709 217 849 248 PRIMA
876 216 1002 248 PARS.

194 324 401 361 ecclesiam
425 324 597 360 finaliter
620 322 832 359 dominari.
858 324 935 359 Sed
959 322 1051 359 licet
1068 320 1303 357 Antichristi
1320 320 1505 367 discipuli

193 381 353 430 spissim
386 381 584 417 seminent
616 382 718 417 hanc
748 380 919 416 heresim
946 381 986 416 in
1004 379 1192 428 presenti,
1227 388 1362 414 tamen
1388 380 1505 414 bene-

194 441 321 476 dictus
354 440 403 476 sit
436 439 631 475 Dominus
663 438 841 475 veritatis
874 438 1019 485 fugatis
1053 438 1140 474 aliis
1172 436 1398 473 vecorditer
1438 436 1504 484 qui

193 498 233 533 in
265 498 340 533 isto
373 497 554 533 iuvarent
587 496 794 533 ecclesiam
829 509 872 532 ex
906 496 977 532 Dei
1011 495 1145 543 gracia
1179 496 1359 531 membra
1392 494 1505 529 Anti-

161 555 330 592 §christi
374 555 576 602 reciproce
622 567 661 590 se
702 555 952 590 conculcant.
1009 556 1056 589 Et
1096 554 1158 589 hic
1206 552 1352 600 poterit
1396 552 1505 599 tangi

194 615 339 650 abusus
373 613 551 649 decimus
585 614 804 649 secundum
839 613 1011 648 formam
1046 625 1166 660 quam
1201 610 1341 647 recitat
1372 611 1506 657 Augu-

194 671 339 708 stinus:

251 730 448 775 Decimus,
492 728 634 776 inquit,
680 729 873 764 abusionis
904 729 1057 778 gradus
1090 735 1156 772 est,
1205 727 1403 776 episcopus
1445 739 1507 761 ne-

192 787 359 837 gligens,
400 787 464 835 qui
491 787 645 836 gradus
676 787 736 822 sui
766 787 948 822 honorem
989 786 1088 822 inter
1126 786 1296 821 homines
1335 784 1507 832 requirit,

140 862 178 882 1ο
192 845 260 881 sed
291 845 495 881 ministerii
524 845 584 879 sui
605 844 831 894 dignitatem
857 857 988 880 coram
1013 845 1097 879 Deo
1116 856 1192 892 pro
1216 855 1287 891 quo
1311 843 1509 891 legacione

184 903 377 953 fungitur
408 915 480 938 non
514 903 689 938 custodit.
738 902 869 938 Primo
903 914 1066 950 namque
1104 902 1149 937 ab
1190 901 1378 950 episcopo,
1419 900 1509 948 qnid

193 961 355 997 nominis
405 960 466 996 sui
516 960 687 1010 dignitas
730 967 854 995 teneat
906 961 1138 1009 inquiratur,
1191 959 1368 1007 quoniam
1422 970 1505 993 cum

193 1019 392 1068 episcopus
424 1030 558 1054 nomen
597 1019 764 1053 Grecum
804 1019 853 1053 sit
891 1025 926 1054 et
956 1018 1181 1067 speculator
1213 1018 1506 1065 interpretatur.

199 1077 332 1125 Quare
377 1088 468 1112 vero
518 1076 740 1125 speculator
778 1077 940 1125 ponitur
983 1083 1017 1112 et
1062 1076 1152 1125 quid
1195 1089 1216 1110 a
1267 1075 1510 1124 speculatore

141 1134 417 1183 15requiritzir,
462 1134 654 1170 Dominus
698 1134 778 1182 ipse
823 1135 1003 1179 denudat,
1056 1147 1140 1169 cum
1185 1134 1253 1169 sub
1292 1133 1510 1185 Ezechielis

189 1192 381 1241 prophete
408 1204 577 1241 persona
612 1192 788 1240 episcopo
821 1192 944 1241 officii
972 1192 1033 1228 sui
1064 1193 1258 1227 racionem
1293 1191 1506 1235 denunciat,

192 1251 243 1285 ita
277 1250 425 1286 dicens:
464 1250 753 1299 Speculatorem
795 1250 884 1285 a'ea'i
924 1258 959 1286 te
997 1251 1130 1286 domui
1159 1249 1295 1286 Israel.
1341 1248 1510 1284 Audiens

193 1320 290 1358 ergo
329 1320 380 1344 ex
418 1320 485 1343 ore
524 1321 606 1343 meo
653 1320 867 1343 sermonem
913 1309 1109 1344 nunciabis
1153 1309 1205 1344 eis
1250 1319 1300 1343 ex
1344 1319 1414 1342 me.
1469 1307 1512 1342 St

75 1373 156 1406 3622
192 1373 318 1402 autem
364 1366 509 1401 videris
546 1366 722 1415 gladium
763 1366 969 1402 venientem
1000 1364 1003 1413 Ι
1034 1374 1068 1402 et
1110 1374 1149 1401 111
1190 1378 1262 1401 11011
1301 1365 1508 1400 annuncia-

137 1444 178 1464 20
194 1424 296 1460 veris
329 1431 369 1459 ut
401 1431 625 1459 revertatur
659 1424 797 1472 impius
830 1437 851 1459 a
886 1424 945 1459 via
978 1437 1061 1470 sua,
1095 1425 1175 1472 ipse
1198 1424 1347 1472 quidem
1372 1423 1510 1472 impius

193 1482 228 1518 111
262 1482 459 1530 iniquitate
481 1494 549 1517 sua
573 1482 783 1527 111ον16111ν,θ
813 1483 1040 1532 sanguinem
1074 1490 1200 1518 autem
1225 1482 1303 1517 eius
1327 1482 1373 1517 de
1396 1494 1509 1516 manu

194 1547 257 1575 tua
292 1540 500 1588 requiram.
548 1540 590 1574 Si
621 1547 747 1575 autem
780 1540 1074 1576 annunciaveris
1108 1548 1142 1576 et
1181 1540 1246 1575 ille
1284 1552 1357 1575 11011
1380 1539 1511 1587 suerit

194 1610 387 1644 reversus,
433 1598 513 1646 ipse
545 1598 695 1646 quidem
736 1599 770 1633 in
811 1598 1008 1646 iniquitate
1045 1611 1115 1634 sua
1148 1598 1339 1634 morietur
1370 1598 1439 1633 sed
1471 1604 1509 1632 tu

192 1656 359 1691 animam
404 1663 508 1691 tuam
546 1656 727 1692 liberasti.
774 1657 898 1692 Docet
939 1669 1037 1705 ergo
1080 1657 1298 1705 episcopum
1343 1655 1509 1691 omnium

138 1724 176 1756 25
196 1713 329 1762 quibus
380 1714 415 1749 in
469 1714 733 1763 speculacione
784 1714 935 1762 positus
987 1722 1041 1750 est
1088 1721 1249 1763 peccata
1303 1713 1512 1763 diligenter

193 1772 404 1819 attendere,
438 1779 473 1807 et
504 1784 588 1808 cum
628 1772 836 1808 attenderit
873 1785 1050 1808 sermone
1088 1780 1123 1808 et
1154 1780 1242 1808 actu
1281 1772 1315 1808 si
1340 1772 1511 1820 potuerit

194 1830 410 1879 corrigere,
457 1837 492 1865 et
534 1830 568 1865 si
603 1842 675 1866 11011
711 1831 896 1879 potuerit,
941 1831 1051 1866 iuxta
1096 1830 1289 1881 evangelii
1331 1830 1509 1880 regulam

192 1888 379 1924 scelerum
422 1888 624 1936 operarios
656 1888 862 1924 declinare.
909 1889 1121 1934 Stantem,
1171 1889 1290 1937 inquit
1321 1887 1512 1924 Dominus

194 1946 228 1981 in
263 1946 477 1996 evangelio,
506 1946 729 1995 peccaverit
760 1946 796 1981 in
830 1954 865 1982 te
887 1946 1028 1994 frater
1058 1959 1163 1994 suus,
1209 1946 1365 1995 corripe
1402 1946 1509 1981 illum

136 2017 177 2049 30
193 2004 293 2039 inter
315 2011 350 2039 te
377 2011 412 2039 et
434 2004 580 2052 ipsum,-
610 2004 644 2039 si
665 2012 701 2039 te
723 2004 904 2049 audierit,
931 2005 1106 2040 lucratus
1129 2017 1167 2041 es
1180 2005 1359 2053 fratrem
1384 2011 1512 2039 tuum:

191 2062 225 2097 si
255 2071 290 2097 te
321 2074 393 2097 non
426 2062 605 2107 audierit,
650 2062 788 2097 aa'lzibe
826 2063 953 2098 adlzuc
991 2070 1114 2098 tecum
1155 2075 1269 2098 111111111
1311 2063 1370 2098 vel
1402 2062 1509 2105 duos,

193 2127 231 2154 111
263 2120 298 2154 111
332 2131 399 2155 ore
422 2121 587 2154 duorum
618 2120 678 2155 vel
709 2121 826 2155 trium
859 2121 1009 2156 testium
1032 2128 1105 2156 stet
1127 2133 1236 2156 omne
1265 2120 1436 2156 verbum.
1471 2119 1514 2154 Si

192 2178 278 2213 illos
311 2190 382 2213 non
416 2178 596 2221 audierit,
638 2178 698 2213 a’ic
730 2179 896 2214 ecclesie.
932 2179 974 2212 Si
1005 2178 1203 2214 ecclesiam
1234 2191 1307 2214 11011
1330 2177 1510 2223 audierit,

191 2235 239 2270 sit
270 2235 341 2270 sibi
371 2236 469 2271 sicut
501 2236 673 2271 ethnicus
705 2243 739 2270 et
766 2236 1007 2285 publicanus.

136 2305 174 2338 35
256 2293 342 2328 Tali
385 2293 520 2328 ordine
564 2293 818 2342 expellendus
872 2301 940 2339 est,
994 2295 1205 2343 quicunque
1257 2293 1411 2329 doctori
1454 2293 1512 2328 vel

193 2351 368 2399 episcopo
402 2363 474 2386 non
507 2352 681 2389 adlzeret.
716 2352 769 2386 Et
796 2352 860 2400 qui
890 2352 961 2387 tali
991 2353 1127 2387 ordine
1159 2353 1345 2401 expulsus
1368 2351 1509 2399 fuerit,

192 2409 238 2443 ab
270 2408 346 2444 alio
379 2409 507 2458 aliquo
541 2409 701 2445 doctore
734 2410 794 2444 vel
826 2410 1003 2459 episcopo
1037 2410 1159 2459 recipi
1189 2423 1261 2446 11011
1296 2410 1416 2445 debet.
1450 2409 1512 2444 De

192 2467 394 2503 sacerdote
441 2479 604 2515 namque
647 2467 834 2516 scriptum
884 2475 939 2503 est
991 2468 1027 2503 in
1073 2468 1179 2518 lege:
1238 2468 1398 2502 Viduam
1446 2473 1512 2501 aut

261 2681 288 2708 8.
310 2682 337 2708 A
358 2681 388 2708 in
411 2689 525 2716 marga:
549 2681 676 2708 Decima
696 2682 815 2709 abusio.
891 2690 918 2716 ς).
940 2683 967 2709 Α
989 2682 1018 2708 iu
1041 2690 1155 2717 marg:
1176 2683 1380 2718 Augustinus.

260 2798 292 2830 9.
329 2788 376 2818 Sti
419 2789 615 2831 Augustini,
663 2789 684 2820 1.
718 2800 746 2820 c.
785 2799 818 2830 p.
853 2789 930 2820 215.
1088 2800 1139 2824 11.
1178 2790 1216 2821 II.
1257 2790 1336 2820 Cor.
1375 2790 1417 2827 V,
1457 2799 1511 2822 20.

196 2834 245 2865 15.
272 2833 400 2865 Ezech.
424 2834 478 2875 ΠΙ,
510 2845 560 2877 17.
640 2834 693 2870 28.
720 2835 840 2867 Matth.
866 2836 989 2876 XVIII,
1023 2835 1072 2870 15,
1162 2834 1218 2874 38.
1245 2836 1354 2867 Levit.
1372 2836 1460 2875 XXI,
1479 2844 1510 2877 7.

1743 204 1790 252 75

1554 328 1754 355 Antichrist⁷s

1550 363 1695 397 disciplcs
1716 371 1767 389 are

1585 398 1733 433 mutually

1532 433 1670 466 treading
1692 432 1783 459 down

1562 469 1635 496 each
1656 468 1751 495 other.

1557 735 1757 770 Angustmc's

1550 771 1607 797 102¹*
1627 771 1734 801 abiise:
1759 778 1775 796 a

1585 805 1737 840 negligent

1601 841 1721 874 bisliop.
