<?xml version="1.0" encoding="UTF-8"?>
<!DOCTYPE html PUBLIC "-//W3C//DTD XHTML 1.0 Transitional//EN"
    "http://www.w3.org/TR/xhtml1/DTD/xhtml1-transitional.dtd">
<html xmlns="http://www.w3.org/1999/xhtml" xml:lang="en" lang="en">
 <head>
  <title>
</title>
<meta http-equiv="Content-Type" content="text/html;charset=utf-8" />
  <meta name='ocr-system' content='tesseract 3.04.00' />
  <meta name='ocr-capabilities' content='ocr_page ocr_carea ocr_par ocr_line ocrx_word'/>
</head>
<body>
  <div class='ocr_page' id='page_1' title='image "./opusevangelicum12wycl/opusevangelicum12wycl_0443.png"; bbox 0 0 2003 3322; ppageno 0'>
   <div class='ocr_carea' id='block_1_1' title="bbox 196 179 1791 236">
    <p class='ocr_par' dir='ltr' id='par_1_1' title="bbox 196 179 1791 236">
     <span class='ocr_line' id='line_1_1' title="bbox 196 179 1791 236; baseline -0.003 -12"><span class='ocrx_word' id='word_1_1' title='bbox 196 188 284 219; x_wconf 68' lang='lat' dir='ltr'>CAP.</span> <span class='ocrx_word' id='word_1_2' title='bbox 319 179 382 236; x_wconf 62' lang='lat' dir='ltr'>rr]</span> <span class='ocrx_word' id='word_1_3' title='bbox 662 190 872 225; x_wconf 82' lang='lat' dir='ltr'><strong>SECUNDA</strong></span> <span class='ocrx_word' id='word_1_4' title='bbox 899 189 1024 224; x_wconf 79' lang='lat' dir='ltr'>PARS.</span> <span class='ocrx_word' id='word_1_5' title='bbox 1712 180 1791 229; x_wconf 82' lang='lat'>433</span> 
     </span>
    </p>
   </div>
   <div class='ocr_carea' id='block_1_2' title="bbox 135 296 1797 2540">
    <p class='ocr_par' dir='ltr' id='par_1_2' title="bbox 135 296 1797 2540">
     <span class='ocr_line' id='line_1_2' title="bbox 194 296 1504 346; baseline -0.002 -11"><span class='ocrx_word' id='word_1_6' title='bbox 194 299 349 335; x_wconf 89' lang='lat' dir='ltr'>cionem</span> <span class='ocrx_word' id='word_1_7' title='bbox 382 299 548 335; x_wconf 86' lang='lat' dir='ltr'>istorum</span> <span class='ocrx_word' id='word_1_8' title='bbox 582 300 823 346; x_wconf 81' lang='lat' dir='ltr'>apponenda</span> <span class='ocrx_word' id='word_1_9' title='bbox 860 307 917 334; x_wconf 89' lang='lat' dir='ltr'>est</span> <span class='ocrx_word' id='word_1_10' title='bbox 942 310 1087 346; x_wconf 86' lang='lat' dir='ltr'>magna</span> <span class='ocrx_word' id='word_1_11' title='bbox 1110 297 1321 346; x_wconf 80' lang='lat' dir='ltr'>diligencia</span> <span class='ocrx_word' id='word_1_12' title='bbox 1348 296 1504 334; x_wconf 88' lang='lat' dir='ltr'>viatori.</span> 
     </span>
     <span class='ocr_line' id='line_1_3' title="bbox 192 355 1506 405; baseline 0 -13"><span class='ocrx_word' id='word_1_13' title='bbox 192 358 288 393; x_wconf 93' lang='lat' dir='ltr'>Ideo</span> <span class='ocrx_word' id='word_1_14' title='bbox 322 356 418 393; x_wconf 91' lang='lat' dir='ltr'>dicit</span> <span class='ocrx_word' id='word_1_15' title='bbox 452 355 641 404; x_wconf 84' lang='lat' dir='ltr'>magister</span> <span class='ocrx_word' id='word_1_16' title='bbox 673 356 869 404; x_wconf 87' lang='lat' dir='ltr'>optimus:</span> <span class='ocrx_word' id='word_1_17' title='bbox 903 357 935 391; x_wconf 94' lang='lat' dir='ltr'><em>A</em></span> <span class='ocrx_word' id='word_1_18' title='bbox 958 356 1162 404; x_wconf 82' lang='lat' dir='ltr'>fructibus</span> <span class='ocrx_word' id='word_1_19' title='bbox 1194 368 1327 392; x_wconf 86' lang='lat' dir='ltr'>eorum</span> <span class='ocrx_word' id='word_1_20' title='bbox 1361 368 1506 405; x_wconf 80' lang='lat' dir='ltr'>cogno-</span> 
     </span>
     <span class='ocr_line' id='line_1_4' title="bbox 192 413 1507 461; baseline -0.001 -11"><span class='ocrx_word' id='word_1_21' title='bbox 192 414 303 450; x_wconf 80' lang='lat' dir='ltr'>scetis</span> <span class='ocrx_word' id='word_1_22' title='bbox 336 426 411 450; x_wconf 83' lang='lat' dir='ltr'>eos.</span> <span class='ocrx_word' id='word_1_23' title='bbox 446 413 487 450; x_wconf 86' lang='lat' dir='ltr'>Si</span> <span class='ocrx_word' id='word_1_24' title='bbox 520 414 626 450; x_wconf 89' lang='lat' dir='ltr'>enim</span> <span class='ocrx_word' id='word_1_25' title='bbox 660 422 751 449; x_wconf 90' lang='lat' dir='ltr'>sunt</span> <span class='ocrx_word' id='word_1_26' title='bbox 783 413 865 450; x_wconf 88' lang='lat' dir='ltr'>veri</span> <span class='ocrx_word' id='word_1_27' title='bbox 898 422 1091 461; x_wconf 82' lang='lat' dir='ltr'>pastores,</span> <span class='ocrx_word' id='word_1_28' title='bbox 1126 422 1222 450; x_wconf 91' lang='lat' dir='ltr'>tunc</span> <span class='ocrx_word' id='word_1_29' title='bbox 1255 413 1295 449; x_wconf 91' lang='lat' dir='ltr'>in</span> <span class='ocrx_word' id='word_1_30' title='bbox 1328 413 1507 449; x_wconf 89' lang='lat' dir='ltr'>moribus</span> 
     </span>
     <span class='ocr_line' id='line_1_5' title="bbox 192 471 1506 519; baseline -0.001 -12"><span class='ocrx_word' id='word_1_31' title='bbox 192 480 382 507; x_wconf 84' lang='lat' dir='ltr'>secuntur</span> <span class='ocrx_word' id='word_1_32' title='bbox 405 471 609 507; x_wconf 83' lang='lat' dir='ltr'>Christum</span> <span class='ocrx_word' id='word_1_33' title='bbox 656 480 694 507; x_wconf 90' lang='lat' dir='ltr'>et</span> <span class='ocrx_word' id='word_1_34' title='bbox 727 483 797 519; x_wconf 88' lang='lat' dir='ltr'>per</span> <span class='ocrx_word' id='word_1_35' title='bbox 829 483 1078 519; x_wconf 89' lang='lat' dir='ltr'>consequens</span> <span class='ocrx_word' id='word_1_36' title='bbox 1111 480 1201 507; x_wconf 89' lang='lat' dir='ltr'>sunt</span> <span class='ocrx_word' id='word_1_37' title='bbox 1229 479 1337 507; x_wconf 88' lang='lat' dir='ltr'>terra</span> <span class='ocrx_word' id='word_1_38' title='bbox 1370 479 1506 507; x_wconf 86' lang='lat' dir='ltr'>aratro</span> 
     </span>
     <span class='ocr_line' id='line_1_6' title="bbox 160 528 1505 577; baseline -0.001 -12"><span class='ocrx_word' id='word_1_39' title='bbox 160 529 264 565; x_wconf 65' lang='lat' dir='ltr'>§Dei</span> <span class='ocrx_word' id='word_1_40' title='bbox 297 529 391 566; x_wconf 88' lang='lat' dir='ltr'>trita</span> <span class='ocrx_word' id='word_1_41' title='bbox 423 541 564 577; x_wconf 81' lang='lat' dir='ltr'>gerens</span> <span class='ocrx_word' id='word_1_42' title='bbox 597 529 843 565; x_wconf 88' lang='lat' dir='ltr'>frumentum</span> <span class='ocrx_word' id='word_1_43' title='bbox 876 529 916 565; x_wconf 91' lang='lat' dir='ltr'>in</span> <span class='ocrx_word' id='word_1_44' title='bbox 951 528 1151 565; x_wconf 91' lang='lat' dir='ltr'>mentibus</span> <span class='ocrx_word' id='word_1_45' title='bbox 1191 528 1371 564; x_wconf 87' lang='lat' dir='ltr'>fidelium</span> <span class='ocrx_word' id='word_1_46' title='bbox 1405 541 1505 577; x_wconf 91' lang='lat' dir='ltr'>quos</span> 
     </span>
     <span class='ocr_line' id='line_1_7' title="bbox 193 586 1507 635; baseline -0.001 -12"><span class='ocrx_word' id='word_1_47' title='bbox 193 586 319 623; x_wconf 86' lang='lat' dir='ltr'>eciam</span> <span class='ocrx_word' id='word_1_48' title='bbox 352 587 499 623; x_wconf 89' lang='lat' dir='ltr'>colunt.</span> <span class='ocrx_word' id='word_1_49' title='bbox 534 586 574 623; x_wconf 87' lang='lat' dir='ltr'>Si</span> <span class='ocrx_word' id='word_1_50' title='bbox 607 595 739 623; x_wconf 88' lang='lat' dir='ltr'>autern</span> <span class='ocrx_word' id='word_1_51' title='bbox 763 586 972 635; x_wconf 85' lang='lat' dir='ltr'>privantur</span> <span class='ocrx_word' id='word_1_52' title='bbox 1004 587 1080 624; x_wconf 90' lang='lat' dir='ltr'>hoc</span> <span class='ocrx_word' id='word_1_53' title='bbox 1112 587 1257 634; x_wconf 84' lang='lat' dir='ltr'>fructu,</span> <span class='ocrx_word' id='word_1_54' title='bbox 1293 595 1389 622; x_wconf 89' lang='lat' dir='ltr'>tunc</span> <span class='ocrx_word' id='word_1_55' title='bbox 1415 595 1507 622; x_wconf 91' lang='lat' dir='ltr'>sunt</span> 
     </span>
     <span class='ocr_line' id='line_1_8' title="bbox 192 644 549 692; baseline 0 -12"><span class='ocrx_word' id='word_1_56' title='bbox 192 644 275 692; x_wconf 89' lang='lat' dir='ltr'>lupi</span> <span class='ocrx_word' id='word_1_57' title='bbox 307 645 367 681; x_wconf 93' lang='lat' dir='ltr'>vel</span> <span class='ocrx_word' id='word_1_58' title='bbox 399 645 549 692; x_wconf 88' lang='lat' dir='ltr'>vulpes.</span> 
     </span>
     <span class='ocr_line' id='line_1_9' title="bbox 250 701 1797 751; baseline -0.001 -13"><span class='ocrx_word' id='word_1_59' title='bbox 250 702 366 738; x_wconf 84' lang='lat' dir='ltr'>Ponit</span> <span class='ocrx_word' id='word_1_60' title='bbox 404 712 537 738; x_wconf 88' lang='lat' dir='ltr'>autem</span> <span class='ocrx_word' id='word_1_61' title='bbox 578 702 848 738; x_wconf 87' lang='lat' dir='ltr'>Crisostomus</span> <span class='ocrx_word' id='word_1_62' title='bbox 891 711 972 739; x_wconf 88' lang='lat' dir='ltr'>tres</span> <span class='ocrx_word' id='word_1_63' title='bbox 1017 701 1274 739; x_wconf 84' lang='lat' dir='ltr'>condiciones</span> <span class='ocrx_word' id='word_1_64' title='bbox 1312 714 1388 751; x_wconf 88' lang='lat' dir='ltr'>que</span> <span class='ocrx_word' id='word_1_65' title='bbox 1429 702 1505 738; x_wconf 89' lang='lat' dir='ltr'>hiis</span> <span class='ocrx_word' id='word_1_66' title='bbox 1521 709 1622 737; x_wconf 81' lang='lat' dir='ltr'>Three</span> <span class='ocrx_word' id='word_1_67' title='bbox 1649 710 1797 750; x_wconf 47' lang='lat' dir='ltr'>note-{01</span> 
     </span>
     <span class='ocr_line' id='line_1_10' title="bbox 191 745 1796 814; baseline 0.001 -19"><span class='ocrx_word' id='word_1_68' title='bbox 191 759 295 808; x_wconf 91' lang='lat' dir='ltr'>lupis</span> <span class='ocrx_word' id='word_1_69' title='bbox 341 759 594 805; x_wconf 83' lang='lat' dir='ltr'>conveniunt,</span> <span class='ocrx_word' id='word_1_70' title='bbox 640 760 771 808; x_wconf 90' lang='lat' dir='ltr'>prima</span> <span class='ocrx_word' id='word_1_71' title='bbox 816 762 923 808; x_wconf 90' lang='lat' dir='ltr'>quod</span> <span class='ocrx_word' id='word_1_72' title='bbox 969 761 1086 808; x_wconf 90' lang='lat' dir='ltr'>lupus</span> <span class='ocrx_word' id='word_1_73' title='bbox 1133 772 1247 796; x_wconf 90' lang='lat' dir='ltr'>verso</span> <span class='ocrx_word' id='word_1_74' title='bbox 1293 760 1424 808; x_wconf 88' lang='lat' dir='ltr'>capite</span> <span class='ocrx_word' id='word_1_75' title='bbox 1465 760 1503 795; x_wconf 92' lang='lat' dir='ltr'>in</span> <span class='ocrx_word' id='word_1_76' title='bbox 1520 745 1796 814; x_wconf 49' lang='lat' dir='ltr'>{gssfflvgsffiispcsffssefj</span> 
     </span>
     <span class='ocr_line' id='line_1_11' title="bbox 139 817 1505 866; baseline 0.001 -13"><span class='ocrx_word' id='word_1_77' title='bbox 139 833 177 853; x_wconf 84' lang='lat'>10</span> <span class='ocrx_word' id='word_1_78' title='bbox 192 830 282 854; x_wconf 90' lang='lat' dir='ltr'>aere</span> <span class='ocrx_word' id='word_1_79' title='bbox 326 826 466 854; x_wconf 88' lang='lat' dir='ltr'>contra</span> <span class='ocrx_word' id='word_1_80' title='bbox 511 818 638 853; x_wconf 89' lang='lat' dir='ltr'>celum</span> <span class='ocrx_word' id='word_1_81' title='bbox 679 818 817 862; x_wconf 88' lang='lat' dir='ltr'>ululat,</span> <span class='ocrx_word' id='word_1_82' title='bbox 857 820 1033 854; x_wconf 86' lang='lat' dir='ltr'>secunda</span> <span class='ocrx_word' id='word_1_83' title='bbox 1072 817 1257 854; x_wconf 86' lang='lat' dir='ltr'>condicio</span> <span class='ocrx_word' id='word_1_84' title='bbox 1297 827 1355 854; x_wconf 88' lang='lat' dir='ltr'>est</span> <span class='ocrx_word' id='word_1_85' title='bbox 1395 819 1505 866; x_wconf 89' lang='lat' dir='ltr'>quod</span> 
     </span>
     <span class='ocr_line' id='line_1_12' title="bbox 190 875 1505 923; baseline 0.002 -13"><span class='ocrx_word' id='word_1_86' title='bbox 190 875 308 923; x_wconf 90' lang='lat' dir='ltr'>lupus</span> <span class='ocrx_word' id='word_1_87' title='bbox 355 875 540 911; x_wconf 90' lang='lat' dir='ltr'>carnibus</span> <span class='ocrx_word' id='word_1_88' title='bbox 585 875 818 921; x_wconf 80' lang='lat' dir='ltr'>delectatur,</span> <span class='ocrx_word' id='word_1_89' title='bbox 872 875 996 912; x_wconf 87' lang='lat' dir='ltr'>tercia</span> <span class='ocrx_word' id='word_1_90' title='bbox 1048 875 1234 912; x_wconf 90' lang='lat' dir='ltr'>condicio</span> <span class='ocrx_word' id='word_1_91' title='bbox 1287 884 1344 912; x_wconf 88' lang='lat' dir='ltr'>est</span> <span class='ocrx_word' id='word_1_92' title='bbox 1396 877 1505 923; x_wconf 92' lang='lat' dir='ltr'>quod</span> 
     </span>
     <span class='ocr_line' id='line_1_13' title="bbox 191 932 1504 981; baseline 0 -13"><span class='ocrx_word' id='word_1_93' title='bbox 191 934 307 981; x_wconf 89' lang='lat' dir='ltr'>lupus</span> <span class='ocrx_word' id='word_1_94' title='bbox 339 946 547 981; x_wconf 92' lang='lat' dir='ltr'>nunquam</span> <span class='ocrx_word' id='word_1_95' title='bbox 580 932 714 970; x_wconf 92' lang='lat' dir='ltr'>visitat</span> <span class='ocrx_word' id='word_1_96' title='bbox 745 945 838 969; x_wconf 89' lang='lat' dir='ltr'>oves</span> <span class='ocrx_word' id='word_1_97' title='bbox 869 933 945 970; x_wconf 90' lang='lat' dir='ltr'>nisi</span> <span class='ocrx_word' id='word_1_98' title='bbox 979 941 1143 981; x_wconf 86' lang='lat' dir='ltr'>propter</span> <span class='ocrx_word' id='word_1_99' title='bbox 1177 945 1313 969; x_wconf 88' lang='lat' dir='ltr'>earum</span> <span class='ocrx_word' id='word_1_100' title='bbox 1338 934 1504 970; x_wconf 89' lang='lat' dir='ltr'>malum.</span> 
     </span>
     <span class='ocr_line' id='line_1_14' title="bbox 192 990 1199 1028; baseline 0.001 -2"><span class='ocrx_word' id='word_1_101' title='bbox 192 992 239 1026; x_wconf 89' lang='lat' dir='ltr'>Et</span> <span class='ocrx_word' id='word_1_102' title='bbox 272 999 350 1027; x_wconf 87' lang='lat' dir='ltr'>tres</span> <span class='ocrx_word' id='word_1_103' title='bbox 383 990 642 1027; x_wconf 83' lang='lat' dir='ltr'>condiciones</span> <span class='ocrx_word' id='word_1_104' title='bbox 675 991 876 1028; x_wconf 88' lang='lat' dir='ltr'>contrarie</span> <span class='ocrx_word' id='word_1_105' title='bbox 908 1000 1000 1027; x_wconf 90' lang='lat' dir='ltr'>sunt</span> <span class='ocrx_word' id='word_1_106' title='bbox 1033 992 1081 1027; x_wconf 91' lang='lat' dir='ltr'>de</span> <span class='ocrx_word' id='word_1_107' title='bbox 1114 1003 1199 1027; x_wconf 90' lang='lat' dir='ltr'>ove.</span> 
     </span>
     <span class='ocr_line' id='line_1_15' title="bbox 249 1048 1743 1104; baseline 0.001 -20"><span class='ocrx_word' id='word_1_108' title='bbox 249 1048 383 1096; x_wconf 90' lang='lat' dir='ltr'>Incipe</span> <span class='ocrx_word' id='word_1_109' title='bbox 413 1061 506 1096; x_wconf 84' lang='lat' dir='ltr'>ergo</span> <span class='ocrx_word' id='word_1_110' title='bbox 536 1061 558 1085; x_wconf 91' lang='lat' dir='ltr'>a</span> <span class='ocrx_word' id='word_1_111' title='bbox 582 1050 765 1085; x_wconf 87' lang='lat' dir='ltr'>Romano</span> <span class='ocrx_word' id='word_1_112' title='bbox 795 1049 986 1097; x_wconf 87' lang='lat' dir='ltr'>pontifice</span> <span class='ocrx_word' id='word_1_113' title='bbox 1017 1061 1107 1085; x_wconf 91' lang='lat' dir='ltr'>cum</span> <span class='ocrx_word' id='word_1_114' title='bbox 1137 1049 1217 1085; x_wconf 91' lang='lat' dir='ltr'>suis</span> <span class='ocrx_word' id='word_1_115' title='bbox 1242 1048 1507 1097; x_wconf 91' lang='lat' dir='ltr'>complicibus</span> <span class='ocrx_word' id='word_1_116' title='bbox 1575 1068 1642 1096; x_wconf 80' lang='lat' dir='ltr'>The</span> <span class='ocrx_word' id='word_1_117' title='bbox 1663 1077 1743 1104; x_wconf 81' lang='lat' dir='ltr'>pope</span> 
     </span>
     <span class='ocr_line' id='line_1_16' title="bbox 140 1104 1794 1166; baseline 0.002 -26"><span class='ocrx_word' id='word_1_118' title='bbox 140 1109 229 1145; x_wconf 70' lang='lat' dir='ltr'>1iret</span> <span class='ocrx_word' id='word_1_119' title='bbox 268 1106 357 1143; x_wconf 89' lang='lat' dir='ltr'>vide</span> <span class='ocrx_word' id='word_1_120' title='bbox 397 1106 429 1142; x_wconf 90' lang='lat' dir='ltr'>si</span> <span class='ocrx_word' id='word_1_121' title='bbox 466 1108 588 1143; x_wconf 89' lang='lat' dir='ltr'>verba</span> <span class='ocrx_word' id='word_1_122' title='bbox 626 1106 865 1143; x_wconf 89' lang='lat' dir='ltr'>humilitatis</span> <span class='ocrx_word' id='word_1_123' title='bbox 905 1116 942 1143; x_wconf 85' lang='lat' dir='ltr'>et</span> <span class='ocrx_word' id='word_1_124' title='bbox 979 1106 1207 1155; x_wconf 85' lang='lat' dir='ltr'>fragilitatis</span> <span class='ocrx_word' id='word_1_125' title='bbox 1246 1116 1427 1155; x_wconf 90' lang='lat' dir='ltr'>pastores</span> <span class='ocrx_word' id='word_1_126' title='bbox 1466 1119 1507 1143; x_wconf 93' lang='lat' dir='ltr'>se</span> <span class='ocrx_word' id='word_1_127' title='bbox 1523 1104 1794 1166; x_wconf 47' lang='grc' dir='ltr'>Πῐῑᾚῑῑῗίξὲδίξὴῗῇξ-</span> 
     </span>
     <span class='ocr_line' id='line_1_17' title="bbox 192 1159 1794 1210; baseline 0.001 -10"><span class='ocrx_word' id='word_1_128' title='bbox 192 1164 426 1200; x_wconf 89' lang='lat' dir='ltr'>confitentes</span> <span class='ocrx_word' id='word_1_129' title='bbox 464 1164 505 1200; x_wconf 88' lang='lat' dir='ltr'>in</span> <span class='ocrx_word' id='word_1_130' title='bbox 544 1163 679 1200; x_wconf 84' lang='lat' dir='ltr'>officio</span> <span class='ocrx_word' id='word_1_131' title='bbox 719 1177 791 1201; x_wconf 93' lang='lat' dir='ltr'>suo</span> <span class='ocrx_word' id='word_1_132' title='bbox 831 1164 1000 1201; x_wconf 89' lang='lat' dir='ltr'>deficere</span> <span class='ocrx_word' id='word_1_133' title='bbox 1039 1164 1115 1201; x_wconf 88' lang='lat' dir='ltr'>ista</span> <span class='ocrx_word' id='word_1_134' title='bbox 1152 1173 1260 1201; x_wconf 90' lang='lat' dir='ltr'>secta</span> <span class='ocrx_word' id='word_1_135' title='bbox 1301 1164 1505 1210; x_wconf 90' lang='lat' dir='ltr'>vociferat,</span> <span class='ocrx_word' id='word_1_136' title='bbox 1522 1159 1611 1200; x_wconf 57' lang='lat' dir='ltr'>claim</span> <span class='ocrx_word' id='word_1_137' title='bbox 1632 1172 1794 1208; x_wconf 83' lang='lat' dir='ltr'>ofpower.</span> 
     </span>
     <span class='ocr_line' id='line_1_18' title="bbox 191 1221 1507 1271; baseline 0 -13"><span class='ocrx_word' id='word_1_138' title='bbox 191 1221 288 1270; x_wconf 90' lang='lat' dir='ltr'>quin</span> <span class='ocrx_word' id='word_1_139' title='bbox 319 1221 457 1270; x_wconf 89' lang='lat' dir='ltr'>pocius</span> <span class='ocrx_word' id='word_1_140' title='bbox 489 1221 683 1258; x_wconf 86' lang='lat' dir='ltr'>inutiliter</span> <span class='ocrx_word' id='word_1_141' title='bbox 715 1231 953 1270; x_wconf 86' lang='lat' dir='ltr'>potestatem</span> <span class='ocrx_word' id='word_1_142' title='bbox 988 1235 1101 1259; x_wconf 90' lang='lat' dir='ltr'>suam</span> <span class='ocrx_word' id='word_1_143' title='bbox 1137 1222 1368 1270; x_wconf 84' lang='lat' dir='ltr'>magnificat</span> <span class='ocrx_word' id='word_1_144' title='bbox 1398 1223 1507 1271; x_wconf 90' lang='lat' dir='ltr'>quod</span> 
     </span>
     <span class='ocr_line' id='line_1_19' title="bbox 190 1279 1505 1329; baseline -0.001 -13"><span class='ocrx_word' id='word_1_145' title='bbox 190 1280 240 1316; x_wconf 93' lang='lat' dir='ltr'>sit</span> <span class='ocrx_word' id='word_1_146' title='bbox 280 1279 536 1316; x_wconf 88' lang='lat' dir='ltr'>immediatus</span> <span class='ocrx_word' id='word_1_147' title='bbox 580 1279 728 1316; x_wconf 85' lang='lat' dir='ltr'>Christi</span> <span class='ocrx_word' id='word_1_148' title='bbox 771 1280 942 1316; x_wconf 87' lang='lat' dir='ltr'>vicarius</span> <span class='ocrx_word' id='word_1_149' title='bbox 988 1280 1051 1317; x_wconf 88' lang='lat' dir='ltr'>hic</span> <span class='ocrx_word' id='word_1_150' title='bbox 1095 1280 1136 1316; x_wconf 91' lang='lat' dir='ltr'>in</span> <span class='ocrx_word' id='word_1_151' title='bbox 1181 1281 1243 1317; x_wconf 86' lang='lat' dir='ltr'>via</span> <span class='ocrx_word' id='word_1_152' title='bbox 1309 1289 1346 1317; x_wconf 93' lang='lat' dir='ltr'>et</span> <span class='ocrx_word' id='word_1_153' title='bbox 1397 1281 1505 1329; x_wconf 93' lang='lat' dir='ltr'>quod</span> 
     </span>
     <span class='ocr_line' id='line_1_20' title="bbox 191 1338 1506 1387; baseline 0.001 -14"><span class='ocrx_word' id='word_1_154' title='bbox 191 1338 310 1374; x_wconf 88' lang='lat' dir='ltr'>habet</span> <span class='ocrx_word' id='word_1_155' title='bbox 341 1346 494 1374; x_wconf 87' lang='lat' dir='ltr'>tantam</span> <span class='ocrx_word' id='word_1_156' title='bbox 528 1346 783 1386; x_wconf 85' lang='lat' dir='ltr'>potestatem,</span> <span class='ocrx_word' id='word_1_157' title='bbox 816 1338 918 1374; x_wconf 89' lang='lat' dir='ltr'>sicut</span> <span class='ocrx_word' id='word_1_158' title='bbox 951 1338 1090 1374; x_wconf 89' lang='lat' dir='ltr'>habuit</span> <span class='ocrx_word' id='word_1_159' title='bbox 1122 1338 1267 1387; x_wconf 89' lang='lat' dir='ltr'>aliquis</span> <span class='ocrx_word' id='word_1_160' title='bbox 1300 1338 1506 1386; x_wconf 86' lang='lat' dir='ltr'>apostolus</span> 
     </span>
     <span class='ocr_line' id='line_1_21' title="bbox 136 1395 1506 1444; baseline 0.001 -13"><span class='ocrx_word' id='word_1_161' title='bbox 136 1395 252 1432; x_wconf 87' lang='lat' dir='ltr'>2ovel</span> <span class='ocrx_word' id='word_1_162' title='bbox 295 1395 509 1441; x_wconf 80' lang='lat' dir='ltr'>maiorem3</span> <span class='ocrx_word' id='word_1_163' title='bbox 555 1404 593 1432; x_wconf 88' lang='lat' dir='ltr'>et</span> <span class='ocrx_word' id='word_1_164' title='bbox 637 1395 692 1432; x_wconf 89' lang='lat' dir='ltr'>ita</span> <span class='ocrx_word' id='word_1_165' title='bbox 738 1404 870 1444; x_wconf 90' lang='lat' dir='ltr'>potest</span> <span class='ocrx_word' id='word_1_166' title='bbox 925 1408 1208 1444; x_wconf 86' lang='lat' dir='ltr'>quemcunque</span> <span class='ocrx_word' id='word_1_167' title='bbox 1258 1395 1431 1433; x_wconf 87' lang='lat' dir='ltr'>voluerit</span> <span class='ocrx_word' id='word_1_168' title='bbox 1483 1408 1506 1432; x_wconf 87' lang='lat' dir='ltr'>a</span> 
     </span>
     <span class='ocr_line' id='line_1_22' title="bbox 192 1453 1505 1502; baseline 0.002 -13"><span class='ocrx_word' id='word_1_169' title='bbox 192 1462 358 1501; x_wconf 89' lang='lat' dir='ltr'>peccato</span> <span class='ocrx_word' id='word_1_170' title='bbox 392 1454 612 1501; x_wconf 86' lang='lat' dir='ltr'>absolvere⁷</span> <span class='ocrx_word' id='word_1_171' title='bbox 647 1466 887 1502; x_wconf 88' lang='lat' dir='ltr'>quecunque</span> <span class='ocrx_word' id='word_1_172' title='bbox 926 1453 1135 1502; x_wconf 86' lang='lat' dir='ltr'>privilegia</span> <span class='ocrx_word' id='word_1_173' title='bbox 1167 1453 1332 1491; x_wconf 89' lang='lat' dir='ltr'>celestia</span> <span class='ocrx_word' id='word_1_174' title='bbox 1365 1466 1505 1491; x_wconf 90' lang='lat' dir='ltr'>conce-</span> 
     </span>
     <span class='ocr_line' id='line_1_23' title="bbox 192 1511 1503 1560; baseline 0.001 -13"><span class='ocrx_word' id='word_1_175' title='bbox 192 1513 284 1547; x_wconf 89' lang='lat' dir='ltr'>dere</span> <span class='ocrx_word' id='word_1_176' title='bbox 323 1520 361 1547; x_wconf 90' lang='lat' dir='ltr'>et</span> <span class='ocrx_word' id='word_1_177' title='bbox 400 1524 481 1547; x_wconf 91' lang='lat' dir='ltr'>non</span> <span class='ocrx_word' id='word_1_178' title='bbox 519 1523 699 1559; x_wconf 88' lang='lat' dir='ltr'>peccare,</span> <span class='ocrx_word' id='word_1_179' title='bbox 740 1513 834 1548; x_wconf 90' lang='lat' dir='ltr'>dum</span> <span class='ocrx_word' id='word_1_180' title='bbox 875 1511 1131 1560; x_wconf 78' lang='lat' dir='ltr'>occupaverit</span> <span class='ocrx_word' id='word_1_181' title='bbox 1170 1512 1277 1548; x_wconf 92' lang='lat' dir='ltr'>istud</span> <span class='ocrx_word' id='word_1_182' title='bbox 1309 1511 1503 1549; x_wconf 89' lang='lat' dir='ltr'>officium.</span> 
     </span>
     <span class='ocr_line' id='line_1_24' title="bbox 248 1569 1504 1618; baseline 0.002 -14"><span class='ocrx_word' id='word_1_183' title='bbox 248 1570 326 1605; x_wconf 86' lang='lat' dir='ltr'>Sed</span> <span class='ocrx_word' id='word_1_184' title='bbox 364 1569 432 1605; x_wconf 94' lang='lat' dir='ltr'>ubi</span> <span class='ocrx_word' id='word_1_185' title='bbox 463 1581 562 1617; x_wconf 86' lang='lat' dir='ltr'>rogo</span> <span class='ocrx_word' id='word_1_186' title='bbox 595 1569 724 1606; x_wconf 87' lang='lat' dir='ltr'>maior</span> <span class='ocrx_word' id='word_1_187' title='bbox 757 1569 1006 1618; x_wconf 89' lang='lat' dir='ltr'>blasphemia</span> <span class='ocrx_word' id='word_1_188' title='bbox 1039 1578 1182 1606; x_wconf 91' lang='lat' dir='ltr'>contra</span> <span class='ocrx_word' id='word_1_189' title='bbox 1215 1569 1369 1606; x_wconf 85' lang='lat' dir='ltr'>Deum?</span> <span class='ocrx_word' id='word_1_190' title='bbox 1414 1582 1504 1606; x_wconf 89' lang='lat' dir='ltr'>cum</span> 
     </span>
     <span class='ocr_line' id='line_1_25' title="bbox 191 1627 1506 1676; baseline 0.001 -14"><span class='ocrx_word' id='word_1_191' title='bbox 191 1628 331 1663; x_wconf 88' lang='lat' dir='ltr'>Petrus</span> <span class='ocrx_word' id='word_1_192' title='bbox 375 1627 554 1675; x_wconf 87' lang='lat' dir='ltr'>peccavit</span> <span class='ocrx_word' id='word_1_193' title='bbox 598 1628 782 1675; x_wconf 85' lang='lat' dir='ltr'>negando</span> <span class='ocrx_word' id='word_1_194' title='bbox 827 1627 1030 1664; x_wconf 87' lang='lat' dir='ltr'>Christum</span> <span class='ocrx_word' id='word_1_195' title='bbox 1079 1636 1117 1664; x_wconf 91' lang='lat' dir='ltr'>et</span> <span class='ocrx_word' id='word_1_196' title='bbox 1165 1627 1286 1664; x_wconf 89' lang='lat' dir='ltr'>ceteri</span> <span class='ocrx_word' id='word_1_197' title='bbox 1334 1627 1506 1676; x_wconf 89' lang='lat' dir='ltr'>apostoli</span> 
     </span>
     <span class='ocr_line' id='line_1_26' title="bbox 135 1685 1506 1734; baseline 0 -13"><span class='ocrx_word' id='word_1_198' title='bbox 135 1688 175 1720; x_wconf 76' lang='lat'>25</span> <span class='ocrx_word' id='word_1_199' title='bbox 191 1693 468 1732; x_wconf 87' lang='lat' dir='ltr'>peccaverunt.</span> <span class='ocrx_word' id='word_1_200' title='bbox 492 1685 699 1734; x_wconf 88' lang='lat' dir='ltr'>Numquid</span> <span class='ocrx_word' id='word_1_201' title='bbox 721 1685 796 1722; x_wconf 89' lang='lat' dir='ltr'>iste</span> <span class='ocrx_word' id='word_1_202' title='bbox 821 1686 938 1733; x_wconf 91' lang='lat' dir='ltr'>lupus</span> <span class='ocrx_word' id='word_1_203' title='bbox 962 1685 1012 1721; x_wconf 91' lang='lat' dir='ltr'>sit</span> <span class='ocrx_word' id='word_1_204' title='bbox 1037 1685 1166 1722; x_wconf 89' lang='lat' dir='ltr'>maior</span> <span class='ocrx_word' id='word_1_205' title='bbox 1188 1685 1264 1722; x_wconf 91' lang='lat' dir='ltr'>illis</span> <span class='ocrx_word' id='word_1_206' title='bbox 1288 1685 1506 1734; x_wconf 83' lang='lat' dir='ltr'>apostolis?</span> 
     </span>
     <span class='ocr_line' id='line_1_27' title="bbox 192 1742 1504 1792; baseline 0.001 -13"><span class='ocrx_word' id='word_1_207' title='bbox 192 1743 269 1779; x_wconf 88' lang='lat' dir='ltr'>Sed</span> <span class='ocrx_word' id='word_1_208' title='bbox 301 1742 439 1779; x_wconf 88' lang='lat' dir='ltr'>omnia</span> <span class='ocrx_word' id='word_1_209' title='bbox 470 1742 546 1779; x_wconf 88' lang='lat' dir='ltr'>ista</span> <span class='ocrx_word' id='word_1_210' title='bbox 577 1743 797 1791; x_wconf 89' lang='lat' dir='ltr'>ypocritice</span> <span class='ocrx_word' id='word_1_211' title='bbox 837 1744 1129 1791; x_wconf 88' lang='lat' dir='ltr'>pretenduntur</span> <span class='ocrx_word' id='word_1_212' title='bbox 1160 1752 1325 1792; x_wconf 90' lang='lat' dir='ltr'>propter</span> <span class='ocrx_word' id='word_1_213' title='bbox 1357 1743 1504 1780; x_wconf 84' lang='lat' dir='ltr'>fastum</span> 
     </span>
     <span class='ocr_line' id='line_1_28' title="bbox 193 1800 1506 1849; baseline 0.001 -13"><span class='ocrx_word' id='word_1_214' title='bbox 193 1808 230 1836; x_wconf 90' lang='lat' dir='ltr'>et</span> <span class='ocrx_word' id='word_1_215' title='bbox 262 1800 490 1849; x_wconf 88' lang='lat' dir='ltr'>cupidinem</span> <span class='ocrx_word' id='word_1_216' title='bbox 524 1813 658 1837; x_wconf 87' lang='lat' dir='ltr'>rerum</span> <span class='ocrx_word' id='word_1_217' title='bbox 693 1800 847 1848; x_wconf 87' lang='lat' dir='ltr'>mundi,</span> <span class='ocrx_word' id='word_1_218' title='bbox 887 1813 961 1837; x_wconf 90' lang='lat' dir='ltr'>nec</span> <span class='ocrx_word' id='word_1_219' title='bbox 995 1810 1052 1837; x_wconf 90' lang='lat' dir='ltr'>est</span> <span class='ocrx_word' id='word_1_220' title='bbox 1075 1800 1211 1849; x_wconf 88' lang='lat' dir='ltr'>aliqua</span> <span class='ocrx_word' id='word_1_221' title='bbox 1244 1801 1322 1838; x_wconf 86' lang='lat' dir='ltr'>alia</span> <span class='ocrx_word' id='word_1_222' title='bbox 1353 1801 1506 1838; x_wconf 86' lang='lat' dir='ltr'>utilitas</span> 
     </span>
     <span class='ocr_line' id='line_1_29' title="bbox 193 1857 1506 1907; baseline 0.001 -13"><span class='ocrx_word' id='word_1_223' title='bbox 193 1857 233 1894; x_wconf 91' lang='lat' dir='ltr'>in</span> <span class='ocrx_word' id='word_1_224' title='bbox 286 1859 361 1895; x_wconf 91' lang='lat' dir='ltr'>hac</span> <span class='ocrx_word' id='word_1_225' title='bbox 412 1859 648 1907; x_wconf 87' lang='lat' dir='ltr'>blasphema</span> <span class='ocrx_word' id='word_1_226' title='bbox 700 1858 967 1907; x_wconf 88' lang='lat' dir='ltr'>pompacione</span> <span class='ocrx_word' id='word_1_227' title='bbox 1019 1860 1087 1895; x_wconf 89' lang='lat' dir='ltr'>sed</span> <span class='ocrx_word' id='word_1_228' title='bbox 1131 1859 1356 1907; x_wconf 86' lang='lat' dir='ltr'>periculum</span> <span class='ocrx_word' id='word_1_229' title='bbox 1409 1858 1506 1896; x_wconf 89' lang='lat' dir='ltr'>satis</span> 
     </span>
     <span class='ocr_line' id='line_1_30' title="bbox 193 1915 1507 1964; baseline 0.002 -13"><span class='ocrx_word' id='word_1_230' title='bbox 193 1915 378 1964; x_wconf 90' lang='lat' dir='ltr'>spissum.</span> <span class='ocrx_word' id='word_1_231' title='bbox 412 1917 505 1953; x_wconf 89' lang='lat' dir='ltr'>Ideo</span> <span class='ocrx_word' id='word_1_232' title='bbox 538 1918 655 1953; x_wconf 89' lang='lat' dir='ltr'>debet</span> <span class='ocrx_word' id='word_1_233' title='bbox 687 1916 928 1954; x_wconf 88' lang='lat' dir='ltr'>christianus</span> <span class='ocrx_word' id='word_1_234' title='bbox 961 1926 1100 1953; x_wconf 89' lang='lat' dir='ltr'>notare</span> <span class='ocrx_word' id='word_1_235' title='bbox 1124 1916 1349 1953; x_wconf 83' lang='lat' dir='ltr'>doctrinam</span> <span class='ocrx_word' id='word_1_236' title='bbox 1374 1917 1507 1953; x_wconf 91' lang='lat' dir='ltr'>Criso-</span> 
     </span>
     <span class='ocr_line' id='line_1_31' title="bbox 137 1968 1507 2023; baseline 0.001 -14"><span class='ocrx_word' id='word_1_237' title='bbox 137 1978 178 2009; x_wconf 77' lang='lat'>30</span> <span class='ocrx_word' id='word_1_238' title='bbox 193 1974 313 2010; x_wconf 87' lang='lat' dir='ltr'>stomi</span> <span class='ocrx_word' id='word_1_239' title='bbox 353 1983 389 2010; x_wconf 90' lang='lat' dir='ltr'>et</span> <span class='ocrx_word' id='word_1_240' title='bbox 426 1968 560 2011; x_wconf 89' lang='lat' dir='ltr'>videre</span> <span class='ocrx_word' id='word_1_241' title='bbox 599 1976 817 2022; x_wconf 87' lang='lat' dir='ltr'>prudenter</span> <span class='ocrx_word' id='word_1_242' title='bbox 855 1974 951 2023; x_wconf 89' lang='lat' dir='ltr'>quid</span> <span class='ocrx_word' id='word_1_243' title='bbox 998 1974 1088 2011; x_wconf 90' lang='lat' dir='ltr'>talis</span> <span class='ocrx_word' id='word_1_244' title='bbox 1127 1975 1245 2023; x_wconf 90' lang='lat' dir='ltr'>lupus</span> <span class='ocrx_word' id='word_1_245' title='bbox 1283 1975 1424 2011; x_wconf 90' lang='lat' dir='ltr'>fundat</span> <span class='ocrx_word' id='word_1_246' title='bbox 1463 1987 1507 2011; x_wconf 84' lang='lat' dir='ltr'>ex</span> 
     </span>
     <span class='ocr_line' id='line_1_32' title="bbox 193 2031 1506 2081; baseline 0.001 -13"><span class='ocrx_word' id='word_1_247' title='bbox 193 2031 357 2069; x_wconf 85' lang='lat' dir='ltr'>sinceris</span> <span class='ocrx_word' id='word_1_248' title='bbox 397 2032 563 2068; x_wconf 86' lang='lat' dir='ltr'>floribus</span> <span class='ocrx_word' id='word_1_249' title='bbox 604 2032 896 2080; x_wconf 87' lang='lat' dir='ltr'>scripturarum</span> <span class='ocrx_word' id='word_1_250' title='bbox 937 2041 973 2069; x_wconf 88' lang='lat' dir='ltr'>et</span> <span class='ocrx_word' id='word_1_251' title='bbox 1005 2032 1156 2069; x_wconf 86' lang='lat' dir='ltr'>ibidem</span> <span class='ocrx_word' id='word_1_252' title='bbox 1195 2034 1338 2081; x_wconf 91' lang='lat' dir='ltr'>pedem</span> <span class='ocrx_word' id='word_1_253' title='bbox 1384 2032 1506 2080; x_wconf 83' lang='lat' dir='ltr'>figere</span> 
     </span>
     <span class='ocr_line' id='line_1_33' title="bbox 192 2090 1765 2139; baseline -0.001 -14"><span class='ocrx_word' id='word_1_254' title='bbox 192 2102 272 2125; x_wconf 92' lang='lat' dir='ltr'>non</span> <span class='ocrx_word' id='word_1_255' title='bbox 311 2090 481 2138; x_wconf 88' lang='lat' dir='ltr'>amplius</span> <span class='ocrx_word' id='word_1_256' title='bbox 521 2092 720 2127; x_wconf 88' lang='lat' dir='ltr'>credendo</span> <span class='ocrx_word' id='word_1_257' title='bbox 760 2090 829 2126; x_wconf 86' lang='lat' dir='ltr'>tali</span> <span class='ocrx_word' id='word_1_258' title='bbox 867 2091 964 2138; x_wconf 90' lang='lat' dir='ltr'>lupo</span> <span class='ocrx_word' id='word_1_259' title='bbox 1009 2090 1203 2139; x_wconf 90' lang='lat' dir='ltr'>quicquid</span> <span class='ocrx_word' id='word_1_260' title='bbox 1248 2090 1405 2127; x_wconf 84' lang='lat' dir='ltr'>dixerit.</span> <span class='ocrx_word' id='word_1_261' title='bbox 1457 2092 1506 2126; x_wconf 93' lang='lat' dir='ltr'>Et</span> <span class='ocrx_word' id='word_1_262' title='bbox 1545 2096 1765 2136; x_wconf 37' lang='lat' dir='ltr'>The-bishpps</span> 
     </span>
     <span class='ocr_line' id='line_1_34' title="bbox 193 2131 1792 2201; baseline 0.001 -18"><span class='ocrx_word' id='word_1_263' title='bbox 193 2148 331 2184; x_wconf 90' lang='lat' dir='ltr'>eodem</span> <span class='ocrx_word' id='word_1_264' title='bbox 367 2149 486 2184; x_wconf 87' lang='lat' dir='ltr'>modo</span> <span class='ocrx_word' id='word_1_265' title='bbox 519 2149 772 2184; x_wconf 85' lang='lat' dir='ltr'>tractandum</span> <span class='ocrx_word' id='word_1_266' title='bbox 807 2157 864 2184; x_wconf 88' lang='lat' dir='ltr'>est</span> <span class='ocrx_word' id='word_1_267' title='bbox 896 2160 985 2184; x_wconf 89' lang='lat' dir='ltr'>cum</span> <span class='ocrx_word' id='word_1_268' title='bbox 1020 2148 1217 2196; x_wconf 89' lang='lat' dir='ltr'>episcopis</span> <span class='ocrx_word' id='word_1_269' title='bbox 1250 2157 1288 2185; x_wconf 91' lang='lat' dir='ltr'>et</span> <span class='ocrx_word' id='word_1_270' title='bbox 1319 2147 1504 2196; x_wconf 90' lang='lat' dir='ltr'>vulpibus</span> <span class='ocrx_word' id='word_1_271' title='bbox 1519 2131 1792 2201; x_wconf 45' lang='grc' dir='ltr'>ἃὲἓῖἐᾷξξθῖξξὲἐς,</span> 
     </span>
     <span class='ocr_line' id='line_1_35' title="bbox 192 2205 1504 2254; baseline 0.001 -13"><span class='ocrx_word' id='word_1_272' title='bbox 192 2205 394 2242; x_wconf 87' lang='lat' dir='ltr'>sodalibus</span> <span class='ocrx_word' id='word_1_273' title='bbox 427 2206 516 2242; x_wconf 90' lang='lat' dir='ltr'>talis</span> <span class='ocrx_word' id='word_1_274' title='bbox 549 2205 646 2253; x_wconf 90' lang='lat' dir='ltr'>lupi.</span> <span class='ocrx_word' id='word_1_275' title='bbox 681 2208 781 2242; x_wconf 78' lang='lat' dir='ltr'>Nam</span> <span class='ocrx_word' id='word_1_276' title='bbox 813 2207 927 2242; x_wconf 86' lang='lat' dir='ltr'>Cant.</span> <span class='ocrx_word' id='word_1_277' title='bbox 962 2208 1006 2251; x_wconf 87' lang='grc' dir='ltr'>ΙΙ,</span> <span class='ocrx_word' id='word_1_278' title='bbox 1049 2207 1091 2241; x_wconf 81' lang='lat'>15</span> <span class='ocrx_word' id='word_1_279' title='bbox 1129 2205 1300 2254; x_wconf 88' lang='lat' dir='ltr'>Spiritus</span> <span class='ocrx_word' id='word_1_280' title='bbox 1335 2207 1504 2242; x_wconf 86' lang='lat' dir='ltr'>Sanctus</span> 
     </span>
     <span class='ocr_line' id='line_1_36' title="bbox 137 2263 1505 2313; baseline 0.001 -15"><span class='ocrx_word' id='word_1_281' title='bbox 137 2265 176 2298; x_wconf 81' lang='lat'>35</span> <span class='ocrx_word' id='word_1_282' title='bbox 194 2263 454 2311; x_wconf 86' lang='lat' dir='ltr'>conqueritur</span> <span class='ocrx_word' id='word_1_283' title='bbox 485 2263 525 2299; x_wconf 90' lang='lat' dir='ltr'>in</span> <span class='ocrx_word' id='word_1_284' title='bbox 560 2264 630 2299; x_wconf 88' lang='lat' dir='ltr'>hec</span> <span class='ocrx_word' id='word_1_285' title='bbox 662 2265 800 2300; x_wconf 86' lang='lat' dir='ltr'>verba:</span> <span class='ocrx_word' id='word_1_286' title='bbox 839 2263 973 2312; x_wconf 84' lang='lat' dir='ltr'>Capite</span> <span class='ocrx_word' id='word_1_287' title='bbox 1009 2264 1116 2299; x_wconf 81' lang='lat' dir='ltr'>nohis</span> <span class='ocrx_word' id='word_1_288' title='bbox 1154 2264 1287 2313; x_wconf 78' lang='lat' dir='ltr'>vulpes</span> <span class='ocrx_word' id='word_1_289' title='bbox 1312 2264 1505 2313; x_wconf 78' lang='lat' dir='ltr'>parvulas</span> 
     </span>
     <span class='ocr_line' id='line_1_37' title="bbox 192 2321 1504 2370; baseline 0.001 -14"><span class='ocrx_word' id='word_1_290' title='bbox 192 2333 264 2370; x_wconf 83' lang='lat' dir='ltr'>que</span> <span class='ocrx_word' id='word_1_291' title='bbox 311 2321 570 2357; x_wconf 83' lang='lat' dir='ltr'>demoliuntur</span> <span class='ocrx_word' id='word_1_292' title='bbox 616 2321 756 2357; x_wconf 79' lang='lat' dir='ltr'>vineas.</span> <span class='ocrx_word' id='word_1_293' title='bbox 800 2322 950 2369; x_wconf 90' lang='lat' dir='ltr'>Vulpes</span> <span class='ocrx_word' id='word_1_294' title='bbox 992 2329 1126 2357; x_wconf 86' lang='lat' dir='ltr'>autem</span> <span class='ocrx_word' id='word_1_295' title='bbox 1165 2322 1281 2369; x_wconf 89' lang='lat' dir='ltr'>plene</span> <span class='ocrx_word' id='word_1_296' title='bbox 1318 2330 1409 2358; x_wconf 91' lang='lat' dir='ltr'>sunt</span> <span class='ocrx_word' id='word_1_297' title='bbox 1454 2322 1504 2357; x_wconf 91' lang='lat' dir='ltr'>ad</span> 
     </span>
     <span class='ocr_line' id='line_1_38' title="bbox 194 2378 1502 2427; baseline 0.001 -13"><span class='ocrx_word' id='word_1_298' title='bbox 194 2380 457 2415; x_wconf 84' lang='lat' dir='ltr'>exercendum</span> <span class='ocrx_word' id='word_1_299' title='bbox 511 2378 710 2415; x_wconf 86' lang='lat' dir='ltr'>maliciam</span> <span class='ocrx_word' id='word_1_300' title='bbox 763 2391 877 2415; x_wconf 90' lang='lat' dir='ltr'>suam</span> <span class='ocrx_word' id='word_1_301' title='bbox 922 2379 991 2415; x_wconf 91' lang='lat' dir='ltr'>sed</span> <span class='ocrx_word' id='word_1_302' title='bbox 1043 2379 1206 2427; x_wconf 89' lang='lat' dir='ltr'>parvule</span> <span class='ocrx_word' id='word_1_303' title='bbox 1247 2379 1289 2415; x_wconf 93' lang='lat' dir='ltr'>in</span> <span class='ocrx_word' id='word_1_304' title='bbox 1338 2378 1502 2426; x_wconf 83' lang='lat' dir='ltr'>virtute3</span> 
     </span>
     <span class='ocr_line' id='line_1_39' title="bbox 193 2435 1503 2485; baseline 0 -12"><span class='ocrx_word' id='word_1_305' title='bbox 193 2437 342 2473; x_wconf 89' lang='lat' dir='ltr'>habent</span> <span class='ocrx_word' id='word_1_306' title='bbox 379 2445 513 2473; x_wconf 91' lang='lat' dir='ltr'>autem</span> <span class='ocrx_word' id='word_1_307' title='bbox 552 2436 730 2473; x_wconf 86' lang='lat' dir='ltr'>officium</span> <span class='ocrx_word' id='word_1_308' title='bbox 776 2436 882 2472; x_wconf 89' lang='lat' dir='ltr'>istud</span> <span class='ocrx_word' id='word_1_309' title='bbox 927 2435 1171 2473; x_wconf 90' lang='lat' dir='ltr'>diabolicum</span> <span class='ocrx_word' id='word_1_310' title='bbox 1218 2438 1328 2485; x_wconf 93' lang='lat' dir='ltr'>quod</span> <span class='ocrx_word' id='word_1_311' title='bbox 1367 2438 1503 2473; x_wconf 91' lang='lat' dir='ltr'>demo-</span> 
     </span>
     <span class='ocr_line' id='line_1_40' title="bbox 192 2493 1503 2540; baseline 0.001 -10"><span class='ocrx_word' id='word_1_312' title='bbox 192 2493 344 2530; x_wconf 90' lang='lat' dir='ltr'>liuntur</span> <span class='ocrx_word' id='word_1_313' title='bbox 381 2494 528 2540; x_wconf 80' lang='lat' dir='ltr'>vineas,</span> <span class='ocrx_word' id='word_1_314' title='bbox 575 2495 651 2530; x_wconf 89' lang='lat' dir='ltr'>hoc</span> <span class='ocrx_word' id='word_1_315' title='bbox 690 2503 759 2540; x_wconf 83' lang='lat' dir='ltr'>est,</span> <span class='ocrx_word' id='word_1_316' title='bbox 805 2493 992 2530; x_wconf 89' lang='lat' dir='ltr'>ecclesias</span> <span class='ocrx_word' id='word_1_317' title='bbox 1032 2494 1178 2531; x_wconf 90' lang='lat' dir='ltr'>Christi</span> <span class='ocrx_word' id='word_1_318' title='bbox 1216 2495 1398 2531; x_wconf 88' lang='lat' dir='ltr'>nituntur</span> <span class='ocrx_word' id='word_1_319' title='bbox 1437 2496 1503 2531; x_wconf 91' lang='lat' dir='ltr'>de-</span> 
     </span>
    </p>
   </div>
   <div class='ocr_carea' id='block_1_3' title="bbox 134 2551 1502 2598">
    <p class='ocr_par' dir='ltr' id='par_1_3' title="bbox 134 2551 1502 2598">
     <span class='ocr_line' id='line_1_41' title="bbox 134 2551 1502 2598; baseline 0.001 -10"><span class='ocrx_word' id='word_1_320' title='bbox 134 2564 179 2595; x_wconf 86' lang='lat'>40</span> <span class='ocrx_word' id='word_1_321' title='bbox 193 2560 356 2598; x_wconf 85' lang='lat' dir='ltr'>struere,</span> <span class='ocrx_word' id='word_1_322' title='bbox 389 2553 531 2588; x_wconf 88' lang='lat' dir='ltr'>doctor</span> <span class='ocrx_word' id='word_1_323' title='bbox 563 2560 695 2596; x_wconf 88' lang='lat' dir='ltr'>autem</span> <span class='ocrx_word' id='word_1_324' title='bbox 730 2551 950 2589; x_wconf 88' lang='lat' dir='ltr'>catholicus</span> <span class='ocrx_word' id='word_1_325' title='bbox 984 2553 1100 2589; x_wconf 88' lang='lat' dir='ltr'>debet</span> <span class='ocrx_word' id='word_1_326' title='bbox 1132 2551 1333 2590; x_wconf 88' lang='lat' dir='ltr'>versucias</span> <span class='ocrx_word' id='word_1_327' title='bbox 1362 2564 1502 2589; x_wconf 88' lang='lat' dir='ltr'>eorum</span> 
     </span>
    </p>
   </div>
   <div class='ocr_carea' id='block_1_4' title="bbox 192 2709 1505 2848">
    <p class='ocr_par' dir='ltr' id='par_1_4' title="bbox 192 2709 1505 2848">
     <span class='ocr_line' id='line_1_42' title="bbox 261 2709 1501 2750; baseline 0.001 -14"><span class='ocrx_word' id='word_1_328' title='bbox 261 2717 290 2744; x_wconf 86' lang='lat'>9.</span> <span class='ocrx_word' id='word_1_329' title='bbox 321 2710 346 2737; x_wconf 89' lang='lat' dir='ltr'>A</span> <span class='ocrx_word' id='word_1_330' title='bbox 368 2709 398 2736; x_wconf 85' lang='lat' dir='ltr'>in</span> <span class='ocrx_word' id='word_1_331' title='bbox 420 2717 533 2749; x_wconf 77' lang='lat' dir='ltr'>marg.:</span> <span class='ocrx_word' id='word_1_332' title='bbox 555 2717 578 2736; x_wconf 78' lang='grc' dir='ltr'>ι.</span> <span class='ocrx_word' id='word_1_333' title='bbox 687 2717 728 2736; x_wconf 92' lang='lat'>10.</span> <span class='ocrx_word' id='word_1_334' title='bbox 758 2711 787 2737; x_wconf 91' lang='lat' dir='ltr'><strong>A</strong></span> <span class='ocrx_word' id='word_1_335' title='bbox 806 2709 837 2737; x_wconf 91' lang='lat' dir='ltr'>in</span> <span class='ocrx_word' id='word_1_336' title='bbox 865 2717 979 2749; x_wconf 72' lang='lat' dir='ltr'>marg.:</span> <span class='ocrx_word' id='word_1_337' title='bbox 1001 2717 1030 2737; x_wconf 90' lang='lat'>2.</span> <span class='ocrx_word' id='word_1_338' title='bbox 1152 2718 1194 2744; x_wconf 86' lang='lat'>¹4-</span> <span class='ocrx_word' id='word_1_339' title='bbox 1221 2710 1299 2750; x_wconf 72' lang='lat' dir='ltr'>A.i¹¹</span> <span class='ocrx_word' id='word_1_340' title='bbox 1324 2718 1436 2746; x_wconf 47' lang='lat' dir='ltr'>marga</span> <span class='ocrx_word' id='word_1_341' title='bbox 1466 2711 1501 2738; x_wconf 89' lang='lat' dir='ltr'>A.</span> 
     </span>
     <span class='ocr_line' id='line_1_43' title="bbox 193 2743 1502 2785; baseline 0.002 -14"><span class='ocrx_word' id='word_1_342' title='bbox 193 2743 232 2776; x_wconf 86' lang='lat'>15,</span> <span class='ocrx_word' id='word_1_343' title='bbox 251 2744 293 2771; x_wconf 85' lang='lat'>16.</span> <span class='ocrx_word' id='word_1_344' title='bbox 313 2743 335 2770; x_wconf 89' lang='lat' dir='ltr'>B</span> <span class='ocrx_word' id='word_1_345' title='bbox 347 2754 352 2771; x_wconf 95' lang='lat'><strong>:</strong></span> <span class='ocrx_word' id='word_1_346' title='bbox 365 2747 505 2779; x_wconf 67' lang='lat' dir='ltr'>pastoris</span> <span class='ocrx_word' id='word_1_347' title='bbox 517 2752 549 2771; x_wconf 84' lang='lat' dir='ltr'>se</span> <span class='ocrx_word' id='word_1_348' title='bbox 562 2743 751 2784; x_wconf 67' lang='lat' dir='ltr'>confitentes.</span> <span class='ocrx_word' id='word_1_349' title='bbox 824 2752 864 2779; x_wconf 86' lang='lat'>17.</span> <span class='ocrx_word' id='word_1_350' title='bbox 879 2746 908 2772; x_wconf 91' lang='lat' dir='ltr'>A</span> <span class='ocrx_word' id='word_1_351' title='bbox 922 2752 953 2772; x_wconf 88' lang='lat'>111</span> <span class='ocrx_word' id='word_1_352' title='bbox 975 2752 1090 2784; x_wconf 59' lang='lat' dir='ltr'>marg:</span> <span class='ocrx_word' id='word_1_353' title='bbox 1114 2743 1333 2785; x_wconf 56' lang='lat' dir='ltr'>Copzcguszones</span> <span class='ocrx_word' id='word_1_354' title='bbox 1346 2744 1502 2782; x_wconf 63' lang='lat' dir='ltr'>blasfeme.</span> 
     </span>
     <span class='ocr_line' id='line_1_44' title="bbox 192 2777 1505 2848; baseline 0.001 -42"><span class='ocrx_word' id='word_1_355' title='bbox 192 2777 803 2848; x_wconf 35' lang='lat' dir='ltr'>&amp;hadamar-&amp;322-Osszquzlq.v²llpie9.</span> <span class='ocrx_word' id='word_1_356' title='bbox 835 2780 880 2806; x_wconf 92' lang='lat' dir='ltr'>A:</span> <span class='ocrx_word' id='word_1_357' title='bbox 907 2778 979 2806; x_wconf 84' lang='lat' dir='ltr'>Ideo</span> <span class='ocrx_word' id='word_1_358' title='bbox 999 2779 1075 2806; x_wconf 74' lang='lat' dir='ltr'>a&#39;zctt</span> <span class='ocrx_word' id='word_1_359' title='bbox 1095 2779 1291 2807; x_wconf 76' lang='lat' dir='ltr'>clzrzstzanus.</span> <span class='ocrx_word' id='word_1_360' title='bbox 1323 2780 1395 2808; x_wconf 82' lang='lat' dir='ltr'>Ideo</span> <span class='ocrx_word' id='word_1_361' title='bbox 1416 2780 1505 2807; x_wconf 75' lang='lat' dir='ltr'>debet</span> 
     </span>
    </p>
   </div>
   <div class='ocr_carea' id='block_1_5' title="bbox 1323 2862 1363 2893">
    <p class='ocr_par' dir='ltr' id='par_1_5' title="bbox 1323 2862 1363 2893">
     <span class='ocr_line' id='line_1_45' title="bbox 1323 2862 1363 2893; baseline 0 0"><span class='ocrx_word' id='word_1_362' title='bbox 1323 2862 1363 2893; x_wconf 85' lang='lat'>28</span> 
     </span>
    </p>
   </div>
  </div>
 </body>
</html>
