2003 3322
177 220 254 254 226
873 224 991 255 opos
1018 223 1355 254 EVANGELICUM
1572 212 1678 264 [CAP.
1701 222 1777 249 LXI.

464 332 695 367 traditorem
729 331 889 366 Domini
915 342 989 379 per
1015 330 1263 379 proplietam,
1308 342 1393 365 nam
1428 330 1497 365 illa
1538 330 1595 378 (ut
1636 330 1777 366 dictum

465 390 537 437 est)
565 389 788 438 predicacio
809 388 1059 436 futurorum,
1095 399 1167 423 non
1201 387 1350 436 optacio
1383 387 1564 436 supplicii
1583 388 1680 436 fuit,
1713 401 1779 424 nec

195 456 249 483 Yet
269 455 320 482 the
341 454 426 481 souls
464 447 561 484 sicut
592 447 638 482 ab
670 446 856 496 Apostolo
889 453 1022 482 contra
1055 445 1342 492 Alexandrum,
1382 458 1469 480 nam
1510 452 1544 481 et
1583 446 1670 481 inde
1701 446 1776 482 iam

188 489 451 560 ungreJSIggetgll-tar
464 505 560 542 satis
592 504 733 540 dictum
768 511 823 540 est
854 504 922 540 sed
953 503 1049 539 sicut
1082 503 1118 538 in
1142 503 1386 553 Apocalypsi
1404 503 1591 541 Johannis
1614 503 1780 553 legimus

221 565 404 594 vengeance.
465 570 669 614 martyres
701 574 817 598 orare
849 569 889 597 ut
923 561 1176 606 vindicentur,
1209 573 1292 596 cum
1327 561 1391 596 ille
1417 561 1572 609 primus
1604 564 1812 612 martyr,5

466 628 506 656 ut
538 620 820 670 lapidatoribus
851 619 931 655 suis
962 619 1243 669 ignosceretur,
1276 618 1460 654 oraverit.

527 679 604 714 Sed
635 679 721 714 hinc
754 690 825 714 non
860 684 1010 726 oportet
1043 677 1203 714 moveri.
1244 676 1339 720 Quis
1370 676 1467 712 enim
1502 677 1642 713 audeat
1663 677 1777 726 affir-

468 748 589 783 mare,
634 748 718 772 cum
765 736 821 771 illi
866 735 990 771 sancti
1032 734 1230 771 candidati
1271 746 1312 770 se
1350 734 1541 770 vindicari
1577 735 1779 784 pecierint,

466 801 594 829 utrum
639 801 772 830 contra
806 794 910 842 ipsos
948 793 1119 829 homines
1161 805 1209 827 an
1253 798 1388 828 contra
1432 804 1595 842 regnum
1631 793 1782 841 peccati

177 860 265 896 They
285 868 355 896 may
376 860 452 899 have
461 852 713 901 petiverunt?
758 852 858 887 Nam
905 851 988 900 ipsa
1032 857 1087 886 est
1125 850 1276 886 sincera
1320 857 1354 885 et
1393 850 1509 899 plena
1548 850 1694 886 iusticie
1736 861 1837 886 ac10

177 895 734 963 ,figalssffigffiffinssfmisericordie
777 909 944 945 vindicta
996 915 1237 960 martyrum,
1282 915 1322 943 ut
1366 915 1565 944 evertatur
1615 920 1778 958 regnum

178 964 236 999 sin,
261 964 625 1026 ssssteggainstpeccati,
658 980 730 1017 quo
763 974 953 1018 regnante
974 973 1082 1002 tanta
1100 966 1280 1015 perpessi
1308 972 1406 1001 sunt.
1443 966 1504 1001 Ad
1535 966 1640 1002 cuius
1671 978 1780 1002 ever-

351 1020 356 1025 *
466 1026 609 1062 sionem
644 1025 779 1061 nititur
810 1025 1029 1074 Apostolus,
1064 1025 1212 1060 dicens:
1244 1024 1330 1059 Non
1354 1031 1491 1073 regnet
1508 1031 1709 1073 peccatum
1744 1024 1779 1059 in

468 1091 596 1120 vestro
644 1083 803 1119 mortali
848 1095 1025 1132 corpore.
1072 1082 1301 1118 Destruitur
1343 1088 1469 1117 autem
1515 1089 1550 1117 et
1592 1082 1781 1118 evertitur

462 1142 614 1191 peccati
656 1153 820 1192 regnum
860 1141 1009 1189 partim
1055 1140 1301 1176 correccione
1352 1139 1560 1186 hominum,
1604 1147 1645 1175 ut
1687 1139 1834 1187 σαν-015

466 1200 621 1249 spiritui
651 1199 876 1245 subiciatur,
906 1198 1054 1248 partim
1079 1197 1355 1247 dampnacione
1371 1198 1709 1246 perseverancium
1743 1197 1779 1233 in

463 1265 636 1306 peccato,
670 1265 710 1293 ut
742 1258 792 1292 ita
827 1256 977 1293 iusticia
1011 1256 1253 1301 ordinentur,
1286 1262 1326 1290 ut
1359 1255 1469 1291 iustis
1501 1267 1584 1292 cum
1623 1255 1779 1291 Christo

467 1316 719 1366 regnantibus
751 1315 903 1351 molesti
940 1326 1019 1350 esse
1057 1326 1130 1349 non
1157 1313 1322 1363 possint.
1369 1313 1521 1349 Intuere
1563 1314 1778 1362 apostolum

468 1374 647 1421 Paulum,
671 1385 793 1410 nonne
815 1373 883 1408 tibi
901 1373 1055 1408 videtur
1077 1372 1112 1407 in
1135 1384 1174 1407 se
1196 1371 1278 1420 ipso
1298 1371 1531 1420 Stephanum
1557 1378 1777 1422 martyrem

468 1431 680 1479 vindicare,
720 1444 803 1467 cum
851 1431 961 1466 dicit:
1004 1431 1092 1466 Non
1136 1429 1191 1465 sic
1229 1441 1364 1478 pugno
1410 1436 1604 1477 tamquam
1649 1442 1778 1466 aerem
1797 1441 1838 1461 20

468 1489 616 1536 cedens,
665 1490 734 1526 sed
777 1489 927 1539 castigo
972 1500 1114 1537 corpus
1157 1499 1280 1522 meum
1322 1494 1355 1522 et
1393 1487 1572 1523 servituti
1607 1487 1781 1524 subicio?

470 1548 570 1583 Nam
603 1548 675 1583 hoc
706 1547 833 1596 utique
864 1547 899 1582 in
931 1559 971 1583 se
988 1546 1317 1595 prosternebatet
1341 1544 1560 1580 debilitabat
1583 1552 1617 1581 et
1640 1545 1778 1581 victum

468 1605 698 1649 ordinabat;
729 1605 829 1640 unde
861 1605 1095 1653 Stephanum
1131 1610 1351 1651 ceterosque
1382 1603 1617 1639 christianos
1639 1603 1780 1651 fuerat

463 1670 700 1712 persecutus.
753 1662 849 1706 Quis
893 1674 990 1712 ergo
1030 1661 1229 1707 convincit,
1274 1668 1475 1711 martyres
1511 1668 1664 1696 sanctos
1707 1674 1778 1698 non

467 1722 583 1757 talem
616 1733 723 1756 suam
758 1720 964 1756 vindictam
1009 1732 1030 1754 a
1075 1719 1243 1755 Domino
1286 1730 1366 1754 esse
1411 1719 1650 1767 deprecatos,
1695 1732 1777 1755 cum
1796 1727 1835 1759 25

468 1779 587 1815 eciam
610 1779 731 1828 finem
766 1778 877 1814 liuius
907 1777 1027 1814 seculi
1058 1777 1093 1812 in
1125 1789 1198 1826 quo
1232 1784 1337 1812 tanta
1370 1776 1493 1812 exicia
1518 1777 1778 1825 pertulerunt,

468 1838 519 1872 ad
549 1849 657 1873 suam
692 1836 898 1872 vindictam
928 1835 1125 1885 potuerint
1158 1834 1318 1870 libenter
1350 1835 1519 1883 optare?
1573 1835 1686 1878 Quod
1717 1835 1781 1883 qui

469 1902 583 1930 orant
621 1901 656 1930 et
682 1906 759 1943 pro
789 1890 792 1945 Ι
822 1894 983 1930 inimicis
1019 1893 1098 1929 suis
1135 1900 1249 1928 orant
1291 1892 1355 1941 qui
1390 1892 1581 1928 sanabiles
1617 1900 1703 1928 sunt
1746 1900 1779 1929 et
1820 1898 1898 1940 '378‘

468 1960 603 1988 contra
637 1952 724 1988 illos
757 1964 829 1988 non
863 1958 976 1987 orant
1007 1951 1071 1999 qui
1092 1950 1322 1986 insanabiles
1351 1962 1433 1986 esse
1455 1950 1660 1997 voluerint,
1691 1951 1778 2000 quia

469 2011 575 2046 Deus
606 2022 753 2059 quoque
770 2010 965 2059 puniendo
999 2009 1086 2045 illos
1118 2021 1191 2044 non
1224 2015 1279 2044 est
1311 2008 1523 2044 malevolus
1554 2015 1683 2044 tortor
1712 2009 1781 2044 sed
1796 2017 1837 2048 30

469 2068 698 2104 iustissimus
743 2068 959 2104 ordinator.
1015 2067 1104 2102 Sine
1146 2066 1226 2101 ulla
1278 2065 1403 2116 igitur
1454 2066 1695 2102 dubitacione
1745 2074 1780 2102 et

467 2126 718 2162 simulacione
751 2125 963 2176 diligamus
996 2124 1168 2160 inimicos
1206 2130 1370 2170 nostros,
1416 2124 1682 2173 beneficiamus
1725 2125 1777 2160 eis

468 2184 531 2232 qui
562 2184 726 2220 oderunt
758 2195 825 2219 nos
857 2191 891 2219 et
923 2194 1077 2218 oremus
1104 2194 1180 2231 pro
1226 2181 1279 2217 eis
1310 2182 1375 2230 qui
1409 2194 1477 2217 nos
1509 2189 1777 2230 persecuntur.

532 2242 646 2285 Quod
677 2249 803 2277 autem
843 2247 1115 2289 consequenter
1154 2239 1322 2288 positum
1368 2246 1444 2276 est:
1497 2240 1544 2274 Ut
1586 2240 1667 2275 sitis
1700 2240 1782 2289 filii

469 2299 600 2335 Patris
632 2299 754 2335 vestri
774 2299 838 2347 qui
869 2299 904 2334 in
938 2298 1028 2334 celis
1060 2305 1127 2343 est,
1160 2309 1211 2333 ex
1234 2297 1299 2332 illa
1323 2297 1463 2347 regula
1486 2297 1776 2347 intelligendum
1794 2305 1834 2338 35

468 2364 523 2393 est
555 2369 627 2405 qua
661 2364 695 2392 et
737 2357 869 2392 beatus
906 2356 1099 2392 Johannes
1143 2355 1252 2390 dicit:
1298 2355 1415 2390 Dedit
1458 2354 1511 2390 eis
1548 2362 1777 2404 potestatem

467 2415 568 2459 filios
599 2415 676 2450 Dei
696 2414 802 2464 fieri.
843 2414 947 2449 Unus
968 2414 1065 2449 enim
1090 2412 1322 2448 naturaliter
1342 2412 1455 2462 filius
1480 2419 1535 2448 est
1566 2413 1630 2461 qui
1661 2413 1779 2449 nescit

468 2473 619 2508 omnino
648 2484 814 2521 peccare
825 2487 834 2507 :
869 2483 936 2507 nos
967 2478 1092 2507 autem
1116 2470 1181 2519 qui
1196 2477 1387 2519 potestate
1408 2477 1563 2519 accepta
1583 2470 1778 2520 efficimur

537 2641 564 2667 (3.
586 2642 628 2667 A:
661 2641 777 2667 oravit.
889 2640 926 2674 15y
949 2640 989 2667 16.
1013 2640 1129 2667 (jodd.:
1157 2640 1274 2675 partim
1295 2656 1326 2659 -—
1346 2640 1514 2667 subiciatur
1536 2639 1628 2666 deest.
1650 2640 1776 2667 Addidi.

469 2684 507 2710 ¹7-
523 2675 544 2702 B
558 2685 563 2702 :
579 2675 700 2702 iusticia
717 2676 810 2702 deest.
886 2675 925 2702 18.
941 2676 985 2701 A:
1022 2679 1136 2702 ossunt.
1210 2682 1255 2708 24.
1272 2675 1316 2702 A:
1332 2674 1500 2711 convingit.
1574 2673 1613 2709 31,
1629 2673 1672 2702 32.
1690 2675 1733 2702 A:
1749 2677 1778 2701 et

469 2710 671 2737 simulacione
692 2710 785 2736 deest.
860 2708 901 2736 32.
926 2711 969 2736 A:
1001 2709 1061 2736 tiis.

536 2804 570 2833 4.
598 2795 707 2834 Apoc.
734 2793 789 2832 VI,
821 2804 869 2824 10.
994 2792 1025 2824 6.
1053 2794 1126 2823 Act.
1153 2793 1224 2832 VII,
1252 2792 1304 2835 59.
1434 2793 1482 2825 13.
1510 2793 1612 2832 Rom,
1639 2793 1695 2832 VI,
1724 2802 1776 2823 22.

476 2851 525 2882 Η).
554 2840 575 2870 1.
603 2840 683 2870 Cor.
711 2839 763 2877 IX,
792 2838 845 2870 26.
943 2840 995 2879 34.
1023 2838 1140 2870 Man-h.
1166 2839 1207 2877 V,
1233 2838 1288 2878 45.
