<?xml version="1.0" encoding="UTF-8"?>
<!DOCTYPE html PUBLIC "-//W3C//DTD XHTML 1.0 Transitional//EN"
    "http://www.w3.org/TR/xhtml1/DTD/xhtml1-transitional.dtd">
<html xmlns="http://www.w3.org/1999/xhtml" xml:lang="en" lang="en">
 <head>
  <title>
</title>
<meta http-equiv="Content-Type" content="text/html;charset=utf-8" />
  <meta name='ocr-system' content='tesseract 3.04.00' />
  <meta name='ocr-capabilities' content='ocr_page ocr_carea ocr_par ocr_line ocrx_word'/>
</head>
<body>
  <div class='ocr_page' id='page_1' title='image "./opusevangelicum12wycl/opusevangelicum12wycl_0070.png"; bbox 0 0 2003 3322; ppageno 0'>
   <div class='ocr_carea' id='block_1_1' title="bbox 184 260 234 294">
    <p class='ocr_par' dir='ltr' id='par_1_1' title="bbox 184 260 234 294">
     <span class='ocr_line' id='line_1_1' title="bbox 184 260 234 294; baseline -0.02 0"><span class='ocrx_word' id='word_1_1' title='bbox 184 260 234 294; x_wconf 74' lang='lat'><em>60</em></span> 
     </span>
    </p>
   </div>
   <div class='ocr_carea' id='block_1_2' title="bbox 190 495 444 599">
    <p class='ocr_par' dir='ltr' id='par_1_2' title="bbox 190 495 444 599">
     <span class='ocr_line' id='line_1_2' title="bbox 215 495 415 529; baseline -0.01 -7"><span class='ocrx_word' id='word_1_2' title='bbox 215 495 415 529; x_wconf 75' lang='lat' dir='ltr'><em>Augustine&#39;s</em></span> 
     </span>
     <span class='ocr_line' id='line_1_3' title="bbox 190 530 444 562; baseline 0 -6"><span class='ocrx_word' id='word_1_3' title='bbox 190 530 274 556; x_wconf 78' lang='lat' dir='ltr'><em>ninth</em></span> <span class='ocrx_word' id='word_1_4' title='bbox 297 531 407 562; x_wconf 48' lang='lat' dir='ltr'><em>ahusen</em></span> <span class='ocrx_word' id='word_1_5' title='bbox 428 538 444 555; x_wconf 82' lang='lat' dir='ltr'><em>a</em></span> 
     </span>
     <span class='ocr_line' id='line_1_4' title="bbox 206 564 425 599; baseline 0.009 -10"><span class='ocrx_word' id='word_1_6' title='bbox 206 564 322 591; x_wconf 78' lang='lat' dir='ltr'><em>wickcd</em></span> <span class='ocrx_word' id='word_1_7' title='bbox 345 564 425 599; x_wconf 76' lang='lat' dir='ltr'><em>king.</em></span> 
     </span>
    </p>
   </div>
   <div class='ocr_carea' id='block_1_3' title="bbox 888 252 1786 305">
    <p class='ocr_par' dir='ltr' id='par_1_3' title="bbox 888 252 1786 305">
     <span class='ocr_line' id='line_1_5' title="bbox 888 252 1786 305; baseline -0.004 -10"><span class='ocrx_word' id='word_1_8' title='bbox 888 264 1006 295; x_wconf 80' lang='lat' dir='ltr'>OPUS</span> <span class='ocrx_word' id='word_1_9' title='bbox 1032 264 1367 295; x_wconf 85' lang='lat' dir='ltr'>EVANGELICUM</span> <span class='ocrx_word' id='word_1_10' title='bbox 1549 252 1654 305; x_wconf 67' lang='grc' dir='ltr'><em>[(ΞΑΡ7</em></span> <span class='ocrx_word' id='word_1_11' title='bbox 1676 261 1786 288; x_wconf 80' lang='lat' dir='ltr'>XVIII-</span> 
     </span>
    </p>
   </div>
   <div class='ocr_carea' id='block_1_4' title="bbox 460 368 1847 2622">
    <p class='ocr_par' dir='ltr' id='par_1_4' title="bbox 472 368 1787 477">
     <span class='ocr_line' id='line_1_6' title="bbox 473 368 1787 419; baseline -0.002 -13"><span class='ocrx_word' id='word_1_12' title='bbox 473 384 593 419; x_wconf 76' lang='lat' dir='ltr'><em>quam</em></span> <span class='ocrx_word' id='word_1_13' title='bbox 634 371 785 406; x_wconf 80' lang='lat' dir='ltr'><em>fructus</em></span> <span class='ocrx_word' id='word_1_14' title='bbox 824 369 970 406; x_wconf 77' lang='lat' dir='ltr'><em>terreni</em></span> <span class='ocrx_word' id='word_1_15' title='bbox 1010 368 1177 405; x_wconf 82' lang='lat' dir='ltr'><em>dominii</em></span> <span class='ocrx_word' id='word_1_16' title='bbox 1210 369 1270 405; x_wconf 82' lang='lat' dir='ltr'><em>vel</em></span> <span class='ocrx_word' id='word_1_17' title='bbox 1310 368 1462 416; x_wconf 79' lang='lat' dir='ltr'><em>aliquid</em></span> <span class='ocrx_word' id='word_1_18' title='bbox 1503 369 1651 405; x_wconf 80' lang='lat' dir='ltr'>directe</span> <span class='ocrx_word' id='word_1_19' title='bbox 1695 382 1787 405; x_wconf 85' lang='lat' dir='ltr'><em>con-</em></span> 
     </span>
     <span class='ocr_line' id='line_1_7' title="bbox 472 428 979 477; baseline -0.004 -12"><span class='ocrx_word' id='word_1_20' title='bbox 472 442 642 477; x_wconf 80' lang='lat' dir='ltr'><em>sequens</em></span> <span class='ocrx_word' id='word_1_21' title='bbox 675 429 725 464; x_wconf 83' lang='lat' dir='ltr'><em>ad</em></span> <span class='ocrx_word' id='word_1_22' title='bbox 758 430 829 464; x_wconf 84' lang='lat' dir='ltr'><em>hee</em></span> <span class='ocrx_word' id='word_1_23' title='bbox 865 428 979 464; x_wconf 75' lang='lat' dir='ltr'><em>bella.</em></span> 
     </span>
    </p>

    <p class='ocr_par' dir='ltr' id='par_1_5' title="bbox 529 484 1626 534">
     <span class='ocr_line' id='line_1_8' title="bbox 529 484 1626 534; baseline -0.002 -12"><span class='ocrx_word' id='word_1_24' title='bbox 529 488 644 523; x_wconf 78' lang='lat' dir='ltr'><em>Unde</em></span> <span class='ocrx_word' id='word_1_25' title='bbox 677 485 924 534; x_wconf 78' lang='lat' dir='ltr'><strong>Augustinus</strong></span> <span class='ocrx_word' id='word_1_26' title='bbox 958 486 1005 521; x_wconf 82' lang='lat' dir='ltr'><em>de</em></span> <span class='ocrx_word' id='word_1_27' title='bbox 1039 486 1165 520; x_wconf 81' lang='lat' dir='ltr'><em>abusu</em></span> <span class='ocrx_word' id='word_1_28' title='bbox 1198 497 1305 520; x_wconf 87' lang='lat' dir='ltr'><em>nono</em></span> <span class='ocrx_word' id='word_1_29' title='bbox 1339 484 1395 520; x_wconf 82' lang='lat' dir='ltr'><em>sic</em></span> <span class='ocrx_word' id='word_1_30' title='bbox 1428 484 1626 533; x_wconf 85' lang='lat' dir='ltr'><em>loquitur:</em></span> 
     </span>
    </p>

    <p class='ocr_par' dir='ltr' id='par_1_6' title="bbox 460 543 1847 2622">
     <span class='ocr_line' id='line_1_9' title="bbox 529 543 1787 592; baseline -0.002 -12"><span class='ocrx_word' id='word_1_31' title='bbox 529 546 675 591; x_wconf 83' lang='lat' dir='ltr'><em>Nonus,</em></span> <span class='ocrx_word' id='word_1_32' title='bbox 700 544 841 592; x_wconf 88' lang='lat' dir='ltr'><em>inquit,</em></span> <span class='ocrx_word' id='word_1_33' title='bbox 866 544 1007 579; x_wconf 89' lang='lat' dir='ltr'><em>abusus</em></span> <span class='ocrx_word' id='word_1_34' title='bbox 1031 550 1086 579; x_wconf 90' lang='lat' dir='ltr'><em>est</em></span> <span class='ocrx_word' id='word_1_35' title='bbox 1103 554 1178 578; x_wconf 84' lang='lat' dir='ltr'><em>rex</em></span> <span class='ocrx_word' id='word_1_36' title='bbox 1195 543 1356 591; x_wconf 81' lang='lat' dir='ltr'><em>iniquus,</em></span> <span class='ocrx_word' id='word_1_37' title='bbox 1379 543 1547 591; x_wconf 77' lang='lat' dir='ltr'><em>quicum</em></span> <span class='ocrx_word' id='word_1_38' title='bbox 1571 543 1787 591; x_wconf 82' lang='lat' dir='ltr'><em>iniquorum</em></span> 
     </span>
     <span class='ocr_line' id='line_1_10' title="bbox 471 600 1821 650; baseline -0.002 -12"><span class='ocrx_word' id='word_1_39' title='bbox 471 610 601 638; x_wconf 85' lang='lat' dir='ltr'><em>rector</em></span> <span class='ocrx_word' id='word_1_40' title='bbox 633 615 716 639; x_wconf 86' lang='lat' dir='ltr'><em>esse</em></span> <span class='ocrx_word' id='word_1_41' title='bbox 749 601 934 648; x_wconf 79' lang='lat' dir='ltr'><em>debuerit,</em></span> <span class='ocrx_word' id='word_1_42' title='bbox 968 601 1055 637; x_wconf 88' lang='lat' dir='ltr'><em>licet</em></span> <span class='ocrx_word' id='word_1_43' title='bbox 1087 601 1122 636; x_wconf 92' lang='lat' dir='ltr'><em>in</em></span> <span class='ocrx_word' id='word_1_44' title='bbox 1154 601 1357 650; x_wconf 83' lang='lat' dir='ltr'><em>semetipso</em></span> <span class='ocrx_word' id='word_1_45' title='bbox 1390 601 1550 637; x_wconf 88' lang='lat' dir='ltr'><em>nominis</em></span> <span class='ocrx_word' id='word_1_46' title='bbox 1578 601 1639 637; x_wconf 87' lang='lat' dir='ltr'><em>sui</em></span> <span class='ocrx_word' id='word_1_47' title='bbox 1661 600 1821 650; x_wconf 76' lang='lat' dir='ltr'><em>digni-5</em></span> 
     </span>
     <span class='ocr_line' id='line_1_11' title="bbox 468 658 1790 709; baseline -0.002 -14"><span class='ocrx_word' id='word_1_48' title='bbox 468 668 585 696; x_wconf 87' lang='lat' dir='ltr'><em>tatem</em></span> <span class='ocrx_word' id='word_1_49' title='bbox 626 673 698 696; x_wconf 93' lang='lat' dir='ltr'><em>non</em></span> <span class='ocrx_word' id='word_1_50' title='bbox 737 660 941 706; x_wconf 88' lang='lat' dir='ltr'><em>custodiat,</em></span> <span class='ocrx_word' id='word_1_51' title='bbox 987 671 1120 695; x_wconf 87' lang='lat' dir='ltr'><em>nomen</em></span> <span class='ocrx_word' id='word_1_52' title='bbox 1166 666 1292 694; x_wconf 86' lang='lat' dir='ltr'><em>tamen</em></span> <span class='ocrx_word' id='word_1_53' title='bbox 1333 659 1440 709; x_wconf 76' lang='lat' dir='ltr'><em>regis</em></span> <span class='ocrx_word' id='word_1_54' title='bbox 1479 658 1790 695; x_wconf 83' lang='lat' dir='ltr'><em>intellectualiter</em></span> 
     </span>
     <span class='ocr_line' id='line_1_12' title="bbox 470 717 1787 767; baseline -0.002 -14"><span class='ocrx_word' id='word_1_55' title='bbox 470 719 540 754; x_wconf 93' lang='lat' dir='ltr'><em>hoc</em></span> <span class='ocrx_word' id='word_1_56' title='bbox 566 719 714 765; x_wconf 89' lang='lat' dir='ltr'><em>retinet,</em></span> <span class='ocrx_word' id='word_1_57' title='bbox 749 725 788 753; x_wconf 92' lang='lat' dir='ltr'><em>ut</em></span> <span class='ocrx_word' id='word_1_58' title='bbox 810 718 989 754; x_wconf 88' lang='lat' dir='ltr'><em>subiectis</em></span> <span class='ocrx_word' id='word_1_59' title='bbox 1011 717 1184 753; x_wconf 88' lang='lat' dir='ltr'><em>omnibus</em></span> <span class='ocrx_word' id='word_1_60' title='bbox 1207 717 1373 753; x_wconf 85' lang='lat' dir='ltr'><em>rectoris</em></span> <span class='ocrx_word' id='word_1_61' title='bbox 1396 717 1567 767; x_wconf 91' lang='lat' dir='ltr'><em>officium</em></span> <span class='ocrx_word' id='word_1_62' title='bbox 1587 723 1787 766; x_wconf 87' lang='lat' dir='ltr'><em>procuret.</em></span> 
     </span>
     <span class='ocr_line' id='line_1_13' title="bbox 470 775 1789 826; baseline -0.001 -15"><span class='ocrx_word' id='word_1_63' title='bbox 470 776 547 811; x_wconf 85' lang='lat' dir='ltr'><em>Sed</em></span> <span class='ocrx_word' id='word_1_64' title='bbox 579 776 745 825; x_wconf 80' lang='lat' dir='ltr'><em>qualiter</em></span> <span class='ocrx_word' id='word_1_65' title='bbox 776 776 874 812; x_wconf 92' lang='lat' dir='ltr'><em>alios</em></span> <span class='ocrx_word' id='word_1_66' title='bbox 907 776 1113 826; x_wconf 73' lang='lat' dir='ltr'><em>corrigere</em></span> <span class='ocrx_word' id='word_1_67' title='bbox 1140 775 1297 824; x_wconf 89' lang='lat' dir='ltr'><em>poterit,</em></span> <span class='ocrx_word' id='word_1_68' title='bbox 1337 775 1401 823; x_wconf 84' lang='lat' dir='ltr'><em>qui</em></span> <span class='ocrx_word' id='word_1_69' title='bbox 1432 775 1621 824; x_wconf 88' lang='lat' dir='ltr'><em>proprios</em></span> <span class='ocrx_word' id='word_1_70' title='bbox 1660 786 1789 810; x_wconf 89' lang='lat' dir='ltr'><em>mores</em></span> 
     </span>
     <span class='ocr_line' id='line_1_14' title="bbox 469 832 1788 883; baseline -0.002 -14"><span class='ocrx_word' id='word_1_71' title='bbox 469 846 553 869; x_wconf 86' lang='lat' dir='ltr'><em>cum</em></span> <span class='ocrx_word' id='word_1_72' title='bbox 587 835 705 883; x_wconf 83' lang='lat' dir='ltr'><em>iniqui</em></span> <span class='ocrx_word' id='word_1_73' title='bbox 734 841 834 881; x_wconf 88' lang='lat' dir='ltr'><em>sunt,</em></span> <span class='ocrx_word' id='word_1_74' title='bbox 868 846 941 869; x_wconf 87' lang='lat' dir='ltr'><em>non</em></span> <span class='ocrx_word' id='word_1_75' title='bbox 974 833 1172 883; x_wconf 79' lang='lat' dir='ltr'><em>corrigit?</em></span> <span class='ocrx_word' id='word_1_76' title='bbox 1211 833 1400 876; x_wconf 79' lang='lat' dir='ltr'><em>Quoniam</em></span> <span class='ocrx_word' id='word_1_77' title='bbox 1433 833 1469 868; x_wconf 88' lang='lat' dir='ltr'><em>in</em></span> <span class='ocrx_word' id='word_1_78' title='bbox 1502 832 1650 868; x_wconf 87' lang='lat' dir='ltr'><em>iusticia</em></span> <span class='ocrx_word' id='word_1_79' title='bbox 1681 832 1788 882; x_wconf 79' lang='lat' dir='ltr'><em>regis</em></span> 
     </span>
     <span class='ocr_line' id='line_1_15' title="bbox 469 890 1847 941; baseline -0.002 -13"><span class='ocrx_word' id='word_1_80' title='bbox 469 893 671 928; x_wconf 87' lang='lat' dir='ltr'><em>exaltatur</em></span> <span class='ocrx_word' id='word_1_81' title='bbox 702 892 840 928; x_wconf 88' lang='lat' dir='ltr'><em>solium</em></span> <span class='ocrx_word' id='word_1_82' title='bbox 875 899 912 927; x_wconf 90' lang='lat' dir='ltr'><em>et</em></span> <span class='ocrx_word' id='word_1_83' title='bbox 943 891 978 926; x_wconf 90' lang='lat' dir='ltr'><em>in</em></span> <span class='ocrx_word' id='word_1_84' title='bbox 1014 891 1176 927; x_wconf 81' lang='lat' dir='ltr'><em>veritate</em></span> <span class='ocrx_word' id='word_1_85' title='bbox 1209 891 1316 941; x_wconf 80' lang='lat' dir='ltr'><em>regis</em></span> <span class='ocrx_word' id='word_1_86' title='bbox 1349 891 1570 927; x_wconf 79' lang='lat' dir='ltr'><em>solidantur</em></span> <span class='ocrx_word' id='word_1_87' title='bbox 1591 890 1786 941; x_wconf 78' lang='lat' dir='ltr'><em>guberna·</em></span> <span class='ocrx_word' id='word_1_88' title='bbox 1808 909 1847 930; x_wconf 82' lang='lat'><em>10</em></span> 
     </span>
     <span class='ocr_line' id='line_1_16' title="bbox 469 948 1789 999; baseline -0.002 -13"><span class='ocrx_word' id='word_1_89' title='bbox 469 951 554 986; x_wconf 86' lang='lat' dir='ltr'><em>cula</em></span> <span class='ocrx_word' id='word_1_90' title='bbox 584 951 833 999; x_wconf 86' lang='lat' dir='ltr'><em>populorum.</em></span> <span class='ocrx_word' id='word_1_91' title='bbox 876 949 1030 985; x_wconf 90' lang='lat' dir='ltr'><em>Iusticia</em></span> <span class='ocrx_word' id='word_1_92' title='bbox 1064 961 1155 985; x_wconf 78' lang='lat' dir='ltr'><em>vero</em></span> <span class='ocrx_word' id='word_1_93' title='bbox 1189 949 1296 999; x_wconf 79' lang='lat' dir='ltr'><em>regis</em></span> <span class='ocrx_word' id='word_1_94' title='bbox 1329 956 1385 985; x_wconf 81' lang='lat' dir='ltr'><em>est</em></span> <span class='ocrx_word' id='word_1_95' title='bbox 1422 949 1607 985; x_wconf 86' lang='lat' dir='ltr'><em>neminem</em></span> <span class='ocrx_word' id='word_1_96' title='bbox 1653 948 1789 984; x_wconf 88' lang='lat' dir='ltr'><em>iniuste</em></span> 
     </span>
     <span class='ocr_line' id='line_1_17' title="bbox 463 1007 1787 1057; baseline -0.002 -13"><span class='ocrx_word' id='word_1_97' title='bbox 463 1021 538 1057; x_wconf 90' lang='lat' dir='ltr'><em>per</em></span> <span class='ocrx_word' id='word_1_98' title='bbox 572 1009 789 1057; x_wconf 79' lang='lat' dir='ltr'><em>potenciam</em></span> <span class='ocrx_word' id='word_1_99' title='bbox 830 1008 1066 1057; x_wconf 78' lang='lat' dir='ltr'><em>opprimere,</em></span> <span class='ocrx_word' id='word_1_100' title='bbox 1109 1007 1190 1043; x_wconf 90' lang='lat' dir='ltr'><em>sine</em></span> <span class='ocrx_word' id='word_1_101' title='bbox 1227 1007 1493 1055; x_wconf 87' lang='lat' dir='ltr'><em>acceptacione</em></span> <span class='ocrx_word' id='word_1_102' title='bbox 1526 1018 1787 1056; x_wconf 85' lang='lat' dir='ltr'><em>personarum</em></span> 
     </span>
     <span class='ocr_line' id='line_1_18' title="bbox 469 1064 1789 1115; baseline -0.002 -13"><span class='ocrx_word' id='word_1_103' title='bbox 469 1066 568 1102; x_wconf 89' lang='lat' dir='ltr'><em>inter</em></span> <span class='ocrx_word' id='word_1_104' title='bbox 600 1067 726 1102; x_wconf 77' lang='lat' dir='ltr'><em>virum</em></span> <span class='ocrx_word' id='word_1_105' title='bbox 766 1073 801 1102; x_wconf 90' lang='lat' dir='ltr'><em>et</em></span> <span class='ocrx_word' id='word_1_106' title='bbox 834 1066 1065 1115; x_wconf 83' lang='lat' dir='ltr'><em>proximum</em></span> <span class='ocrx_word' id='word_1_107' title='bbox 1105 1077 1216 1101; x_wconf 89' lang='lat' dir='ltr'><em>suum</em></span> <span class='ocrx_word' id='word_1_108' title='bbox 1261 1065 1356 1100; x_wconf 90' lang='lat' dir='ltr'><em>iuste</em></span> <span class='ocrx_word' id='word_1_109' title='bbox 1400 1065 1586 1111; x_wconf 88' lang='lat' dir='ltr'><em>iudicare,</em></span> <span class='ocrx_word' id='word_1_110' title='bbox 1630 1064 1789 1100; x_wconf 82' lang='lat' dir='ltr'><em>advenis</em></span> 
     </span>
     <span class='ocr_line' id='line_1_19' title="bbox 468 1122 1787 1173; baseline -0.002 -13"><span class='ocrx_word' id='word_1_111' title='bbox 468 1131 504 1160; x_wconf 90' lang='lat' dir='ltr'><em>et</em></span> <span class='ocrx_word' id='word_1_112' title='bbox 521 1125 684 1173; x_wconf 88' lang='lat' dir='ltr'><em>pupillis</em></span> <span class='ocrx_word' id='word_1_113' title='bbox 706 1132 740 1160; x_wconf 87' lang='lat' dir='ltr'><em>et</em></span> <span class='ocrx_word' id='word_1_114' title='bbox 764 1124 889 1160; x_wconf 80' lang='lat' dir='ltr'><em>viduis</em></span> <span class='ocrx_word' id='word_1_115' title='bbox 913 1124 1096 1172; x_wconf 86' lang='lat' dir='ltr'><em>defensor</em></span> <span class='ocrx_word' id='word_1_116' title='bbox 1117 1135 1210 1169; x_wconf 85' lang='lat' dir='ltr'><em>esse,</em></span> <span class='ocrx_word' id='word_1_117' title='bbox 1235 1123 1412 1158; x_wconf 88' lang='lat' dir='ltr'><em>cohibere</em></span> <span class='ocrx_word' id='word_1_118' title='bbox 1423 1123 1558 1171; x_wconf 88' lang='lat' dir='ltr'><em>furta,</em></span> <span class='ocrx_word' id='word_1_119' title='bbox 1592 1122 1787 1158; x_wconf 88' lang='lat' dir='ltr'><em>adulteria</em></span> 
     </span>
     <span class='ocr_line' id='line_1_20' title="bbox 463 1180 1845 1231; baseline 0.001 -14"><span class='ocrx_word' id='word_1_120' title='bbox 463 1183 617 1231; x_wconf 78' lang='lat' dir='ltr'><em>punire,</em></span> <span class='ocrx_word' id='word_1_121' title='bbox 650 1183 797 1231; x_wconf 82' lang='lat' dir='ltr'><em>iniquos</em></span> <span class='ocrx_word' id='word_1_122' title='bbox 830 1194 902 1218; x_wconf 87' lang='lat' dir='ltr'><em>non</em></span> <span class='ocrx_word' id='word_1_123' title='bbox 935 1181 1125 1227; x_wconf 87' lang='lat' dir='ltr'><em>exaltare,</em></span> <span class='ocrx_word' id='word_1_124' title='bbox 1168 1180 1380 1230; x_wconf 86' lang='lat' dir='ltr'><em>impudicos</em></span> <span class='ocrx_word' id='word_1_125' title='bbox 1412 1188 1447 1216; x_wconf 90' lang='lat' dir='ltr'><em>et</em></span> <span class='ocrx_word' id='word_1_126' title='bbox 1479 1180 1684 1216; x_wconf 78' lang='lat' dir='ltr'><em>histriones</em></span> <span class='ocrx_word' id='word_1_127' title='bbox 1716 1186 1845 1218; x_wconf 79' lang='lat' dir='ltr'><em>non15</em></span> 
     </span>
     <span class='ocr_line' id='line_1_21' title="bbox 469 1238 1789 1290; baseline -0.002 -15"><span class='ocrx_word' id='word_1_128' title='bbox 469 1241 630 1287; x_wconf 89' lang='lat' dir='ltr'><em>nutrire,</em></span> <span class='ocrx_word' id='word_1_129' title='bbox 665 1241 802 1290; x_wconf 90' lang='lat' dir='ltr'><em>impios</em></span> <span class='ocrx_word' id='word_1_130' title='bbox 825 1240 871 1276; x_wconf 92' lang='lat' dir='ltr'><em>de</em></span> <span class='ocrx_word' id='word_1_131' title='bbox 893 1247 1001 1275; x_wconf 89' lang='lat' dir='ltr'><em>terra</em></span> <span class='ocrx_word' id='word_1_132' title='bbox 1021 1239 1203 1288; x_wconf 84' lang='lat' dir='ltr'><em>perdere,</em></span> <span class='ocrx_word' id='word_1_133' title='bbox 1232 1239 1459 1288; x_wconf 89' lang='lat' dir='ltr'><em>parricidas</em></span> <span class='ocrx_word' id='word_1_134' title='bbox 1484 1245 1519 1274; x_wconf 91' lang='lat' dir='ltr'><em>et</em></span> <span class='ocrx_word' id='word_1_135' title='bbox 1538 1238 1789 1287; x_wconf 87' lang='lat' dir='ltr'><em>periurantes</em></span> 
     </span>
     <span class='ocr_line' id='line_1_22' title="bbox 469 1296 1788 1346; baseline -0.002 -12"><span class='ocrx_word' id='word_1_136' title='bbox 469 1299 598 1334; x_wconf 73' lang='lat' dir='ltr'><em>vivere</em></span> <span class='ocrx_word' id='word_1_137' title='bbox 630 1311 702 1334; x_wconf 89' lang='lat' dir='ltr'><em>non</em></span> <span class='ocrx_word' id='word_1_138' title='bbox 725 1299 863 1344; x_wconf 85' lang='lat' dir='ltr'><em>sinere,</em></span> <span class='ocrx_word' id='word_1_139' title='bbox 898 1298 1078 1334; x_wconf 89' lang='lat' dir='ltr'><em>ecclesias</em></span> <span class='ocrx_word' id='word_1_140' title='bbox 1102 1297 1325 1345; x_wconf 79' lang='lat' dir='ltr'><em>defendere,</em></span> <span class='ocrx_word' id='word_1_141' title='bbox 1353 1308 1549 1346; x_wconf 83' lang='lat' dir='ltr'><em>pauperes</em></span> <span class='ocrx_word' id='word_1_142' title='bbox 1572 1296 1788 1332; x_wconf 89' lang='lat' dir='ltr'><em>elemosinis</em></span> 
     </span>
     <span class='ocr_line' id='line_1_23' title="bbox 467 1355 1789 1406; baseline -0.002 -14"><span class='ocrx_word' id='word_1_143' title='bbox 467 1357 585 1402; x_wconf 88' lang='lat' dir='ltr'><em>alere,</em></span> <span class='ocrx_word' id='word_1_144' title='bbox 632 1357 752 1392; x_wconf 91' lang='lat' dir='ltr'><em>iustos</em></span> <span class='ocrx_word' id='word_1_145' title='bbox 795 1368 915 1405; x_wconf 88' lang='lat' dir='ltr'><em>super</em></span> <span class='ocrx_word' id='word_1_146' title='bbox 957 1355 1072 1406; x_wconf 78' lang='lat' dir='ltr'><em>regni</em></span> <span class='ocrx_word' id='word_1_147' title='bbox 1108 1355 1268 1405; x_wconf 75' lang='lat' dir='ltr'><em>negocia</em></span> <span class='ocrx_word' id='word_1_148' title='bbox 1314 1355 1557 1401; x_wconf 87' lang='lat' dir='ltr'><em>constituere,</em></span> <span class='ocrx_word' id='word_1_149' title='bbox 1602 1365 1710 1390; x_wconf 87' lang='lat' dir='ltr'><em>senes</em></span> <span class='ocrx_word' id='word_1_150' title='bbox 1754 1361 1789 1389; x_wconf 88' lang='lat' dir='ltr'><em>et</em></span> 
     </span>
     <span class='ocr_line' id='line_1_24' title="bbox 465 1412 1787 1463; baseline -0.002 -13"><span class='ocrx_word' id='word_1_151' title='bbox 465 1415 655 1463; x_wconf 88' lang='lat' dir='ltr'><em>sapientes</em></span> <span class='ocrx_word' id='word_1_152' title='bbox 687 1422 722 1450; x_wconf 89' lang='lat' dir='ltr'><em>et</em></span> <span class='ocrx_word' id='word_1_153' title='bbox 752 1414 903 1450; x_wconf 88' lang='lat' dir='ltr'><em>sobrios</em></span> <span class='ocrx_word' id='word_1_154' title='bbox 935 1413 1177 1450; x_wconf 87' lang='lat' dir='ltr'><em>consiliarios</em></span> <span class='ocrx_word' id='word_1_155' title='bbox 1209 1413 1362 1459; x_wconf 87' lang='lat' dir='ltr'><em>habere,</em></span> <span class='ocrx_word' id='word_1_156' title='bbox 1395 1424 1604 1462; x_wconf 78' lang='lat' dir='ltr'><em>magorum</em></span> <span class='ocrx_word' id='word_1_157' title='bbox 1628 1418 1663 1447; x_wconf 92' lang='lat' dir='ltr'><em>et</em></span> <span class='ocrx_word' id='word_1_158' title='bbox 1684 1412 1787 1448; x_wconf 91' lang='lat' dir='ltr'><em>ario-</em></span> 
     </span>
     <span class='ocr_line' id='line_1_25' title="bbox 467 1470 1847 1523; baseline -0.001 -15"><span class='ocrx_word' id='word_1_159' title='bbox 467 1473 594 1508; x_wconf 83' lang='lat' dir='ltr'><em>lorum</em></span> <span class='ocrx_word' id='word_1_160' title='bbox 635 1472 1040 1523; x_wconf 76' lang='lat' dir='ltr'><em>pythonissarumque</em></span> <span class='ocrx_word' id='word_1_161' title='bbox 1083 1471 1422 1521; x_wconf 86' lang='lat' dir='ltr'><em>supersticionibus</em></span> <span class='ocrx_word' id='word_1_162' title='bbox 1461 1483 1533 1507; x_wconf 87' lang='lat' dir='ltr'><em>non</em></span> <span class='ocrx_word' id='word_1_163' title='bbox 1579 1470 1788 1516; x_wconf 87' lang='lat' dir='ltr'><em>intendere,</em></span> <span class='ocrx_word' id='word_1_164' title='bbox 1805 1485 1847 1506; x_wconf 87' lang='lat'><em>20</em></span> 
     </span>
     <span class='ocr_line' id='line_1_26' title="bbox 466 1528 1787 1579; baseline -0.002 -13"><span class='ocrx_word' id='word_1_165' title='bbox 466 1531 709 1566; x_wconf 83' lang='lat' dir='ltr'><em>iracundiam</em></span> <span class='ocrx_word' id='word_1_166' title='bbox 733 1543 842 1567; x_wconf 86' lang='lat' dir='ltr'><em>suam</em></span> <span class='ocrx_word' id='word_1_167' title='bbox 869 1530 1039 1578; x_wconf 77' lang='lat' dir='ltr'><em>differre,</em></span> <span class='ocrx_word' id='word_1_168' title='bbox 1069 1529 1243 1579; x_wconf 87' lang='lat' dir='ltr'><em>patriam</em></span> <span class='ocrx_word' id='word_1_169' title='bbox 1270 1529 1441 1577; x_wconf 86' lang='lat' dir='ltr'><em>fortiter</em></span> <span class='ocrx_word' id='word_1_170' title='bbox 1471 1536 1504 1565; x_wconf 88' lang='lat' dir='ltr'><em>et</em></span> <span class='ocrx_word' id='word_1_171' title='bbox 1533 1528 1630 1564; x_wconf 90' lang='lat' dir='ltr'><em>iuste</em></span> <span class='ocrx_word' id='word_1_172' title='bbox 1651 1535 1787 1564; x_wconf 87' lang='lat' dir='ltr'><em>contra</em></span> 
     </span>
     <span class='ocr_line' id='line_1_27' title="bbox 465 1586 1788 1637; baseline -0.002 -13"><span class='ocrx_word' id='word_1_173' title='bbox 465 1589 718 1625; x_wconf 78' lang='lat' dir='ltr'><em>adversarios</em></span> <span class='ocrx_word' id='word_1_174' title='bbox 752 1588 976 1637; x_wconf 87' lang='lat' dir='ltr'><em>defendere,</em></span> <span class='ocrx_word' id='word_1_175' title='bbox 1005 1599 1080 1637; x_wconf 88' lang='lat' dir='ltr'><em>per</em></span> <span class='ocrx_word' id='word_1_176' title='bbox 1112 1587 1238 1623; x_wconf 88' lang='lat' dir='ltr'><em>omnia</em></span> <span class='ocrx_word' id='word_1_177' title='bbox 1271 1587 1306 1622; x_wconf 91' lang='lat' dir='ltr'><em>in</em></span> <span class='ocrx_word' id='word_1_178' title='bbox 1340 1587 1424 1622; x_wconf 90' lang='lat' dir='ltr'><em>Deo</em></span> <span class='ocrx_word' id='word_1_179' title='bbox 1457 1586 1661 1636; x_wconf 89' lang='lat' dir='ltr'><em>confidere,</em></span> <span class='ocrx_word' id='word_1_180' title='bbox 1691 1598 1788 1635; x_wconf 90' lang='lat' dir='ltr'><em>pro-</em></span> 
     </span>
     <span class='ocr_line' id='line_1_28' title="bbox 465 1645 1788 1696; baseline -0.002 -14"><span class='ocrx_word' id='word_1_181' title='bbox 465 1647 715 1696; x_wconf 88' lang='lat' dir='ltr'><em>speritatibus</em></span> <span class='ocrx_word' id='word_1_182' title='bbox 746 1647 915 1682; x_wconf 88' lang='lat' dir='ltr'><em>animum</em></span> <span class='ocrx_word' id='word_1_183' title='bbox 950 1658 1021 1681; x_wconf 90' lang='lat' dir='ltr'><em>non</em></span> <span class='ocrx_word' id='word_1_184' title='bbox 1046 1646 1211 1691; x_wconf 77' lang='lat' dir='ltr'><em>elevare,</em></span> <span class='ocrx_word' id='word_1_185' title='bbox 1245 1652 1378 1680; x_wconf 90' lang='lat' dir='ltr'><em>cuncta</em></span> <span class='ocrx_word' id='word_1_186' title='bbox 1401 1645 1567 1680; x_wconf 80' lang='lat' dir='ltr'><em>adversa</em></span> <span class='ocrx_word' id='word_1_187' title='bbox 1586 1645 1788 1694; x_wconf 88' lang='lat' dir='ltr'><em>pacienter</em></span> 
     </span>
     <span class='ocr_line' id='line_1_29' title="bbox 466 1703 1788 1754; baseline -0.002 -14"><span class='ocrx_word' id='word_1_188' title='bbox 466 1705 649 1751; x_wconf 87' lang='lat' dir='ltr'><em>tolerare,</em></span> <span class='ocrx_word' id='word_1_189' title='bbox 685 1705 810 1754; x_wconf 86' lang='lat' dir='ltr'><em>fidem</em></span> <span class='ocrx_word' id='word_1_190' title='bbox 845 1704 1076 1740; x_wconf 80' lang='lat' dir='ltr'><em>catholicam</em></span> <span class='ocrx_word' id='word_1_191' title='bbox 1117 1703 1152 1738; x_wconf 89' lang='lat' dir='ltr'><em>in</em></span> <span class='ocrx_word' id='word_1_192' title='bbox 1186 1704 1312 1739; x_wconf 88' lang='lat' dir='ltr'><em>Deum</em></span> <span class='ocrx_word' id='word_1_193' title='bbox 1355 1703 1508 1749; x_wconf 88' lang='lat' dir='ltr'><em>habere,</em></span> <span class='ocrx_word' id='word_1_194' title='bbox 1541 1703 1653 1752; x_wconf 88' lang='lat' dir='ltr'><em>filios</em></span> <span class='ocrx_word' id='word_1_195' title='bbox 1697 1715 1788 1739; x_wconf 90' lang='lat' dir='ltr'><em>suos</em></span> 
     </span>
     <span class='ocr_line' id='line_1_30' title="bbox 466 1761 1843 1812; baseline 0 -14"><span class='ocrx_word' id='word_1_196' title='bbox 466 1775 537 1798; x_wconf 89' lang='lat' dir='ltr'><em>non</em></span> <span class='ocrx_word' id='word_1_197' title='bbox 569 1763 696 1799; x_wconf 86' lang='lat' dir='ltr'><em>sinere</em></span> <span class='ocrx_word' id='word_1_198' title='bbox 728 1762 842 1811; x_wconf 82' lang='lat' dir='ltr'><em>impie</em></span> <span class='ocrx_word' id='word_1_199' title='bbox 873 1774 1006 1812; x_wconf 80' lang='lat' dir='ltr'><em>agere,</em></span> <span class='ocrx_word' id='word_1_200' title='bbox 1040 1761 1155 1798; x_wconf 91' lang='lat' dir='ltr'><em>certis</em></span> <span class='ocrx_word' id='word_1_201' title='bbox 1187 1761 1294 1797; x_wconf 88' lang='lat' dir='ltr'><em>horis</em></span> <span class='ocrx_word' id='word_1_202' title='bbox 1326 1761 1568 1797; x_wconf 85' lang='lat' dir='ltr'><em>oracionibus</em></span> <span class='ocrx_word' id='word_1_203' title='bbox 1599 1761 1843 1807; x_wconf 80' lang='lat' dir='ltr'><em>insistere,25</em></span> 
     </span>
     <span class='ocr_line' id='line_1_31' title="bbox 466 1818 1785 1870; baseline -0.002 -14"><span class='ocrx_word' id='word_1_204' title='bbox 466 1828 553 1856; x_wconf 88' lang='lat' dir='ltr'><em>ante</em></span> <span class='ocrx_word' id='word_1_205' title='bbox 587 1821 706 1857; x_wconf 88' lang='lat' dir='ltr'><em>horas</em></span> <span class='ocrx_word' id='word_1_206' title='bbox 739 1832 937 1870; x_wconf 81' lang='lat' dir='ltr'><em>congruas</em></span> <span class='ocrx_word' id='word_1_207' title='bbox 970 1832 1042 1856; x_wconf 91' lang='lat' dir='ltr'><em>non</em></span> <span class='ocrx_word' id='word_1_208' title='bbox 1075 1827 1240 1869; x_wconf 80' lang='lat' dir='ltr'><em>gustare</em></span> <span class='ocrx_word' id='word_1_209' title='bbox 1273 1819 1408 1854; x_wconf 89' lang='lat' dir='ltr'><em>cibum.</em></span> <span class='ocrx_word' id='word_1_210' title='bbox 1442 1819 1525 1854; x_wconf 91' lang='lat' dir='ltr'><em>Hec</em></span> <span class='ocrx_word' id='word_1_211' title='bbox 1559 1818 1674 1869; x_wconf 78' lang='lat' dir='ltr'><em>regni</em></span> <span class='ocrx_word' id='word_1_212' title='bbox 1692 1831 1785 1867; x_wconf 91' lang='lat' dir='ltr'><em>pro-</em></span> 
     </span>
     <span class='ocr_line' id='line_1_32' title="bbox 465 1877 1785 1928; baseline -0.001 -15"><span class='ocrx_word' id='word_1_213' title='bbox 465 1879 690 1928; x_wconf 87' lang='lat' dir='ltr'><em>speritatem</em></span> <span class='ocrx_word' id='word_1_214' title='bbox 715 1879 750 1914; x_wconf 86' lang='lat' dir='ltr'><em>in</em></span> <span class='ocrx_word' id='word_1_215' title='bbox 770 1878 947 1927; x_wconf 87' lang='lat' dir='ltr'><em>presenti</em></span> <span class='ocrx_word' id='word_1_216' title='bbox 966 1878 1124 1927; x_wconf 88' lang='lat' dir='ltr'><em>faciunt</em></span> <span class='ocrx_word' id='word_1_217' title='bbox 1157 1885 1191 1914; x_wconf 90' lang='lat' dir='ltr'><em>et</em></span> <span class='ocrx_word' id='word_1_218' title='bbox 1224 1889 1357 1927; x_wconf 81' lang='lat' dir='ltr'><em>regem</em></span> <span class='ocrx_word' id='word_1_219' title='bbox 1391 1877 1443 1912; x_wconf 90' lang='lat' dir='ltr'><em>ad</em></span> <span class='ocrx_word' id='word_1_220' title='bbox 1474 1877 1628 1913; x_wconf 89' lang='lat' dir='ltr'><em>celestia</em></span> <span class='ocrx_word' id='word_1_221' title='bbox 1662 1889 1785 1927; x_wconf 78' lang='lat' dir='ltr'><em>regna</em></span> 
     </span>
     <span class='ocr_line' id='line_1_33' title="bbox 465 1935 1788 1985; baseline -0.002 -13"><span class='ocrx_word' id='word_1_222' title='bbox 465 1937 626 1973; x_wconf 84' lang='lat' dir='ltr'><em>meliora</em></span> <span class='ocrx_word' id='word_1_223' title='bbox 656 1937 888 1985; x_wconf 86' lang='lat' dir='ltr'><em>perducunt.</em></span> <span class='ocrx_word' id='word_1_224' title='bbox 934 1936 1039 1972; x_wconf 89' lang='lat' dir='ltr'><em>Dicit</em></span> <span class='ocrx_word' id='word_1_225' title='bbox 1072 1936 1169 1971; x_wconf 90' lang='lat' dir='ltr'><em>enim</em></span> <span class='ocrx_word' id='word_1_226' title='bbox 1201 1935 1420 1984; x_wconf 85' lang='lat' dir='ltr'><em>scriptura:</em></span> <span class='ocrx_word' id='word_1_227' title='bbox 1460 1935 1510 1970; x_wconf 89' lang='lat' dir='ltr'><em>Ve</em></span> <span class='ocrx_word' id='word_1_228' title='bbox 1551 1935 1648 1971; x_wconf 90' lang='lat' dir='ltr'><em>enim</em></span> <span class='ocrx_word' id='word_1_229' title='bbox 1682 1941 1788 1970; x_wconf 87' lang='lat' dir='ltr'><em>terre</em></span> 
     </span>
     <span class='ocr_line' id='line_1_34' title="bbox 465 1993 1784 2043; baseline -0.002 -13"><span class='ocrx_word' id='word_1_230' title='bbox 465 1995 571 2030; x_wconf 84' lang='lat' dir='ltr'><em>cuius</em></span> <span class='ocrx_word' id='word_1_231' title='bbox 615 2006 690 2030; x_wconf 78' lang='lat' dir='ltr'><em>rex</em></span> <span class='ocrx_word' id='word_1_232' title='bbox 730 2006 831 2043; x_wconf 87' lang='lat' dir='ltr'><em>puer</em></span> <span class='ocrx_word' id='word_1_233' title='bbox 857 2001 912 2030; x_wconf 87' lang='lat' dir='ltr'><em>est</em></span> <span class='ocrx_word' id='word_1_234' title='bbox 945 2001 979 2030; x_wconf 90' lang='lat' dir='ltr'><em>et</em></span> <span class='ocrx_word' id='word_1_235' title='bbox 1011 1993 1118 2030; x_wconf 89' lang='lat' dir='ltr'><em>cuius</em></span> <span class='ocrx_word' id='word_1_236' title='bbox 1156 1993 1354 2043; x_wconf 86' lang='lat' dir='ltr'><em>principes</em></span> <span class='ocrx_word' id='word_1_237' title='bbox 1406 2005 1516 2029; x_wconf 88' lang='lat' dir='ltr'><em>mane</em></span> <span class='ocrx_word' id='word_1_238' title='bbox 1568 1993 1784 2029; x_wconf 88' lang='lat' dir='ltr'><em>comedunt.</em></span> 
     </span>
     <span class='ocr_line' id='line_1_35' title="bbox 472 2051 1844 2102; baseline -0.001 -15"><span class='ocrx_word' id='word_1_239' title='bbox 472 2052 548 2097; x_wconf 80' lang='lat' dir='ltr'><em>Qui</em></span> <span class='ocrx_word' id='word_1_240' title='bbox 579 2065 670 2089; x_wconf 79' lang='lat' dir='ltr'><em>vero</em></span> <span class='ocrx_word' id='word_1_241' title='bbox 705 2065 868 2102; x_wconf 80' lang='lat' dir='ltr'><em>regnum</em></span> <span class='ocrx_word' id='word_1_242' title='bbox 902 2052 1110 2088; x_wconf 87' lang='lat' dir='ltr'><em>secundum</em></span> <span class='ocrx_word' id='word_1_243' title='bbox 1150 2052 1248 2087; x_wconf 87' lang='lat' dir='ltr'><em>hanc</em></span> <span class='ocrx_word' id='word_1_244' title='bbox 1287 2052 1411 2101; x_wconf 78' lang='lat' dir='ltr'><em>legem</em></span> <span class='ocrx_word' id='word_1_245' title='bbox 1445 2063 1517 2087; x_wconf 89' lang='lat' dir='ltr'><em>non</em></span> <span class='ocrx_word' id='word_1_246' title='bbox 1551 2051 1785 2100; x_wconf 86' lang='lat' dir='ltr'><em>dispensant,</em></span> <span class='ocrx_word' id='word_1_247' title='bbox 1802 2056 1844 2088; x_wconf 82' lang='lat'><em>30</em></span> 
     </span>
     <span class='ocr_line' id='line_1_36' title="bbox 466 2108 1783 2157; baseline -0.002 -11"><span class='ocrx_word' id='word_1_248' title='bbox 466 2111 607 2147; x_wconf 86' lang='lat' dir='ltr'><em>multos</em></span> <span class='ocrx_word' id='word_1_249' title='bbox 640 2111 821 2146; x_wconf 83' lang='lat' dir='ltr'><em>nimirum</em></span> <span class='ocrx_word' id='word_1_250' title='bbox 855 2110 1112 2146; x_wconf 83' lang='lat' dir='ltr'><em>adversitates</em></span> <span class='ocrx_word' id='word_1_251' title='bbox 1143 2109 1311 2145; x_wconf 89' lang='lat' dir='ltr'><em>tolerant</em></span> <span class='ocrx_word' id='word_1_252' title='bbox 1349 2108 1465 2157; x_wconf 86' lang='lat' dir='ltr'><em>impii.</em></span> <span class='ocrx_word' id='word_1_253' title='bbox 1502 2108 1653 2144; x_wconf 88' lang='lat' dir='ltr'><em>Idcirco</em></span> <span class='ocrx_word' id='word_1_254' title='bbox 1686 2108 1783 2144; x_wconf 86' lang='lat' dir='ltr'><em>enim</em></span> 
     </span>
     <span class='ocr_line' id='line_1_37' title="bbox 460 2166 1786 2218; baseline -0.002 -14"><span class='ocrx_word' id='word_1_255' title='bbox 460 2180 547 2218; x_wconf 87' lang='lat' dir='ltr'><em>pax</em></span> <span class='ocrx_word' id='word_1_256' title='bbox 580 2169 818 2217; x_wconf 85' lang='lat' dir='ltr'><em>populorum</em></span> <span class='ocrx_word' id='word_1_257' title='bbox 859 2180 946 2217; x_wconf 83' lang='lat' dir='ltr'><em>sepe</em></span> <span class='ocrx_word' id='word_1_258' title='bbox 986 2168 1183 2216; x_wconf 87' lang='lat' dir='ltr'><em>rumpitur</em></span> <span class='ocrx_word' id='word_1_259' title='bbox 1226 2174 1261 2203; x_wconf 88' lang='lat' dir='ltr'><em>et</em></span> <span class='ocrx_word' id='word_1_260' title='bbox 1305 2167 1534 2215; x_wconf 89' lang='lat' dir='ltr'><em>offendicula</em></span> <span class='ocrx_word' id='word_1_261' title='bbox 1580 2166 1698 2202; x_wconf 86' lang='lat' dir='ltr'><em>eciam</em></span> <span class='ocrx_word' id='word_1_262' title='bbox 1739 2166 1786 2202; x_wconf 88' lang='lat' dir='ltr'><em>de</em></span> 
     </span>
     <span class='ocr_line' id='line_1_38' title="bbox 467 2224 1786 2276; baseline -0.002 -15"><span class='ocrx_word' id='word_1_263' title='bbox 467 2239 589 2276; x_wconf 77' lang='lat' dir='ltr'><em>regno</em></span> <span class='ocrx_word' id='word_1_264' title='bbox 621 2226 870 2271; x_wconf 85' lang='lat' dir='ltr'><em>suscitantur,</em></span> <span class='ocrx_word' id='word_1_265' title='bbox 919 2233 1117 2262; x_wconf 83' lang='lat' dir='ltr'><em>terrarum</em></span> <span class='ocrx_word' id='word_1_266' title='bbox 1151 2237 1296 2274; x_wconf 82' lang='lat' dir='ltr'><em>quoque</em></span> <span class='ocrx_word' id='word_1_267' title='bbox 1317 2225 1481 2273; x_wconf 86' lang='lat' dir='ltr'><em>fructus</em></span> <span class='ocrx_word' id='word_1_268' title='bbox 1521 2224 1786 2260; x_wconf 86' lang='lat' dir='ltr'><em>diminuuntur</em></span> 
     </span>
     <span class='ocr_line' id='line_1_39' title="bbox 466 2282 1784 2334; baseline -0.002 -14"><span class='ocrx_word' id='word_1_269' title='bbox 466 2292 501 2320; x_wconf 86' lang='lat' dir='ltr'><em>et</em></span> <span class='ocrx_word' id='word_1_270' title='bbox 532 2284 696 2320; x_wconf 80' lang='lat' dir='ltr'><em>servicia</em></span> <span class='ocrx_word' id='word_1_271' title='bbox 725 2284 963 2334; x_wconf 87' lang='lat' dir='ltr'><em>populorum</em></span> <span class='ocrx_word' id='word_1_272' title='bbox 984 2284 1281 2332; x_wconf 87' lang='lat' dir='ltr'><em>prepediuntur,</em></span> <span class='ocrx_word' id='word_1_273' title='bbox 1315 2283 1427 2318; x_wconf 88' lang='lat' dir='ltr'><em>multi</em></span> <span class='ocrx_word' id='word_1_274' title='bbox 1447 2290 1481 2318; x_wconf 90' lang='lat' dir='ltr'><em>et</em></span> <span class='ocrx_word' id='word_1_275' title='bbox 1505 2282 1607 2318; x_wconf 79' lang='lat' dir='ltr'><em>varii</em></span> <span class='ocrx_word' id='word_1_276' title='bbox 1628 2282 1784 2318; x_wconf 88' lang='lat' dir='ltr'><em>dolores</em></span> 
     </span>
     <span class='ocr_line' id='line_1_40' title="bbox 462 2340 1840 2392; baseline -0.001 -15"><span class='ocrx_word' id='word_1_277' title='bbox 462 2342 764 2391; x_wconf 88' lang='lat' dir='ltr'><em>prosperitatem</em></span> <span class='ocrx_word' id='word_1_278' title='bbox 790 2342 906 2392; x_wconf 80' lang='lat' dir='ltr'><em>regni</em></span> <span class='ocrx_word' id='word_1_279' title='bbox 926 2342 1108 2391; x_wconf 87' lang='lat' dir='ltr'><em>inficiunt,</em></span> <span class='ocrx_word' id='word_1_280' title='bbox 1143 2353 1326 2377; x_wconf 87' lang='lat' dir='ltr'><em>carorum</em></span> <span class='ocrx_word' id='word_1_281' title='bbox 1352 2348 1386 2376; x_wconf 85' lang='lat' dir='ltr'><em>et</em></span> <span class='ocrx_word' id='word_1_282' title='bbox 1409 2341 1620 2376; x_wconf 84' lang='lat' dir='ltr'><em>liberorum</em></span> <span class='ocrx_word' id='word_1_283' title='bbox 1646 2340 1784 2376; x_wconf 84' lang='lat' dir='ltr'><em>mortis</em></span> <span class='ocrx_word' id='word_1_284' title='bbox 1801 2344 1840 2377; x_wconf 74' lang='lat'><em>35</em></span> 
     </span>
     <span class='ocr_line' id='line_1_41' title="bbox 466 2398 1785 2448; baseline -0.001 -14"><span class='ocrx_word' id='word_1_285' title='bbox 466 2400 668 2435; x_wconf 83' lang='lat' dir='ltr'><em>tristiciam</em></span> <span class='ocrx_word' id='word_1_286' title='bbox 702 2400 920 2448; x_wconf 79' lang='lat' dir='ltr'><em>conferunt,</em></span> <span class='ocrx_word' id='word_1_287' title='bbox 961 2399 1124 2435; x_wconf 82' lang='lat' dir='ltr'><em>hostium</em></span> <span class='ocrx_word' id='word_1_288' title='bbox 1158 2399 1336 2435; x_wconf 87' lang='lat' dir='ltr'><em>incursus</em></span> <span class='ocrx_word' id='word_1_289' title='bbox 1363 2398 1588 2447; x_wconf 79' lang='lat' dir='ltr'><em>provincias</em></span> <span class='ocrx_word' id='word_1_290' title='bbox 1621 2398 1785 2446; x_wconf 84' lang='lat' dir='ltr'><em>undique</em></span> 
     </span>
     <span class='ocr_line' id='line_1_42' title="bbox 468 2456 1783 2507; baseline -0.002 -14"><span class='ocrx_word' id='word_1_291' title='bbox 468 2465 630 2502; x_wconf 76' lang='lat' dir='ltr'><em>vastant,</em></span> <span class='ocrx_word' id='word_1_292' title='bbox 664 2458 779 2493; x_wconf 87' lang='lat' dir='ltr'><em>bestie</em></span> <span class='ocrx_word' id='word_1_293' title='bbox 814 2465 1080 2493; x_wconf 86' lang='lat' dir='ltr'><em>armentorum</em></span> <span class='ocrx_word' id='word_1_294' title='bbox 1105 2468 1366 2506; x_wconf 82' lang='lat' dir='ltr'><em>pecorumque</em></span> <span class='ocrx_word' id='word_1_295' title='bbox 1387 2468 1534 2507; x_wconf 70' lang='lat' dir='ltr'><em>greges</em></span> <span class='ocrx_word' id='word_1_296' title='bbox 1557 2456 1783 2502; x_wconf 85' lang='lat' dir='ltr'><em>dilacerant,</em></span> 
     </span>
     <span class='ocr_line' id='line_1_43' title="bbox 468 2513 1783 2564; baseline -0.002 -14"><span class='ocrx_word' id='word_1_297' title='bbox 468 2522 710 2564; x_wconf 86' lang='lat' dir='ltr'><em>tempestates</em></span> <span class='ocrx_word' id='word_1_298' title='bbox 742 2515 845 2551; x_wconf 87' lang='lat' dir='ltr'><em>aeris</em></span> <span class='ocrx_word' id='word_1_299' title='bbox 878 2522 913 2551; x_wconf 88' lang='lat' dir='ltr'><em>et</em></span> <span class='ocrx_word' id='word_1_300' title='bbox 945 2515 1149 2564; x_wconf 86' lang='lat' dir='ltr'><em>emisperia</em></span> <span class='ocrx_word' id='word_1_301' title='bbox 1183 2515 1337 2550; x_wconf 86' lang='lat' dir='ltr'><em>turbata</em></span> <span class='ocrx_word' id='word_1_302' title='bbox 1377 2521 1576 2550; x_wconf 89' lang='lat' dir='ltr'><em>terrarum</em></span> <span class='ocrx_word' id='word_1_303' title='bbox 1598 2513 1783 2562; x_wconf 85' lang='lat' dir='ltr'><em>secundi-</em></span> 
     </span>
     <span class='ocr_line' id='line_1_44' title="bbox 468 2571 1782 2622; baseline -0.001 -15"><span class='ocrx_word' id='word_1_304' title='bbox 468 2580 582 2609; x_wconf 89' lang='lat' dir='ltr'><em>tatem</em></span> <span class='ocrx_word' id='word_1_305' title='bbox 618 2580 652 2609; x_wconf 89' lang='lat' dir='ltr'><em>et</em></span> <span class='ocrx_word' id='word_1_306' title='bbox 685 2574 806 2609; x_wconf 86' lang='lat' dir='ltr'><em>maris</em></span> <span class='ocrx_word' id='word_1_307' title='bbox 829 2573 1040 2609; x_wconf 88' lang='lat' dir='ltr'><em>ministeria</em></span> <span class='ocrx_word' id='word_1_308' title='bbox 1060 2573 1268 2622; x_wconf 82' lang='lat' dir='ltr'><em>prohibent</em></span> <span class='ocrx_word' id='word_1_309' title='bbox 1288 2580 1322 2608; x_wconf 91' lang='lat' dir='ltr'><em>et</em></span> <span class='ocrx_word' id='word_1_310' title='bbox 1345 2572 1552 2620; x_wconf 83' lang='lat' dir='ltr'><em>aliquando</em></span> <span class='ocrx_word' id='word_1_311' title='bbox 1565 2571 1782 2620; x_wconf 84' lang='lat' dir='ltr'><em>fulminum</em></span> 
     </span>
    </p>
   </div>
   <div class='ocr_carea' id='block_1_5' title="bbox 467 2716 1780 2823">
    <p class='ocr_par' dir='ltr' id='par_1_7' title="bbox 467 2716 1780 2823">
     <span class='ocr_line' id='line_1_45' title="bbox 493 2716 1780 2756; baseline 0 -13"><span class='ocrx_word' id='word_1_312' title='bbox 493 2752 498 2756; x_wconf 79' lang='lat'><strong>.</strong></span> <span class='ocrx_word' id='word_1_313' title='bbox 539 2726 557 2747; x_wconf 82' lang='grc' dir='ltr'><em>ι,</em></span> <span class='ocrx_word' id='word_1_314' title='bbox 581 2725 604 2743; x_wconf 78' lang='lat'><em>2.</em></span> <span class='ocrx_word' id='word_1_315' title='bbox 626 2719 670 2756; x_wconf 64' lang='lat' dir='ltr'><em>Ag</em></span> <span class='ocrx_word' id='word_1_316' title='bbox 692 2718 813 2745; x_wconf 78' lang='lat' dir='ltr'><em>dicente</em></span> <span class='ocrx_word' id='word_1_317' title='bbox 833 2726 1031 2753; x_wconf 78' lang='lat' dir='ltr'><em>consequens.</em></span> <span class='ocrx_word' id='word_1_318' title='bbox 1118 2716 1142 2743; x_wconf 83' lang='lat'><em>3.</em></span> <span class='ocrx_word' id='word_1_319' title='bbox 1165 2718 1186 2744; x_wconf 78' lang='grc' dir='ltr'>Β</span> <span class='ocrx_word' id='word_1_320' title='bbox 1208 2717 1237 2744; x_wconf 78' lang='lat' dir='ltr'><em>in</em></span> <span class='ocrx_word' id='word_1_321' title='bbox 1260 2725 1374 2756; x_wconf 54' lang='lat' dir='ltr'><em>marg:</em></span> <span class='ocrx_word' id='word_1_322' title='bbox 1396 2724 1425 2751; x_wconf 78' lang='lat'><em>9.</em></span> <span class='ocrx_word' id='word_1_323' title='bbox 1514 2725 1543 2749; x_wconf 84' lang='lat'><em>4.</em></span> <span class='ocrx_word' id='word_1_324' title='bbox 1564 2717 1593 2743; x_wconf 91' lang='lat' dir='ltr'><strong>A</strong></span> <span class='ocrx_word' id='word_1_325' title='bbox 1614 2716 1643 2743; x_wconf 83' lang='lat' dir='ltr'><em>in</em></span> <span class='ocrx_word' id='word_1_326' title='bbox 1667 2724 1780 2750; x_wconf 62' lang='lat' dir='ltr'><em>marg:</em></span> 
     </span>
     <span class='ocr_line' id='line_1_46' title="bbox 470 2751 1780 2787; baseline -0.001 -9"><span class='ocrx_word' id='word_1_327' title='bbox 470 2752 559 2779; x_wconf 64' lang='lat' dir='ltr'><em>Nona</em></span> <span class='ocrx_word' id='word_1_328' title='bbox 581 2753 698 2779; x_wconf 71' lang='lat' dir='ltr'><em>abusio.</em></span> <span class='ocrx_word' id='word_1_329' title='bbox 808 2753 831 2779; x_wconf 77' lang='lat'><em>5.</em></span> <span class='ocrx_word' id='word_1_330' title='bbox 854 2754 881 2779; x_wconf 91' lang='lat' dir='ltr'>A</span> <span class='ocrx_word' id='word_1_331' title='bbox 904 2753 931 2779; x_wconf 83' lang='lat' dir='ltr'><em>in</em></span> <span class='ocrx_word' id='word_1_332' title='bbox 955 2761 1068 2786; x_wconf 51' lang='lat' dir='ltr'><em>marg:</em></span> <span class='ocrx_word' id='word_1_333' title='bbox 1098 2752 1176 2779; x_wconf 81' lang='lat' dir='ltr'><em>Nota</em></span> <span class='ocrx_word' id='word_1_334' title='bbox 1197 2751 1413 2787; x_wconf 72' lang='lat' dir='ltr'><em>Augustulum.</em></span> <span class='ocrx_word' id='word_1_335' title='bbox 1512 2759 1544 2778; x_wconf 88' lang='lat'><em>11.</em></span> <span class='ocrx_word' id='word_1_336' title='bbox 1565 2752 1594 2778; x_wconf 94' lang='lat' dir='ltr'>A</span> <span class='ocrx_word' id='word_1_337' title='bbox 1614 2751 1644 2777; x_wconf 86' lang='lat' dir='ltr'><em>in</em></span> <span class='ocrx_word' id='word_1_338' title='bbox 1667 2759 1780 2785; x_wconf 45' lang='lat' dir='ltr'><em>marga</em></span> 
     </span>
     <span class='ocr_line' id='line_1_47' title="bbox 467 2786 1088 2823; baseline 0 -10"><span class='ocrx_word' id='word_1_339' title='bbox 467 2786 597 2813; x_wconf 74' lang='lat' dir='ltr'><em>Juslicia</em></span> <span class='ocrx_word' id='word_1_340' title='bbox 619 2787 713 2823; x_wconf 67' lang='lat' dir='ltr'><em>regis.</em></span> <span class='ocrx_word' id='word_1_341' title='bbox 788 2786 831 2813; x_wconf 64' lang='lat'><em>38.</em></span> <span class='ocrx_word' id='word_1_342' title='bbox 856 2788 893 2814; x_wconf 63' lang='lat'><em>13:</em></span> <span class='ocrx_word' id='word_1_343' title='bbox 915 2790 1088 2822; x_wconf 52' lang='lat' dir='ltr'><em>tempestas:</em></span> 
     </span>
    </p>
   </div>
   <div class='ocr_carea' id='block_1_6' title="bbox 535 2868 1573 2912">
    <p class='ocr_par' dir='ltr' id='par_1_8' title="bbox 535 2868 1573 2912">
     <span class='ocr_line' id='line_1_48' title="bbox 535 2868 1573 2912; baseline 0 -12"><span class='ocrx_word' id='word_1_344' title='bbox 535 2879 566 2909; x_wconf 83' lang='lat'><em>4.</em></span> <span class='ocrx_word' id='word_1_345' title='bbox 594 2870 640 2900; x_wconf 79' lang='lat' dir='ltr'><em>St.</em></span> <span class='ocrx_word' id='word_1_346' title='bbox 669 2871 864 2911; x_wconf 72' lang='lat' dir='ltr'><em>Augustini,</em></span> <span class='ocrx_word' id='word_1_347' title='bbox 893 2871 911 2901; x_wconf 90' lang='grc'><em>1.</em></span> <span class='ocrx_word' id='word_1_348' title='bbox 940 2881 968 2901; x_wconf 81' lang='lat' dir='ltr'><em>c.</em></span> <span class='ocrx_word' id='word_1_349' title='bbox 996 2881 1027 2912; x_wconf 74' lang='lat' dir='ltr'><em>p.</em></span> <span class='ocrx_word' id='word_1_350' title='bbox 1058 2880 1132 2910; x_wconf 77' lang='lat'><em>2¹4.</em></span> <span class='ocrx_word' id='word_1_351' title='bbox 1231 2868 1284 2901; x_wconf 79' lang='lat'><em>26.</em></span> <span class='ocrx_word' id='word_1_352' title='bbox 1311 2869 1423 2901; x_wconf 84' lang='lat' dir='ltr'><em>Eccle.</em></span> <span class='ocrx_word' id='word_1_353' title='bbox 1452 2870 1491 2909; x_wconf 81' lang='lat' dir='ltr'><em>X,</em></span> <span class='ocrx_word' id='word_1_354' title='bbox 1524 2868 1573 2900; x_wconf 81' lang='lat'><em>16.</em></span> 
     </span>
    </p>
   </div>
  </div>
 </body>
</html>
