2003 3322
199 209 288 237 CAP.
309 200 419 254 xm]
674 213 884 245 SECUNDA
913 214 1039 246 PARS.

199 319 253 354 sic
285 319 432 354 dicam:
469 319 553 367 quia
593 331 666 354 non
706 331 836 355 omnes
868 327 995 356 tamen
1029 321 1140 356 multi
1174 322 1357 369 perdunt.
1410 323 1513 365 Quid

200 377 327 426 ergo?
358 377 499 412 Melius
522 384 577 412 est
597 389 716 426 super
748 385 896 413 terram
931 390 1131 427 reponere,
1164 379 1228 414 ubi
1257 379 1425 415 incertus
1458 388 1513 415 est

197 434 503 470 conservacionis
535 442 702 480 eventus,
735 442 799 470 aut
820 435 856 470 in
877 436 972 483 celo,
1004 436 1068 471 ubi
1098 444 1153 472 est
1181 444 1285 472 certa
1309 437 1514 473 custodia?

195 492 273 528 Hic
303 492 337 527 si
367 505 438 528 non
471 492 711 539 custodieris,
738 493 894 541 perdes.
943 494 985 528 Si
1027 494 1266 539 custodieris,
1306 495 1445 530 timore
1477 502 1511 530 et

165 550 437 586 §solicitudine
468 550 670 587 cruciaris.
704 551 788 586 Illic
821 558 962 596 autem,
998 552 1069 587 etsi
1099 552 1262 598 dormis,
1290 565 1311 587 a
1342 553 1511 588 Domino

196 615 406 643 servantur
437 615 473 643 et
504 620 587 644 cum
622 609 851 644 recordatus
871 608 1018 656 fueris,
1056 621 1124 658 spe
1153 610 1388 659 gratularis.
1431 611 1512 654 Que

198 673 253 700 est
285 672 410 701 autem
444 666 611 701 stulticia
645 666 722 701 illic
745 666 962 714 relinquere
984 667 1084 703 unde
1106 668 1284 703 exiturus
1309 668 1377 703 es?
1416 668 1512 703 Vere

197 730 322 758 autem
365 723 465 759 male
496 730 673 759 servatas
705 723 865 760 divicias
902 724 973 759 etsi
1012 737 1084 760 non
1124 726 1387 774 corporaliter
1419 738 1511 774 per-

199 781 342 825 didisti,
363 781 620 829 spiritualiter
646 781 869 830 perdidisti,
902 781 990 830 quia
1030 794 1096 818 nec
1123 783 1333 832 proficiunt
1364 783 1432 818 tibi
1460 784 1513 819 ad

146 851 183 872 10
198 850 305 874 usum
338 838 485 875 salutis.
538 839 727 887 Quicquid
759 839 855 875 enim
885 851 962 887 pro
994 840 1122 875 anima
1154 847 1219 876 tua
1242 840 1407 889 feceris,
1439 841 1511 877 hoc

197 903 301 931 tuum
341 904 409 941 est,
451 897 554 945 quod
584 904 710 932 autem
745 897 960 945 reliqueris,
994 898 1213 945 perdidisti.
1270 899 1370 933 Nam
1410 899 1512 947 quod

197 954 461 1002 corporaliter
501 954 604 989 male
650 961 933 1004 congregatur,
983 955 1242 1004 spiritualiter
1294 956 1510 1005 dispersum

198 1012 351 1047 videtur
373 1019 408 1047 et
424 1012 634 1060 perditum.
672 1012 786 1056 Quod
807 1020 933 1048 autem
957 1013 1220 1062 corporaliter
1248 1014 1341 1049 bene
1362 1014 1511 1062 disper-

196 1070 319 1120 gitur,
350 1069 609 1118 spiritualiter
636 1070 735 1105 illud
756 1078 1040 1121 congregatum
1065 1078 1101 1106 et
1123 1071 1332 1120 repositum
1358 1072 1512 1108 videtur

146 1127 234 1162 15in
266 1127 359 1165 celo,

255 1185 367 1220 Nunc
394 1192 520 1220 autem
550 1185 661 1234 ponit
685 1196 755 1233 que
775 1185 823 1221 sit
845 1186 990 1221 utilitas
1017 1186 1052 1221 in
1080 1187 1286 1223 elemosina
1306 1187 1508 1235 facienda,

198 1243 346 1278 dicens:
373 1243 445 1278 Ubi
465 1243 560 1278 enim
575 1243 705 1290 fuerit
726 1243 932 1279 thesaurus
954 1251 1054 1291 tuus,
1078 1244 1128 1280 ibi
1149 1244 1222 1280 erit
1243 1252 1279 1280 et
1302 1253 1506 1281 cortuum.

204 1300 281 1344 Qui
311 1300 503 1336 collocant
534 1301 737 1337 thesauros
759 1301 794 1336 in
817 1309 939 1347 terra,
972 1314 1045 1338 non
1069 1302 1208 1338 habent
1227 1303 1330 1351 quod
1350 1311 1510 1352 sperant

198 1358 233 1393 in
278 1359 371 1394 celo.
432 1358 479 1393 Ut
520 1358 612 1407 quid
658 1358 755 1394 enim
800 1359 989 1408 aspiciant
1030 1359 1066 1395 in
1110 1360 1246 1403 celum,
1290 1361 1353 1396 ubi
1395 1361 1512 1397 nichil

142 1427 183 1449 20
198 1416 407 1465 repositum
439 1416 630 1452 habetur?
674 1417 889 1465 Propterea
920 1417 1001 1453 sive
1034 1418 1187 1464 letatur,
1220 1418 1255 1453 in
1289 1419 1509 1455 carnalibus

197 1482 232 1510 et
254 1474 419 1510 terrenis
441 1474 597 1520 letatur,
628 1474 707 1510 sive
739 1474 931 1522 tristatur,
964 1475 999 1511 in
1033 1475 1254 1512 carnalibus
1283 1483 1317 1512 et
1345 1477 1511 1513 terrenis

197 1532 388 1568 tristatur.
448 1531 524 1575 Qui
559 1539 684 1567 autem
724 1532 882 1568 divicias
923 1545 1014 1569 suas
1053 1534 1203 1582 reponit
1234 1534 1270 1569 in
1303 1535 1396 1582 celo,
1436 1547 1508 1570 non

197 1591 309 1626 habet
345 1601 451 1638 spem
491 1589 527 1624 in
566 1597 685 1625 terra.
740 1590 787 1625 Ut
818 1590 909 1638 quid
947 1591 1044 1626 enim
1085 1591 1300 1627 delectatur
1331 1592 1366 1627 in
1400 1600 1508 1628 terra

196 1648 261 1697 qui
282 1647 400 1683 nichil
421 1647 534 1683 habet
564 1647 600 1682 in
624 1647 762 1682 terra?
793 1648 884 1684 Ideo
906 1648 986 1684 sive
1008 1649 1163 1695 letatur,
1187 1649 1222 1685 in
1245 1650 1510 1698 spiritualibus

142 1707 180 1740 25
198 1706 350 1748 letatur,
373 1705 453 1741 sive
474 1705 666 1751 tristatur,
683 1705 719 1740 in
737 1705 1002 1754 spiritualibus
1024 1707 1216 1743 tristatur.
1239 1707 1354 1758 Ergo
1371 1720 1509 1757 pecca-

198 1771 326 1800 torum
358 1770 393 1798 et
424 1763 548 1798 leticia
581 1763 684 1798 mala
718 1770 752 1798 et
784 1763 946 1800 tristicia
974 1764 1104 1813 prior,
1137 1765 1201 1813 qui
1231 1773 1297 1801 aut
1328 1766 1365 1801 in
1398 1767 1508 1802 lucro

198 1829 352 1857 terreno
375 1821 544 1856 letantur
566 1828 632 1856 aut
654 1821 699 1856 de
722 1821 888 1870 dampno
912 1821 1140 1867 tristantur;
1169 1823 1357 1859 iustorum
1382 1832 1507 1859 autem

198 1886 232 1914 et
264 1878 388 1914 leticia
420 1878 518 1915 bona
551 1886 586 1914 et
615 1879 778 1915 tristicia
811 1879 963 1926 melior,
995 1880 1172 1928 quoniam
1201 1888 1268 1916 aut
1291 1882 1337 1916 de
1359 1881 1507 1917 iusticia

199 1937 366 1972 letantur
404 1944 469 1972 aut
513 1937 559 1972 de
590 1937 862 1985 peccatoribus
900 1937 1118 1974 tristantur.
1165 1938 1208 1973 Si
1242 1939 1341 1974 enim
1380 1939 1508 1988 aliqua

142 1999 184 2031 30
198 2006 314 2030 causa
340 1994 476 2030 mortis
507 1994 720 2041 advenerit,
752 1995 786 2030 si
816 1995 967 2043 quidem
999 2008 1086 2044 spes
1117 1996 1220 2032 illius
1252 1997 1288 2032 in
1321 2004 1429 2032 terra
1461 1997 1510 2033 sit

198 2052 378 2087 tristatur
408 2052 518 2100 quasi
554 2052 600 2087 de
639 2053 752 2088 domo
784 2065 853 2088 sua
885 2054 937 2088 ad
962 2065 1136 2103 peregre
1167 2054 1324 2100 vadens,
1363 2063 1404 2090 ut
1435 2067 1508 2091 non

198 2110 322 2145 dicam
353 2110 405 2144 ad
426 2117 628 2147 tormenta.
663 2110 706 2145 Si
736 2118 861 2146 autem
894 2123 981 2159 spes
1013 2111 1093 2147 eius
1115 2111 1151 2147 in
1174 2112 1255 2148 celo
1277 2112 1339 2159 sit,
1362 2113 1511 2162 gaudet

198 2168 308 2215 quasi
339 2167 385 2203 de
412 2179 585 2217 peregre
608 2168 660 2203 ad
683 2168 838 2204 domum
857 2169 1064 2217 propriam
1089 2181 1334 2214 reversurus,
1367 2178 1407 2205 ut
1435 2183 1508 2206 non

200 2225 323 2261 dicam
376 2226 428 2260 ad
477 2237 640 2276 regnum
685 2226 832 2262 celeste.
878 2227 1053 2263 Secundo
1092 2227 1156 2275 qui
1192 2227 1430 2281 thesaurizat
1472 2228 1508 2263 in

144 2284 183 2318 35
200 2283 329 2329 terris,
364 2283 568 2332 dupliciter
590 2283 695 2332 facit
722 2291 936 2333 peccatum,
965 2284 1136 2333 primum
1170 2285 1256 2333 quia
1288 2286 1390 2321 male
1421 2298 1509 2322 con-

197 2348 359 2391 gregat,
390 2342 557 2377 secundo
589 2342 677 2390 quia
710 2354 778 2378 cor
810 2342 952 2378 habens
984 2342 1020 2378 in
1053 2350 1175 2389 terra,
1215 2356 1405 2391 nunquam
1438 2356 1510 2393 que

198 2399 276 2434 Dei
303 2406 391 2434 sunt
422 2399 656 2435 recordatur
686 2400 755 2435 sed
785 2412 938 2449 semper
968 2412 1039 2449 que
1076 2408 1193 2438 terre.
1238 2401 1291 2437 Et
1329 2402 1393 2450 qui
1428 2402 1508 2438 the-

199 2456 373 2509 saurizat
404 2456 439 2491 in
473 2457 566 2503 celo,
607 2457 812 2506 dupliciter
843 2458 1030 2494 iusticiam
1052 2458 1171 2507 facit,
1210 2459 1383 2508 primum
1422 2460 1508 2508 quia

200 2514 290 2549 bene
311 2515 524 2563 feneravit,
556 2516 722 2551 secundo
755 2516 842 2564 quia
873 2528 978 2565 spem
1012 2517 1152 2552 habens
1185 2516 1220 2552 in
1243 2517 1328 2553 Deo
1356 2530 1510 2566 semper

140 2583 186 2614 40
198 2584 269 2621 que
299 2572 377 2608 Dei
404 2580 492 2608 sunt
522 2573 668 2622 cogitat
700 2581 735 2609 et
766 2574 976 2609 meditatur
1008 2581 1044 2610 et
1075 2587 1148 2610 non
1185 2587 1256 2623 que
1294 2582 1412 2611 terre.
1458 2576 1510 2611 Et

199 2630 520 2677 quemadmodum
543 2631 578 2666 si
600 2631 720 2667 semel
750 2632 893 2681 ceperit
924 2644 1175 2682 congregare
1206 2632 1242 2668 in
1274 2641 1394 2679 terra,
1427 2633 1509 2682 ipsa

269 2763 295 2789 8.
316 2764 345 2790 A
364 2763 394 2790 in
416 2771 528 2798 marga
550 2764 630 2791 Nota
651 2764 734 2792 bene.
809 2772 855 2798 24.
877 2766 920 2792 A:
942 2765 1034 2792 liabet
1054 2766 1149 2792 deest.
1222 2773 1268 2798 27.
1290 2768 1318 2793 A
1339 2767 1368 2793 in
1390 2774 1509 2801 marg:

200 2797 280 2824 Nota
298 2806 421 2824 summe.
521 2797 562 2832 33,
585 2797 630 2831 34.
652 2800 694 2825 A:
717 2802 745 2826 et
764 2807 824 2826 non
845 2800 953 2827 dicam.
1056 2799 1102 2833 34.
1126 2800 1242 2829 Codd.:
1264 2800 1405 2828 Secundo
1426 2802 1509 2835 quia.

199 2841 241 2865 41.
264 2833 300 2859 ss:
324 2833 465 2868 cogitare
484 2833 514 2859 in
535 2837 632 2860 terra.

1722 209 1796 244 325

1540 1195 1601 1222 Use
1621 1195 1655 1222 of
1671 1196 1777 1230 giving

1618 1230 1706 1257 alms.
