2003 3322
202 242 289 271 CAP.
312 232 411 288 xlx]
708 245 847 278 PRIMA
875 245 1002 278 PARS.

256 354 476 389 Intellectus
520 354 700 403 congruit
740 353 892 388 mundis
939 354 1055 389 cora'e
1099 361 1293 401 tamquam
1339 360 1514 403 purgato

199 412 307 447 oculo
340 424 411 459 quo
444 412 548 447 cerni
582 411 706 460 possit
745 412 846 459 quod
884 412 1017 447 oculus
1056 423 1269 460 corporeus
1308 424 1381 446 non
1423 412 1516 446 vidit

79 473 158 507 360⁰
199 482 264 505 nec
295 469 402 505 auris
433 469 592 516 aualivit⁷
626 481 692 505 nec
718 469 753 504 in
784 481 852 505 cor
889 469 1051 505 hominis
1075 469 1258 516 ascendit,
1284 469 1329 504 de
1351 469 1485 516 quibus

199 527 362 563 dicitur:
392 527 506 563 Beati
537 528 678 563 mundo
712 527 840 562 corde.

166 588 181 621 5
256 585 455 633 Sapiencia
496 585 677 635 congruit
716 585 904 634 pacificis,
955 585 991 620 in
1037 585 1169 634 quibus
1213 585 1287 620 iam
1335 585 1514 620 ordinata

197 650 285 678 sunt
329 643 467 690 omnia,
513 643 714 691 nullusque
758 643 833 678 iam
879 650 1004 679 motus
1041 644 1229 679 adversus
1277 643 1427 678 racioni
1462 651 1516 679 est

199 701 366 747 rebellis,
398 701 467 737 sed
499 701 534 736 in
559 701 703 737 cunctis
730 701 995 750 obtemperant
1027 701 1183 749 spiritui
1216 701 1392 747 hominis,
1429 713 1512 736 cum

198 766 233 794 et
265 759 338 807 ipsi
367 759 628 808 obtemperent
650 760 747 804 Deo,
781 760 828 794 de
860 759 993 808 quibus
1026 759 1189 794 dicitur.-
1218 759 1332 794 Beati
1348 759 1514 809 pacifici.

262 817 385 852 Unum
418 825 544 853 autem
576 817 771 866 premium
806 818 907 865 quod
945 824 999 853 est
1040 829 1205 867 regnum
1239 817 1411 852 celorum
1439 829 1516 866 pro

146 874 257 910 1olu‘s
279 875 372 924 ipsis
392 876 584 925 gradibus
609 875 716 911 varie
737 875 971 911 nominatur.
1001 876 1041 910 In
1062 875 1191 923 primo
1220 875 1318 910 sicut
1347 875 1518 924 oportuit

194 933 363 981 positum
397 940 452 969 est
485 946 649 983 regnum
682 933 869 979 celorum,
902 934 1003 981 quoar
1026 940 1081 968 est
1097 934 1274 982 perfecte
1297 945 1518 981 summeque

200 991 389 1039 sapiencie
425 991 550 1027 anime
588 991 807 1027 racionalis.
853 991 916 1026 Sic
955 991 1080 1039 itaque
1113 991 1254 1026 dictum
1288 998 1363 1027 est:
1407 991 1520 1026 Beati

196 1061 392 1098 pauperes
424 1049 577 1098 spiritu,
617 1049 794 1097 quoniam
835 1049 1007 1098 ipsorum
1042 1056 1097 1084 est
1130 1061 1294 1099 regnum
1329 1050 1514 1095 celorum,

202 1113 396 1154 tamquam
431 1107 645 1142 diceretur.-
676 1107 834 1142 Inicium
867 1107 1058 1156 sapiencie
1090 1107 1207 1143 timor
1240 1107 1410 1143 Domini.

148 1169 184 1202 15
259 1164 418 1201 Mitibus
461 1173 588 1201 autem
628 1165 874 1214 promittitur
918 1165 1114 1201 hereditas
1159 1172 1354 1213 tamquam
1401 1172 1516 1200 testa-

202 1229 368 1258 mentum
387 1223 516 1271 patris
548 1235 632 1259 cum
662 1223 803 1271 pietate
832 1224 1096 1271 querentibus:
1127 1223 1241 1259 Beati
1270 1223 1392 1270 mites,
1426 1235 1516 1271 quo-

202 1280 302 1315 niam
337 1281 411 1329 ipsi
440 1281 654 1317 hereditate
686 1289 836 1317 terram
866 1281 1129 1330 possidebunt.

259 1339 499 1389 Lugentibus
534 1339 779 1388 promittitur
816 1339 1032 1375 consolacio
1072 1346 1268 1388 tamquam
1314 1339 1519 1375 scientibus

201 1396 292 1444 quid
323 1397 521 1432 amiserint
559 1404 594 1433 et
632 1398 723 1446 quid
763 1397 928 1433 mercati
968 1404 1076 1433 sunt:
1120 1397 1235 1433 Beati
1272 1397 1336 1446 qui
1372 1397 1519 1447 lugent,

146 1470 188 1491 20
203 1455 380 1503 quoniam
414 1455 490 1504 ipsi
520 1456 834 1492 consolabuntur.

260 1513 530 1549 Esurientibus
561 1521 596 1549 et
618 1513 834 1549 sicientibus
857 1513 1045 1549 iusticiam
1069 1513 1256 1549 saturitas
1273 1513 1521 1563 promittitur

203 1578 398 1620 tamquam
445 1571 610 1620 refeccio
656 1572 920 1607 laborantibus
960 1571 1204 1620 fortiterque
1251 1572 1520 1607 dimicantibus

203 1629 256 1664 aa'
276 1629 461 1665 salutem:
483 1629 596 1665 Beati
616 1630 680 1678 qui
700 1630 873 1665 esuriunt
895 1637 930 1665 et
951 1630 1089 1665 siciunt
1112 1629 1316 1677 iusticiam,
1340 1629 1516 1678 quoniam

206 1686 280 1735 ipsi
309 1688 601 1723 saturabuntur.

149 1750 189 1782 25
262 1745 584 1781 Misericordibus
627 1757 788 1794 namque
832 1745 1100 1782 misericordia
1136 1745 1385 1794 promittitur
1422 1753 1519 1781 tam-

206 1814 317 1851 quam
373 1816 465 1839 vero
517 1811 552 1839 et
604 1804 746 1852 optimo
798 1804 956 1839 consilio
1000 1804 1200 1850 utentibus,
1255 1811 1294 1839 ut
1347 1804 1417 1839 lzoc
1469 1803 1521 1839 eis

205 1861 435 1897 exhibeatur
486 1874 508 1897 a
555 1862 780 1910 potenciore
831 1862 932 1910 quod
979 1862 1275 1897 invalidioribus
1326 1862 1518 1898 exhibent.

205 1919 319 1954 Beati
361 1919 644 1964 misericordes,
683 1920 859 1968 quoniam
906 1920 1078 1968 ipsorum
1124 1920 1370 1956 miserebitur
1403 1921 1522 1957 Deus.

263 1977 423 2013 Mundis
454 1978 572 2013 corde
595 1978 775 2025 facultas
801 1978 927 2014 Deum
962 1978 1118 2013 videndi
1144 1978 1391 2027 promittitur
1424 1986 1521 2013 tam-

152 2042 193 2074 30
207 2047 319 2084 quam
354 2048 498 2084 purum
538 2036 689 2071 oculum
730 2036 782 2071 ad
820 2036 1071 2085 intelligenda
1111 2043 1244 2073 eterna
1279 2036 1523 2086 gerentibus:

208 2094 320 2128 Beati
350 2094 491 2129 mundo
524 2094 654 2139 corde,
687 2094 863 2141 quoniam
897 2094 971 2142 ipsi
1004 2094 1127 2129 Deum
1163 2094 1353 2129 videbunt.

265 2151 440 2200 Pacificis
475 2150 548 2188 Dei
579 2152 788 2187 similitudo
817 2152 1074 2200 promittitur,
1120 2159 1315 2200 tamquam
1346 2153 1523 2201 perfecte

207 2209 440 2258 sapientibus
461 2209 727 2258 formatisque
759 2210 810 2245 ad
843 2210 1051 2259 imaginem
1086 2210 1163 2245 Dei
1194 2222 1270 2258 per
1312 2222 1521 2259 regenera-

208 2267 350 2303 cionem
383 2267 546 2303 hominis
579 2268 771 2303 renovati:
803 2268 916 2303 Beati
941 2268 1106 2317 pacifici,
1141 2268 1317 2315 quoniam
1349 2268 1422 2316 ipsi
1442 2268 1525 2317 filii

153 2330 192 2363 35
212 2325 287 2360 Dei
319 2325 569 2361 vocabuntur.

266 2383 319 2418 Et
350 2383 422 2419 ista
462 2384 612 2432 quidem
659 2384 694 2418 in
740 2383 812 2418 hac
856 2383 932 2418 vita
973 2390 1137 2432 possunt
1180 2384 1379 2432 compleri,
1427 2383 1523 2419 sicut

209 2441 397 2490 completa
430 2443 465 2477 in
497 2442 682 2491 apostolis
713 2454 794 2477 esse
825 2441 1030 2476 credimus.
1067 2441 1167 2476 Nam
1202 2442 1269 2476 illa
1304 2441 1522 2477 omnimoda

211 2507 245 2534 et
277 2499 312 2534 in
345 2500 561 2548 angelicam
594 2500 775 2547 formam
816 2500 980 2535 mutacio
1022 2511 1093 2547 que
1131 2507 1221 2547 post
1265 2500 1362 2535 lianc
1405 2500 1520 2534 vitam

281 2691 309 2718 6.
332 2691 375 2718 A:
406 2698 540 2718 aversus.
685 2699 710 2726 7.
735 2691 772 2718 B:
803 2693 1042 2725 contemperant.
1187 2690 1214 2718 S.
1234 2692 1278 2718 A:
1307 2692 1524 2726 obtemperent.

212 2725 257 2752 36.
280 2727 323 2752 A:
346 2726 403 2752 lzac
420 2729 521 2761 parte.

284 2832 313 2852 2.
340 2822 381 2852 Is.
410 2822 526 2859 LXIV,
562 2833 594 2861 4.
739 2821 768 2852 5.
797 2821 819 2851 Ι.
848 2821 928 2851 Cor.
956 2821 993 2859 ΙΙ,
1026 2832 1056 2863 ς).
1206 2831 1254 2861 ¹4-
1281 2821 1388 2852 Eccli.
1415 2821 1438 2860 I,
1476 2819 1525 2852 16.

214 2868 341 2898 Psalm.
370 2868 437 2906 CX,
473 2878 519 2898 ιο.
547 2868 648 2898 Prov.
675 2868 728 2906 IX,
761 2878 811 2898 10.

1752 239 1799 276 63
