2003 3322
236 182 325 210 CAP.
346 172 485 226 XLvu]
748 183 887 214 PRIMA
914 182 1040 215 PARS.
1756 182 1824 217 Ι7Ι

237 293 420 339 desperet
452 289 584 337 ipsum
619 289 820 336 corripere
852 288 913 324 vel
945 288 1097 325 salvare
1131 288 1199 323 sed
1234 288 1340 334 quod
1375 298 1417 321 ex
1452 299 1544 322 con-

236 362 352 385 sensu
376 347 529 395 peccati
562 348 692 395 ipsum
727 346 936 383 necessitet
957 347 1007 383 ad
1031 346 1293 393 peccandum.
1329 346 1545 389 Quomodo

238 419 331 454 ergo
374 406 435 442 lex
479 405 612 441 divina
656 405 696 440 in
741 404 811 440 tali
856 417 951 440 casu
1001 417 1082 440 non
1136 402 1369 439 licenciaret
1420 415 1543 437 unum

238 464 435 512 reliquum
477 462 692 507 dimittere,
738 463 804 498 sed
846 461 940 509 quia
981 463 1057 498 hoc
1102 474 1193 497 raro
1233 461 1293 496 vel
1337 473 1544 507 nunquam

205 523 221 555 5
239 521 380 566 evenit,
417 534 506 558 cum
532 520 712 557 homines
744 520 823 556 iam
848 528 988 556 curant
1011 519 1207 556 luxuriam
1232 518 1311 554 sive
1336 519 1545 563 mundum,

237 580 326 616 ideo
359 580 462 627 leges
496 578 737 626 capitulares
772 579 819 614 de
853 579 929 614 hoc
952 591 1033 614 non
1057 577 1273 614 sollicitant
1296 577 1364 612 sed
1388 577 1434 611 de
1459 575 1546 611 aliis

238 637 394 674 casibus
427 649 503 685 que
537 636 698 684 sapiunt
731 636 785 672 eis
818 637 988 672 lucrum.

296 696 373 731 Sed
410 695 567 730 videtur
607 707 696 730 cum
738 693 990 730 cohabitacio
1030 692 1247 740 coniugum
1297 704 1373 740 que
1419 690 1546 738 magis
1596 694 1662 721 The
1683 693 1804 728 highest

238 753 451 801 proficeret
503 754 551 788 ad
605 751 894 788 beatitudinem
942 751 1267 799 consequendam
1316 749 1366 785 sit
1420 748 1546 793 magis
1605 728 1755 798 maii-iria&
1776 763 1801 789 is

186 823 223 843 10
239 812 415 847 notanda
448 823 570 858 quam
604 809 856 846 cohabitacio
885 819 1048 857 propter
1081 807 1425 856 procreacionem,
1459 806 1545 842 libi-
1595 798 1801 859 ῑῃξὲὓωῧὲΐὲἓῖῐ)

240 869 372 905 dinem
410 869 471 905 vel
511 867 690 904 debitum
742 868 1037 913 exsolvendum,
1084 867 1172 915 plus
1217 874 1375 902 notaret
1418 864 1545 900 fidelis
1596 867 1801 895 blessedness.

239 926 498 963 concordiam
545 926 761 973 coniugum
807 926 847 961 in
890 925 1036 962 talibus
1082 924 1259 960 moribus
1305 936 1424 971 quam
1471 922 1545 958 ista

240 984 418 1021 carnalia
457 984 702 1032 supradicta.
750 982 920 1020 Difficile
953 992 1087 1019 tamen
1121 982 1279 1019 videtur
1312 981 1547 1018 convincere

240 1043 407 1079 alterum
443 1042 658 1089 coniugum
693 1043 740 1077 de
772 1041 841 1077 tali
874 1041 1071 1089 spirituali
1114 1039 1282 1085 luxuria,
1327 1039 1417 1075 ideo
1458 1051 1547 1075 raro

186 1100 300 1138 15vel
333 1113 538 1148 nunquam
574 1099 704 1135 veniet
745 1099 850 1135 istud
891 1098 931 1135 in
964 1099 1142 1147 practica
1182 1099 1314 1146 quoad
1354 1096 1547 1133 iudicium

240 1158 520 1194 discretorum.
566 1157 812 1205 Augustinus
849 1165 985 1193 tamen
1025 1165 1068 1193 ut
1107 1169 1227 1204 supra
1260 1155 1315 1192 sic
1348 1155 1547 1204 loquitur:

240 1217 368 1252 Porro
420 1217 454 1252 si
503 1216 708 1266 infidelitas
750 1215 973 1264 fornicacio
1025 1222 1080 1251 est
1133 1222 1166 1250 et
1219 1214 1441 1250 idololatria
1494 1213 1548 1248 in-

229 1275 407 1324 fidelitas
459 1281 493 1310 et
543 1273 715 1309 avaricia
768 1273 1006 1319 idololatria,
1068 1285 1140 1309 non
1191 1279 1246 1308 est
1297 1271 1548 1307 dubitandum

241 1338 276 1368 et
307 1332 519 1368 avariciam
543 1331 854 1380 fornicacionem
887 1343 979 1368 esse.
1033 1331 1127 1374 Quis
1165 1342 1262 1380 ergo
1303 1330 1377 1365 iam
1418 1341 1549 1378 quam-

184 1391 329 1426 20libet
383 1390 555 1426 illicitam
615 1389 963 1438 concupiscenciam
1010 1396 1137 1438 potest
1199 1395 1300 1423 recte
1351 1400 1372 1422 a
1415 1387 1550 1435 forni-

240 1448 405 1485 cacionis
435 1460 580 1498 genere
611 1459 811 1496 separare,
842 1447 877 1482 si
913 1447 1086 1482 avaricia
1108 1446 1331 1494 fornicacio
1371 1452 1436 1481 est.
1484 1445 1553 1480 Ex

241 1518 312 1555 quo
345 1505 579 1556 intelligitur
611 1506 896 1554 quodpropter
928 1504 1081 1540 illicitas
1114 1503 1445 1552 concupiscencias
1478 1516 1550 1538 non

241 1571 386 1600 tantum
411 1576 480 1612 que
511 1563 546 1598 in
578 1563 725 1612 stupris
757 1575 840 1599 cum
874 1562 1007 1598 alienis
1041 1562 1135 1597 viris
1167 1569 1232 1597 aut
1253 1561 1416 1610 feminis
1449 1573 1550 1596 conz-

241 1622 461 1668 mittuntur‚
506 1622 575 1657 sed
619 1621 770 1657 omnino
819 1620 1005 1669 quaslibet
1053 1632 1122 1668 que
1165 1620 1333 1656 animam
1387 1631 1552 1668 corpore

185 1677 224 1709 25
242 1680 342 1715 male
374 1686 537 1715 utentem
570 1692 591 1714 a
626 1679 711 1728 lege
744 1679 819 1714 Dei
849 1679 1039 1714 aberrare
1067 1678 1226 1726 faciunt
1265 1685 1299 1714 et
1333 1677 1552 1726 perniciose

241 1738 481 1787 turpiterque
509 1744 776 1786 corrumpunt,
807 1743 934 1785 potest
955 1736 1035 1772 sine
1064 1735 1224 1772 crimine
1247 1743 1281 1772 et
1304 1736 1365 1771 vir
1387 1747 1550 1771 uxorem

244 1795 436 1831 dimittere
474 1803 509 1831 et
547 1806 652 1830 uxor
691 1795 831 1840 virum,
876 1794 962 1843 quia
996 1801 1195 1843 exceptam
1227 1794 1329 1842 fecit
1360 1793 1552 1829 Dominus

243 1866 398 1889 causam
437 1852 734 1901 fornicacionis‚
779 1865 891 1901 quam
917 1852 1242 1900 fornicacionem,
1287 1852 1386 1888 sicut
1431 1863 1552 1900 supra

244 1912 385 1947 dictum
409 1919 476 1957 est,
508 1911 731 1961 generalem
765 1918 800 1946 et
832 1910 1087 1946 universalem
1112 1910 1293 1959 cogimur
1320 1909 1549 1958 intelligere.

187 1967 228 1998 30
301 1968 512 2005 Dimittere
552 1977 686 2005 autem
721 1967 932 2015 coniugem
975 1980 1096 2004 causa
1134 1966 1419 2003 fornicacionis
1459 1979 1551 2002 con-
1579 1977 1719 2016 ‘Eopthe
1739 1984 1829 2015 cause

243 2026 359 2074 tingit
412 2026 624 2074 dupliciter
675 2026 736 2062 vel
787 2034 951 2074 propter
1013 2025 1324 2061 fornicacionem
1389 2024 1551 2061 alterius
1578 2011 1824 2081 Οῐξῖζζΐὲζξζξζοῖᾞ

245 2085 460 2132 coniugum
496 2084 723 2120 induratam
762 2085 821 2120 vel
862 2091 1027 2131 propter
1059 2083 1373 2119 fornicacionem
1409 2081 1551 2130 reliqui
1568 2081 1718 2117 punishit
1738 2081 1767 2107 in
1784 2088 1841 2107 one

246 2142 487 2179 evitandam.
534 2144 610 2178 Sed
651 2141 745 2190 quia
784 2141 927 2189 prelati
966 2149 1105 2177 curent
1143 2142 1299 2177 lucrum
1342 2140 1481 2176 mundi
1515 2119 1839 2178 etorplffixoetnhte1Ft1n

245 2214 324 2237 non
362 2201 529 2236 salutem
575 2200 720 2246 anime,
766 2199 854 2236 ideo
900 2201 947 2235 de
985 2199 1130 2235 talibus
1169 2199 1370 2235 eventibus
1409 2211 1551 2246 parum

190 2254 229 2288 35
247 2267 387 2295 curant
420 2267 457 2294 et
489 2258 714 2306 specialiter
747 2270 836 2293 cum
878 2257 1066 2304 coniuges
1105 2256 1161 2292 sic
1200 2256 1374 2304 separati
1409 2258 1552 2292 debent

247 2316 444 2353 abstinere
477 2318 525 2352 ab
559 2316 690 2352 alieno
721 2316 921 2351 connubio
956 2323 993 2350 et
1027 2315 1308 2351 commixtione
1339 2313 1552 2362 corporali.

305 2375 489 2410 Secundo
535 2382 665 2410 movet
707 2373 953 2421 Augustinus
998 2373 1096 2408 illud
1146 2372 1310 2408 dubium
1356 2374 1428 2408 sub
1479 2371 1554 2407 hiis

246 2431 394 2468 verbis:
448 2433 601 2468 Rursus
645 2432 820 2480 queritur
860 2438 989 2467 utrum
1022 2431 1055 2466 si
1086 2431 1222 2467 uxoris
1249 2431 1444 2480 permissu
1476 2431 1556 2466 sive

246 2490 403 2534 sterilisj
435 2490 514 2526 sive
537 2490 622 2538 quia
651 2490 726 2525 iam
750 2489 987 2525 concubitum
1007 2489 1093 2537 pati
1120 2501 1192 2524 non
1223 2489 1316 2535 vult,
1338 2487 1557 2524 adhibuerit

317 2657 346 2680 4.
372 2648 416 2674 A:
445 2647 642 2674 committere.
749 2646 773 2674 5.
801 2647 844 2673 A:
878 2647 942 2673 sive
973 2647 1103 2674 mudum.
1219 2653 1256 2673 12.
1289 2647 1334 2673 A:
1368 2645 1556 2681 coniugium.

250 2691 292 2716 14.
313 2683 356 2709 A:
379 2682 566 2718 coniugium.
670 2690 709 2715 17.
729 2682 758 2708 A
779 2681 808 2708 in
830 2690 943 2716 marg:
966 2681 1165 2718 Augustinus.
1273 2688 1312 2708 21.
1334 2681 1377 2707 A:
1398 2688 1555 2715 seperare.

249 2718 295 2745 26.
317 2719 360 2744 A:
388 2719 418 2760 et
434 2717 491 2743 vir.
566 2724 610 2749 27.
632 2717 674 2744 A:
688 2715 784 2751 facit.
858 2715 902 2751 37.
923 2718 951 2743 A
971 2717 1001 2743 in
1024 2724 1138 2751 marg:
1163 2715 1287 2751 Questt'o
1307 2715 1481 2751 Augustini.

326 2800 374 2831 17.
399 2789 420 2821 1.
448 2800 475 2820 c.
505 2800 537 2831 p.
569 2788 641 2821 185.
