2003 3322
151 252 162 275 1
178 249 226 275 20
843 245 962 277 opus
987 244 1325 278 EVANGELICUM
1475 232 1582 286 [CAP.
1603 239 1743 268 xxxw.

433 354 568 389 docent
600 353 697 388 bona
729 352 917 400 loquendo
950 362 1020 399 que
1050 351 1204 387 solvunt
1227 351 1327 387 male
1349 350 1523 395 vivendo,
1556 361 1622 386 nec
1639 349 1748 398 quasi

433 411 610 446 minimos
640 410 675 445 in
710 410 787 445 uita
819 417 950 445 eterna
974 409 1140 457 futuros
1171 410 1239 445 sed
1270 408 1421 444 omnino
1455 408 1505 444 ibi
1533 420 1605 444 non
1630 407 1745 455 futu-

434 480 511 504 ros.
550 466 643 504 Cum
672 467 855 504 dixisset:
886 467 1070 502 Minimus
1102 467 1302 503 vocabitur
1334 466 1370 501 in
1404 477 1527 515 regno
1560 465 1745 510 celorum,

434 525 610 564 continuo
641 525 818 561 subiecit:
850 525 949 561 Dico
983 525 1080 560 enim
1115 524 1220 560 vobis
1252 524 1337 573 quia
1382 524 1455 560 nisi
1490 523 1747 560 abundaverit

433 583 582 619 iusticia
614 591 744 619 vestra
771 583 862 632 plus
894 594 1005 631 quam
1038 582 1255 618 scribarum
1286 588 1321 618 et
1348 581 1640 630 phariseorum,
1673 587 1779 620 non5

433 641 626 677 intrabitis
656 641 692 677 in
726 653 890 691 regnum
924 640 1106 676 celorum.

492 699 562 735 Isti
590 706 678 735 sunt
709 706 812 735 certe
843 698 968 735 scribe
999 705 1034 734 et
1057 698 1245 748 pharisei,
1277 698 1341 747 qui
1371 709 1490 746 super
1521 697 1748 734 cathedram

434 757 573 807 Moysi
601 757 733 793 sedent
764 764 799 793 et
832 758 879 792 de
911 756 1043 805 quibus
1087 757 1162 792 ait:
1211 756 1294 800 Que
1334 756 1464 791 dicunt
1496 756 1635 805 facite,
1680 766 1750 803 que

435 822 560 851 autem
584 815 743 863 faciunt
763 816 907 863 jacere
938 814 1074 859 nolite,·
1106 814 1236 850 dicunt
1267 813 1365 850 enim
1399 820 1433 849 et
1471 826 1543 850 non
1568 813 1747 862 faciunt;

436 874 571 909 docent
601 873 842 909 sermonibus
873 873 976 921 quod
1005 873 1159 908 solvunt
1191 872 1374 908 moribus.
1420 871 1662 920 Consequens
1694 877 1749 907 est
1769 888 1807 909 10

435 943 545 981 ergo,
578 938 618 967 ut
649 931 714 980 qui
744 931 923 967 minimus
954 937 1010 966 est
1042 931 1078 967 in
1112 942 1235 981 regno
1268 930 1454 976 celorum,
1497 929 1620 978 qualis
1652 941 1750 965 nunc

435 996 491 1025 est
523 989 695 1035 ecclesia,
730 1001 802 1025 non
837 989 954 1025 intret
997 988 1033 1024 in
1067 1001 1232 1039 regnum
1266 988 1451 1034 celorum,
1496 987 1619 1036 qualis
1661 994 1749 1022 tunc

435 1047 509 1083 erit
540 1046 713 1091 ecclesia,
746 1047 922 1096 quoniam
958 1047 1128 1083 docendo
1163 1047 1264 1095 quod
1294 1046 1410 1082 solvit
1441 1046 1493 1081 ad
1524 1057 1657 1081 eorum
1688 1056 1749 1080 so-

435 1105 609 1142 cietatem
642 1105 705 1154 qui
724 1105 883 1154 faciunt
913 1105 1015 1153 quod
1047 1105 1182 1141 docent
1214 1117 1286 1141 non
1315 1103 1531 1153 pertinebit.
1582 1103 1635 1138 Et
1666 1102 1750 1138 ideo

436 1175 509 1199 non
532 1163 606 1200 erit
627 1163 663 1198 in
687 1175 847 1199 numero
865 1163 1029 1212 piscium
1054 1175 1303 1213 magnorum,
1328 1174 1505 1211 quoniam
1529 1160 1751 1210 quifecerit
1771 1166 1807 1198 15

437 1228 471 1258 et
504 1221 692 1267 docuerit,
725 1233 894 1271 magnus
927 1221 1128 1257 uocabitur
1159 1220 1194 1256 in
1228 1232 1351 1270 regno
1384 1220 1577 1263 celorum;
1608 1226 1643 1255 et
1665 1218 1751 1267 quia

437 1279 497 1315 hic
528 1291 696 1330 magnus
729 1279 814 1322 erit,
846 1279 931 1314 ideo
963 1279 1015 1315 ibi
1044 1278 1129 1325 erit,
1163 1278 1226 1314 ubi
1256 1277 1434 1314 minimus
1465 1277 1530 1313 ille
1561 1289 1633 1313 non
1666 1276 1750 1312 erit.

443 1337 567 1386 Usque
599 1337 696 1373 adeo
729 1337 867 1386 quippe
898 1336 950 1372 ibi
979 1336 1116 1386 magni
1145 1343 1269 1380 erunt,
1303 1343 1338 1372 et
1360 1336 1423 1385 qui
1452 1335 1580 1371 minor
1611 1341 1667 1371 est
1689 1334 1751 1381 ibi,

438 1395 566 1432 maior
596 1395 645 1432 sit
677 1407 718 1431 eo
751 1406 823 1444 quo
856 1394 916 1430 hic
948 1407 1057 1431 nemo
1090 1394 1219 1430 maior
1250 1401 1317 1430 est.

181 1466 384 1506 Thechurch
496 1455 598 1490 Ecce
630 1453 704 1489 iste
749 1461 909 1489 sanctus
955 1461 992 1488 et
1037 1451 1192 1490 subtilis
1238 1453 1381 1488 doctor
1429 1450 1590 1499 exponit
1633 1450 1752 1498 plane
1768 1467 1811 1489 20

211 1502 354 1564 ἔξξξὲἳξξ
439 1511 676 1559 magistrum
712 1510 910 1559 optimum
940 1510 980 1546 in
1009 1511 1085 1547 hoc
1113 1511 1216 1555 loco,
1256 1510 1467 1546 intendens
1499 1511 1556 1554 (ut
1578 1507 1752 1557 videtur)

182 1571 389 1633 pgedestingne
439 1571 547 1617 quod
571 1569 611 1605 in
629 1568 826 1605 militante
842 1568 1010 1605 ecclesia
1034 1577 1125 1604 sunt
1149 1569 1224 1604 due
1250 1567 1448 1604 maneries
1473 1565 1751 1614 militancium‚

158 1614 196 1634 an
239 1614 329 1640 repro
354 1610 412 1633 ate.
438 1626 590 1664 scilicet
605 1626 869 1675 predestinati
894 1627 944 1663 ad
966 1626 1175 1663 ecclesiam
1191 1625 1511 1674 triumphantem
1534 1633 1571 1661 et
1592 1623 1753 1672 reprobi

439 1698 538 1733 quos
570 1687 676 1722 Deus
722 1683 867 1721 abiciet
912 1684 1080 1721 omnino
1114 1685 1162 1720 de
1197 1684 1365 1721 ecclesia
1408 1683 1450 1720 in
1494 1683 1556 1719 die
1600 1681 1751 1727 iudicii,

439 1744 602 1791 quando
626 1751 742 1779 erunt
766 1751 963 1791 perpetuo
987 1741 1298 1789 condempnati:
1333 1740 1489 1778 Primos
1514 1740 1618 1777 enim
1639 1748 1754 1777 vocat
1769 1747 1810 1779 25

439 1801 621 1838 Christus
655 1813 823 1849 magnos
855 1800 897 1837 in
930 1813 1052 1848 regno
1087 1800 1264 1836 celorum
1313 1809 1350 1836 et
1395 1800 1593 1836 secundos
1637 1806 1753 1835 vocat

438 1859 626 1895 minimos
653 1859 693 1895 in
718 1871 840 1907 regno
873 1859 1067 1904 celorum,
1101 1866 1139 1894 et
1174 1857 1273 1894 mira
1299 1857 1521 1894 subtilitate
1550 1869 1632 1893 non
1656 1855 1754 1892 dicit

438 1930 504 1954 eos
550 1929 633 1953 esse
679 1916 868 1953 minimos
914 1917 959 1952 de
1011 1928 1134 1964 regno
1179 1916 1371 1959 celorum,
1425 1917 1495 1952 sed
1541 1916 1578 1951 in
1631 1926 1753 1962 regno

438 1976 631 2020 celorum,
666 1974 760 2023 quia
794 1983 852 2011 est
884 1982 1026 2010 notum
1060 1974 1168 2022 quod
1212 1982 1304 2010 sunt
1338 1986 1508 2022 granum
1554 1982 1591 2009 et
1639 1972 1753 2020 palea

437 2033 478 2069 in
511 2033 677 2069 ecclesia
713 2032 930 2077 militante;
964 2033 1032 2068 sed
1064 2031 1105 2068 in
1138 2032 1252 2079 palea
1285 2040 1376 2068 sunt
1409 2041 1488 2068 tres
1521 2032 1681 2079 gradus,
1711 2038 1754 2066 ut
1770 2039 1812 2071 30

439 2091 534 2128 mali
566 2100 658 2127 sunt
690 2090 747 2127 illi
792 2089 884 2126 laici
930 2090 970 2126 in
1015 2089 1182 2126 ecclesia
1227 2089 1296 2138 qui
1337 2103 1358 2126 a
1390 2090 1476 2138 lege
1521 2087 1671 2125 Christi
1715 2087 1755 2124 in

437 2150 543 2186 facto
577 2150 832 2197 degenerant,
866 2148 1023 2196 peiores
1057 2157 1190 2184 autem
1225 2156 1317 2184 sunt
1349 2147 1389 2183 in
1419 2146 1587 2184 ecclesia
1610 2145 1677 2194 qui
1711 2158 1755 2182 ex

438 2207 716 2255 potentatibus
749 2215 965 2255 protegunt
1000 2207 1180 2242 membra
1208 2205 1467 2250 Antichristi;
1498 2206 1565 2241 sed
1597 2203 1753 2240 minimi

440 2275 476 2302 et
509 2264 676 2313 pessimi
708 2274 798 2301 sunt
831 2264 870 2300 in
904 2263 1072 2300 ecclesia
1107 2263 1306 2300 militante
1339 2262 1482 2311 prelati
1517 2262 1584 2310 qui
1617 2274 1754 2298 secun-

440 2325 534 2359 dum
568 2322 784 2371 ypocrisim
821 2335 934 2359 suam
972 2321 1126 2370 fingunt
1158 2334 1198 2358 se
1233 2334 1316 2358 esse
1362 2323 1410 2357 de
1443 2322 1550 2357 clero
1596 2329 1633 2356 et
1676 2319 1810 2367 legi35

440 2380 603 2417 Domini
651 2390 733 2417 tam
779 2380 819 2416 in
862 2380 993 2417 verbis
1038 2392 1160 2428 quam
1208 2392 1328 2427 opere
1374 2381 1649 2415 adversantur.
1705 2378 1755 2413 Et

440 2448 548 2487 patet
599 2438 798 2475 subtilitas
849 2440 1065 2475 verborum
1112 2437 1259 2474 Christi
1304 2446 1443 2473 contra
1492 2447 1754 2485 quoscunque

439 2505 646 2545 protervos
670 2506 1029 2546 quantumcunque
1052 2495 1128 2544 legi
1153 2495 1315 2532 Domini
1347 2495 1506 2532 fuerant
1539 2493 1752 2531 adversati.

509 2674 532 2693 2.
555 2667 592 2694 B:
614 2666 767 2694 minimus.
875 2674 900 2700 2,
922 2664 945 2694 3.
966 2666 1010 2693 A:
1032 2665 1087 2693 sed
1103 2681 1137 2685 —
1156 2673 1216 2693 non
1228 2664 1361 2702 futuros
1382 2665 1476 2692 deest.
1585 2672 1626 2691 10.
1654 2663 1756 2700 quod,-

440 2701 461 2728 B
488 2701 635 2728 correxit:
663 2709 729 2736 que.
839 2709 871 2728 11.
900 2701 939 2728 B:
971 2704 1017 2728 est
1044 2701 1136 2728 deest.
1246 2707 1290 2727 20.
1318 2701 1346 2727 A
1372 2699 1401 2727 in
1437 2707 1550 2734 marg.:
1582 2698 1753 2726 Johannes.

439 2735 478 2763 31.
508 2737 536 2763 A
566 2737 595 2763 in
624 2744 739 2770 marg:
768 2743 790 2762 1.
916 2734 959 2763 32.
986 2737 1015 2763 A
1044 2736 1074 2763 in
1103 2743 1218 2770 marg:
1248 2743 1277 2762 2.
1409 2733 1455 2767 34.
1476 2735 1504 2761 A
1525 2734 1555 2761 in
1577 2741 1691 2768 marg:
1713 2742 1755 2768 3,-

440 2771 480 2797 ib.
502 2772 545 2798 A:
567 2771 720 2797 militante
740 2771 834 2798 deest.

509 2864 541 2894 4.
569 2853 690 2885 Matth.
718 2854 758 2893 V,
790 2864 839 2896 19.
939 2853 968 2887 5.
997 2854 1053 2894 ib„
1082 2863 1134 2884 20.
1231 2852 1262 2884 8.
1290 2851 1409 2884 Matth.
1435 2852 1552 2892 XXIII,
1581 2853 1610 2885 3.
