2003 3322
435 771 694 833 INCIPIT
737 770 946 831 LIBER
988 768 1381 831 SECUNDUS.

807 908 946 949 CAP.
979 907 1012 947 I.

308 1015 495 1064 Sequitur
540 1015 579 1051 in
624 1023 731 1051 textu
776 1013 993 1062 evangeIii:
1046 1012 1239 1048 Attendite
1284 1025 1328 1048 ne
1372 1011 1563 1048 iusticiam

250 1081 419 1110 vestram
444 1072 609 1122 faciatis
642 1085 774 1108 coram
814 1072 1041 1117 hominibus,
1082 1078 1121 1106 ut
1161 1070 1369 1106 videamini
1405 1070 1451 1105 ah
1493 1069 1566 1105 eis:

217 1132 418 1180 §alioquin
464 1130 681 1167 mercedem
721 1143 793 1166 non
835 1129 1020 1165 habebitis
1058 1129 1165 1177 apud
1200 1135 1357 1178 patrem
1392 1135 1564 1164 vestrum

250 1189 314 1238 qui
350 1189 385 1224 in
424 1189 515 1225 celis
553 1195 618 1224 est.
670 1188 765 1223 Cum
799 1200 897 1238 ergo
920 1187 1029 1236 sacis
1062 1186 1324 1230 elemosinam,
1369 1185 1449 1222 noli
1479 1192 1567 1221 ante

249 1254 284 1283 te
321 1247 410 1282 tuba
450 1259 600 1293 canere,
645 1247 742 1282 sicut
779 1246 967 1296 ypocrite
993 1245 1152 1294 faciunt
1191 1244 1226 1279 in
1264 1244 1488 1295 synagogis
1533 1250 1566 1279 et

251 1305 354 1351 vicis,
400 1311 440 1340 ut
478 1304 781 1353 honorificentur
813 1305 858 1339 ab
892 1303 1118 1339 hominihus.
1167 1302 1286 1338 Amen
1321 1302 1404 1338 dico
1439 1301 1565 1345 vobis,-

250 1369 477 1411 receperunt
510 1363 725 1398 mercedem
758 1374 880 1397 snam.
922 1362 972 1397 Te
1004 1368 1129 1396 antem
1152 1359 1327 1409 faciente
1358 1359 1564 1395 elemosina

197 1439 234 1458 10
250 1420 391 1456 nesciat
433 1420 589 1456 sinistra
629 1428 694 1455 tna
733 1420 823 1468 qnid
852 1419 983 1468 saciat
1016 1420 1180 1455 dextera
1214 1424 1293 1464 tua,
1338 1425 1377 1453 ut
1408 1418 1456 1453 sit
1488 1417 1563 1453 ele-

250 1478 395 1514 mosina
441 1485 504 1513 tna
549 1478 584 1513 in
631 1478 867 1523 abscondito,
916 1484 950 1513 et
989 1484 1106 1526 pater
1149 1483 1236 1511 titus
1280 1476 1344 1524 qui
1387 1476 1488 1511 videt
1530 1475 1565 1510 in

249 1536 472 1572 abscondito
508 1536 645 1572 reddet
677 1536 753 1571 tibi.

305 1594 472 1629 Videtur
494 1593 762 1641 Augustinum
797 1606 887 1629 eum
912 1593 1203 1640 Chrysostomo
1226 1590 1433 1627 intendere
1457 1591 1565 1638 quod
1615 1593 1758 1642 Hitlierto
1780 1602 1825 1620 we

249 1651 312 1687 hic
358 1651 551 1699 inciperet
596 1651 816 1699 capitulum
858 1659 1009 1687 sextum
1045 1649 1225 1694 Matthei,
1272 1648 1366 1697 quia
1411 1657 1563 1696 septem
1591 1628 1848 1698 radigiitexnkilissilto

196 1708 428 1756 &predicta
482 1710 672 1745 mandata
727 1708 907 1755 minima,
960 1717 1002 1744 ut
1049 1707 1227 1756 quuitur
1272 1706 1558 1751 Crisostomus,
1602 1697 1840 1760 lgg's’sshffi‘exssffit

249 1779 419 1815 sequens
464 1767 634 1803 formam
683 1766 888 1814 evangelii,
934 1775 1027 1802 sunt
1071 1778 1261 1803 connexa.
1316 1765 1385 1801 Illa
1429 1773 1563 1801 autem
1582 1767 1857 1795 mannertodoit-

251 1823 466 1873 sequencia
498 1833 589 1861 sunt
622 1825 927 1873 quodammodo
960 1832 1159 1872 separata,
1195 1823 1288 1871 quia
1313 1824 1459 1859 docent
1483 1835 1566 1858 mo-

253 1884 347 1918 dum
387 1895 467 1931 quo
508 1884 629 1919 homo
669 1883 786 1918 debet
825 1882 1050 1918 doc-trinam
1085 1894 1206 1929 quam
1241 1880 1422 1918 Christus
1457 1880 1567 1928 prius

253 1940 388 1976 docuit
422 1941 655 1989 adimplere.
690 1942 782 1977 Ideo
814 1939 1061 1988 Augustinus
1095 1939 1159 1975 hic
1192 1938 1386 1987 incipiens
1419 1937 1566 1974 librum

196 2014 237 2034 ’.νο
253 2011 368 2034 suum
403 2000 621 2035 secundum
657 2000 704 2034 de
735 2010 919 2034 sermone
944 1997 1107 2033 Domini
1137 1997 1177 2033 in
1202 2005 1336 2033 monte
1359 1995 1415 2032 sic
1438 1995 1567 2044 loqui-

252 2064 335 2092 tur:
381 2057 710 2097 Misericomiiam‚
757 2068 874 2105 usque
910 2057 962 2091 ad
1000 2056 1108 2091 cuius
1151 2055 1426 2091 tractacionenz
1474 2054 1570 2089 liber

249 2114 403 2163 primns
443 2114 649 2150 terminum
691 2115 850 2163 accepit,
896 2114 1069 2162 sequitur
1101 2113 1231 2149 cordis
1264 2112 1457 2148 mundicia
1490 2111 1570 2147 sive

254 2172 471 2219 mandacio,
524 2173 622 2208 unde
668 2172 737 2207 iste
773 2173 962 2208 secundus
1000 2171 1116 2207 sumit
1154 2171 1376 2207 exordium.
1429 2170 1571 2206 Cordis

253 2236 378 2266 antem
419 2230 610 2265 mundicia
650 2237 704 2266 est
742 2237 937 2278 tamqnam
977 2229 1109 2265 oculus
1144 2241 1272 2278 purus
1313 2241 1384 2277 quo
1420 2228 1571 2263 videtur

198 2287 236 2320 25
256 2287 433 2323 dominus
455 2289 562 2324 Deus
594 2288 701 2323 cuius
732 2288 918 2336 simplicis
952 2287 1118 2323 habendi
1148 2294 1295 2322 tantam
1329 2298 1463 2322 curam
1489 2297 1570 2321 esse

255 2352 404 2394 oportet
437 2353 617 2394 quantam
652 2346 730 2381 eins
763 2346 820 2381 rei
852 2346 1023 2396 dignitas
1045 2345 1223 2395 flagitat,
1257 2356 1328 2393 que
1360 2343 1430 2379 tali
1460 2343 1570 2379 oculo

250 2410 379 2451 potest
412 2403 589 2452 conspici.
626 2402 728 2439 Huic
760 2411 887 2439 antem
922 2403 1032 2439 oculo
1066 2415 1209 2453 magna
1243 2414 1294 2438 ex
1322 2408 1439 2451 parte
1461 2413 1569 2436 mun-

256 2461 345 2497 dato
391 2461 551 2510 difficile
595 2468 650 2497 est
695 2474 767 2497 non
806 2474 1016 2511 surrepere
1054 2461 1192 2497 sordes
1231 2460 1381 2509 aliquas
1415 2460 1461 2495 de
1499 2459 1572 2495 hiis

326 2654 400 2692 2-.A
419 2653 450 2680 in
466 2661 578 2688 marg:
600 2659 657 2680 cam
679 2659 721 2680 1¹¹¹.
795 2653 822 2680 S.
843 2654 887 2681 A:
910 2654 1007 2680 viciis.
1108 2651 1147 2680 13.
1162 2654 1235 2680 Ain
1251 2661 1365 2688 marg:
1380 2652 1574 2690 Augustinus

257 2690 285 2714 et
308 2687 518 2717 Crzsostomus.
594 2696 634 2723 ¹7·
655 2689 699 2716 A:
721 2690 877 2723 seperata.

332 2781 452 2802 1—12.
480 2771 598 2803 Matth.
624 2772 681 2811 VI,
719 2781 817 2812 1—4.
938 2782 990 2803 21.
1024 2773 1056 2803 S.
1090 2772 1272 2813 Augustini
1329 2773 1378 2803 De
1410 2783 1573 2804 sermone

258 2818 398 2849 Domini
426 2818 459 2848 in
485 2826 604 2849 monte
631 2819 739 2860 (Opp.
764 2826 849 2850 tom.
877 2819 930 2858 III,
957 2829 989 2860 p.
1016 2819 1070 2859 II),
1097 2829 1130 2860 p.
1159 2828 1353 2849 200—202.
