2003 3322
189 244 272 289 464
874 251 992 283 opus
1018 250 1354 282 EVANGELICUM
1595 238 1701 292 [CAP.
1722 246 1800 275 mx.

482 357 614 393 dinem
666 357 905 394 Crisostomi
950 357 1080 405 signat
1124 356 1287 405 spiritus
1328 356 1537 404 malignos,
1577 355 1644 403 qui
1677 356 1797 392 talem

481 416 627 451 malam
663 415 837 463 pluviam
863 415 1088 463 impetuose
1121 414 1298 451 inferunt
1330 414 1370 450 in
1405 422 1555 450 mentes
1588 413 1797 450 hominum

480 473 547 521 qui
582 474 631 509 ab
664 473 741 509 illis
775 473 891 509 malis
924 472 1130 521 spiritibus
1159 481 1417 521 superantur;
1450 472 1505 508 ita
1528 473 1636 521 quod
1660 480 1799 508 ventus

479 532 722 580 quandoque
747 531 890 579 figurat
913 532 1064 567 bonum
1089 530 1290 578 spiritum,
1318 539 1362 567 ut
1387 529 1581 578 Spiritum
1606 531 1796 566 Sanctum

478 588 539 625 vel
571 589 719 624 bonum
755 589 955 636 angelum,
994 588 1100 625 iuxta
1139 588 1237 624 illud
1277 587 1431 627 Cantic.
1482 590 1544 635 IV,
1597 589 1664 624 16:
1711 587 1831 623 Veni5

478 647 620 682 Auster
658 654 693 682 et
734 647 862 696 perfla
896 653 1023 682 ortum
1070 659 1194 683 meum
1235 654 1270 682 et
1299 646 1426 697 fluent
1463 653 1644 682 aromata
1682 645 1797 683 illius.

477 706 628 740 Ventus
674 713 807 741 autem
849 706 1092 752 quandoque
1131 704 1277 752 figurat
1318 705 1465 740 malum
1513 703 1713 752 spiritum,
1756 711 1799 738 ut

479 762 519 798 in
542 763 618 798 hoc
650 762 854 810 evangelio
885 771 921 798 et
956 762 995 798 in
1019 762 1258 799 auctoritate
1282 762 1483 810 predicta:
1518 763 1648 812 Surge
1670 761 1798 810 aquila

479 827 513 856 et
546 820 632 856 veni
661 820 816 856 Auster.
879 819 1065 856 Flumina
1110 828 1243 856 autem
1284 832 1360 868 que
1393 828 1536 856 sonant
1575 819 1614 856 in
1648 819 1797 855 malum

478 886 571 914 sunt
603 878 784 914 homines
808 878 910 914 fastu
943 878 1178 926 eloquencie
1210 886 1423 923 tumentes,
1457 886 1499 914 ut
1523 886 1613 914 sunt
1636 876 1799 913 heretici
1820 890 1858 910 10

480 935 644 972 diversis
676 935 820 984 pluviis
853 935 1050 984 pestiferis
1084 936 1305 984 adimpleti.

219 1000 429 1041 Thqrqokis
538 994 692 1042 Duplex
731 1003 866 1030 autem
913 1003 970 1030 est
1022 994 1329 1031 fundamentum
1384 995 1528 1031 domus
1580 992 1799 1041 spiritualis

203 1071 250 1097 me
267 1036 447 1103 (S‘gssfflsgffthe
481 1053 589 1100 quod
633 1052 761 1100 tangit
800 1053 877 1088 hoc
931 1051 1195 1099 evangelium,
1237 1051 1390 1089 scilicet
1434 1060 1546 1100 petra
1590 1050 1717 1087 solida
1762 1059 1799 1086 et

199 1104 457 1166 {laffiffiossgjet‘i'gs
481 1122 615 1146 arena.
670 1111 787 1146 Petra
840 1119 973 1146 autem
1027 1109 1247 1146 immobilis
1300 1118 1384 1146 erat
1429 1109 1610 1147 Christus
1654 1121 1676 1145 a
1721 1121 1799 1157 qua

208 1182 259 1201 are
280 1174 453 1209 grounded.
482 1170 620 1204 Petrus
658 1176 824 1216 propter
870 1167 1100 1204 firmitatem
1148 1167 1240 1204 fidei
1286 1167 1394 1216 capit
1444 1179 1604 1204 nomen.
1666 1168 1854 1203 Arena15

481 1234 615 1262 autem
661 1235 826 1274 propter
865 1225 1049 1262 raciones
1096 1225 1339 1274 multiplices
1385 1234 1442 1262 est
1485 1224 1670 1262 falsitatis
1713 1225 1799 1260 fun—

482 1285 716 1320 damentum
751 1297 773 1320 a
806 1296 884 1332 qua
918 1283 1082 1320 heretici
1120 1283 1360 1332 generaliter
1392 1292 1485 1320 sunt
1517 1282 1687 1320 fundati.
1751 1284 1800 1318 Et

482 1343 702 1378 concordat
735 1342 913 1390 ipsorum
949 1341 1090 1378 divisio
1129 1354 1220 1378 cum
1258 1341 1387 1390 sparsi
1427 1350 1519 1378 sunt
1554 1339 1798 1386 minutatim,

482 1399 584 1436 sicut
628 1399 818 1436 fundacio
865 1399 1069 1448 spargitur
1117 1412 1299 1446 arenosa,
1345 1408 1382 1436 et
1429 1399 1531 1436 sicut
1575 1411 1697 1436 arena
1742 1406 1799 1435 est

481 1457 730 1494 infructifera
770 1459 920 1494 habens
968 1457 1318 1495 continuacionem
1364 1457 1590 1495 instabilem
1636 1465 1801 1505 propter
1817 1470 1859 1492 20

484 1516 681 1552 defectum
716 1517 819 1552 bone
843 1516 973 1564 pluvie
996 1516 1219 1562 irrorantis,
1243 1516 1297 1553 sic
1321 1515 1589 1552 hereticorum
1612 1514 1800 1551 fundacio

484 1582 540 1610 est
572 1573 769 1610 instabilis
803 1583 840 1610 et
874 1573 1012 1621 divisa,
1046 1587 1127 1610 non
1150 1575 1278 1610 ferens
1308 1575 1441 1622 fruges
1463 1573 1672 1620 virtutum,
1705 1572 1799 1621 quia

483 1631 558 1668 sibi
610 1631 744 1668 deficit
795 1631 968 1668 solidum
1021 1632 1342 1669 fundamentum.
1396 1634 1444 1668 Et
1495 1631 1550 1668 ita
1596 1634 1653 1677 (ut
1704 1630 1801 1667 dicit

484 1689 769 1736 Crisostomus)
816 1689 996 1727 Christus
1041 1699 1097 1726 est
1141 1689 1206 1727 ille
1256 1690 1316 1726 vir
1359 1689 1531 1738 sapiens,
1579 1689 1641 1726 cui
1686 1688 1802 1725 fidele

485 1749 710 1784 membrum
760 1748 926 1785 ecclesie
976 1749 1038 1785 vel
1088 1748 1175 1796 ipsa
1226 1757 1310 1785 tota
1363 1747 1530 1785 ecclesia
1592 1747 1801 1783 similatur.
1820 1751 1859 1783 25

485 1807 637 1842 Domus
671 1814 805 1842 autem
839 1807 1058 1843 secundum
1093 1805 1360 1854 Augustinum
1400 1814 1565 1843 vocatur
1598 1804 1803 1842 conscien-

487 1863 541 1900 cis
584 1864 645 1900 vel
683 1864 868 1901 doctrina
914 1864 1006 1900 fidei
1045 1877 1121 1913 que
1166 1863 1298 1900 taliter
1342 1872 1398 1900 est
1443 1864 1623 1901 fundata.
1688 1863 1802 1900 Unde

485 1921 649 1958 heretici
674 1931 711 1958 et
734 1922 797 1959 isti
821 1922 912 1959 novi
935 1921 1095 1959 ordines
1118 1934 1199 1958 non
1221 1922 1442 1958 fundantur
1464 1934 1583 1970 super
1598 1920 1801 1957 Christum

485 1981 554 2016 sed
586 1992 705 2028 super
738 1992 918 2027 arenam,
951 1988 994 2017 ut
1028 1989 1135 2028 patet
1169 1979 1426 2016 multitudine
1448 1992 1587 2016 eorum
1611 1978 1801 2015 instabili.

486 2040 534 2073 Et
572 2046 682 2086 patet
721 2037 761 2074 in
801 2047 914 2087 parte
947 2039 1152 2086 quomodo
1192 2039 1336 2074 domus
1368 2037 1582 2083 viandum,
1622 2038 1698 2073 hoc
1732 2044 1801 2083 est,
1819 2043 1860 2075 30

487 2095 670 2132 doctrine
704 2095 743 2132 in
777 2096 921 2144 quibus
955 2096 1123 2144 quiescit
1155 2109 1225 2132 sua
1259 2095 1394 2132 anima
1419 2104 1584 2144 propter
1607 2095 1802 2143 impulsus

486 2153 770 2190 insultancium
810 2154 1028 2192 variantur.
1088 2156 1188 2190 Nam
1235 2155 1378 2190 domus
1408 2152 1411 2204 Ι
1440 2165 1559 2202 super
1597 2152 1798 2189 Christum
1845 2156 1930 2200 403d

487 2212 653 2248 fundata
699 2212 819 2248 stabit
864 2211 1018 2248 stabilis
1063 2220 1099 2249 et
1144 2213 1287 2248 domus
1340 2211 1589 2248 fundamenti
1644 2209 1801 2247 arenosi

487 2269 716 2306 concutitur
748 2282 819 2318 per
852 2270 1060 2318 procellas.

546 2328 820 2364 Crisostomus
865 2336 996 2364 autem
1044 2340 1159 2364 suum
1201 2340 1358 2364 sensum
1406 2325 1613 2374 exequitur
1650 2325 1689 2362 in
1731 2326 1801 2361 hec
1819 2321 1857 2354 35

488 2387 623 2422 verba:
677 2386 858 2421 Flumina
904 2394 1030 2422 autem
1084 2398 1134 2422 ex
1180 2393 1296 2435 parte
1345 2393 1432 2421 sunt
1478 2385 1628 2433 quidem
1685 2384 1801 2426 mala,

488 2444 658 2480 homines
700 2444 882 2480 inmundo
926 2444 1063 2493 spiritu
1103 2444 1211 2493 pleni
1241 2452 1274 2479 et
1311 2444 1347 2479 in
1381 2443 1613 2479 verbositate
1649 2441 1798 2487 structi,

486 2502 617 2551 quales
661 2509 746 2537 sunt
787 2502 1013 2551 philosophi
1043 2502 1270 2551 dogmatum
1306 2501 1564 2546 diversorum,
1609 2507 1799 2546 oratores,

487 2560 742 2609 grammatici
783 2560 974 2608 ceterique
1023 2559 1211 2595 secularis
1242 2559 1401 2595 sciencie
1437 2559 1702 2607 professores,
1755 2557 1801 2592 de

489 2630 650 2666 quorum
696 2625 828 2654 ventre
860 2625 1002 2654 exeunt
1042 2617 1209 2667 flumina
1254 2629 1349 2666 aque
1391 2616 1539 2653 mortis.
1591 2615 1660 2652 Ex
1685 2622 1859 2664 parte40

489 2683 614 2711 autem
639 2676 750 2722 bona,
775 2676 1024 2725 evangeliste,
1050 2675 1228 2711 doctores
1245 2675 1384 2724 populi
1403 2674 1593 2722 ceterique
1613 2673 1802 2722 sapientes

560 2782 600 2810 16.
622 2782 660 2809 13:
681 2784 781 2809 autem
803 2782 895 2809 deest.
987 2781 1027 2809 18.
1049 2781 1086 2808 ss:
1109 2781 1179 2808 sint.
1277 2779 1317 2808 35.
1340 2781 1366 2807 A
1388 2780 1417 2807 iu
1440 2787 1553 2814 marg:
1582 2779 1796 2806 Crisoslomus.

489 2824 540 2851 40.
561 2818 606 2844 A:
628 2819 756 2844 mortue.

562 2864 613 2897 36.
641 2865 707 2907 Op.
735 2865 820 2907 lmp.
848 2865 867 2897 1.
895 2875 923 2897 c.
950 2875 984 2907 p.
1011 2864 1090 2898 833.
