2003 3322
181 205 270 233 CAP.
291 196 414 250 μιν]
693 209 834 240 PRIMA
860 209 985 241 PARS.
1708 208 1782 255 159

180 315 285 350 omni
314 322 487 363 tempore
509 321 643 350 contra
667 326 822 350 carnem
846 322 1020 351 nostram
1045 316 1251 362 luctamur,
1285 316 1370 364 quia
1402 329 1494 353 caro

180 373 413 421 concupiscit
443 372 634 409 adversus
664 372 844 421 spiritum
868 380 903 408 et
924 373 1084 421 spiritus
1105 374 1295 410 adversus
1323 386 1492 410 carnem.
1536 383 1602 411 The
1623 394 1676 421 eye
1697 388 1756 414 and

180 430 243 466 Sic
275 430 372 466 enim
405 430 479 465 ait:
517 430 610 466 Tota
644 430 704 466 die
736 429 986 466 contristatus
1018 431 1282 481 ingrediebar,
1314 432 1492 480 quoniam
1509 419 1788 484 ἓξέῗῂζξξζῖῃῃξέ

180 500 290 524 renes
321 488 396 524 mei
426 487 576 537 impleti
604 495 692 524 sunt
724 488 963 524 illusionibus
1001 496 1035 524 et
1073 501 1145 525 non
1186 496 1242 525 est
1279 490 1425 526 sanitas
1456 490 1492 526 in
1605 490 1683 525 soul,

148 549 297 582 §carne
328 558 423 582 mea.
458 546 501 581 Si
530 558 628 596 ergo
660 546 868 582 secundum
888 547 1121 595 prophetam
1155 559 1228 583 non
1262 554 1317 583 est
1348 548 1494 584 sanitas

179 603 214 638 in
248 615 364 639 carne
396 615 492 649 mea,
527 611 616 651 quot
647 603 778 639 oculos
817 603 899 652 quis
937 604 1050 640 hahet
1087 611 1152 640 aut
1184 612 1274 653 quot
1306 605 1493 642 dexteras

178 661 214 696 in
248 673 413 710 corpore
450 673 532 708 suo,
579 669 618 697 ut
664 661 872 697 secundum
919 662 1111 698 maliciam
1156 662 1286 698 carnis
1323 663 1494 713 sufficiat

174 730 274 767 pena
307 719 570 755 membrorum
602 731 774 755 suorum.
810 719 887 755 Sed
918 719 1117 756 videamus
1148 721 1318 769 neforte
1350 721 1410 757 vel
1439 722 1494 757 sic

173 777 357 825 possibile
388 784 444 813 est
475 776 695 827 intelligere
727 777 773 813 de
805 778 914 813 oculo
947 778 1151 827 corporali
1188 778 1249 814 vel
1279 779 1326 815 de
1358 791 1494 823 manu;

126 834 274 870 1osicut
317 834 415 870 enim
459 841 560 871 totus
605 836 717 871 homo
761 835 943 883 quamdiu
991 843 1128 884 peccat
1180 836 1272 871 vivit
1317 845 1491 886 peccato,

178 899 354 928 mortuus
378 900 434 929 est
460 900 586 929 autem
620 892 779 939 iusticie,
804 893 902 929 sicut
923 893 1111 942 scriptum
1135 900 1210 930 est:
1241 893 1293 929 Et
1317 906 1384 931 uos
1406 907 1490 930 cum

179 950 309 986 essetis
341 951 486 986 mortui
510 951 695 1000 peccatis.
734 951 829 987 Cum
853 958 979 987 autem
1004 952 1117 987 homo
1141 963 1350 988 conversus
1362 953 1492 1001 fuerit

178 1008 230 1043 ad
267 1008 470 1056 iusticiam,
511 1009 611 1045 vivet
643 1009 801 1055 iusticie,
846 1016 1022 1045 mortuus
1067 1015 1121 1045 est
1158 1016 1284 1046 autem
1318 1017 1491 1060 peccato.

179 1066 242 1101 Sic
275 1073 310 1102 et
341 1067 634 1115 unumquodque
665 1068 942 1114 membrorum,
977 1074 1129 1116 utputa
1152 1068 1285 1104 oculus
1308 1068 1490 1117 quamdiu

125 1128 161 1160 15
178 1124 327 1172 quidem
362 1125 461 1160 male
492 1125 640 1173 aspicit,
671 1125 823 1176 integer
846 1131 902 1161 est
918 1132 1090 1174 peccato,
1124 1125 1264 1162 eiectus
1285 1134 1411 1162 autem
1436 1134 1492 1163 est

177 1182 333 1218 iusticie.
384 1182 479 1218 Cum
524 1189 650 1218 autem
696 1183 832 1219 desinit
877 1183 978 1219 male
1024 1183 1209 1233 aspicere,
1253 1184 1391 1220 eiectus
1435 1192 1491 1221 est

172 1247 345 1288 peccato,
378 1241 530 1290 integer
561 1248 686 1276 autem
719 1241 875 1277 iusticie.
931 1240 1009 1277 Sed
1045 1252 1163 1289 neque
1203 1241 1259 1278 sic
1297 1243 1491 1288 convenit;

177 1309 249 1334 non
273 1298 371 1334 enim
394 1299 505 1334 habet
528 1298 720 1334 racionem
745 1299 812 1334 hec
834 1299 1108 1347 interpretacio
1126 1299 1295 1348 plenam.
1322 1300 1491 1349 Propter

176 1356 278 1404 quod
310 1356 400 1392 dicit
424 1356 467 1391 Si
497 1357 637 1392 dexter
668 1357 801 1392 oculus
832 1364 919 1392 tuus
940 1357 1268 1409 scandalizaverit
1299 1364 1346 1394 te.
1386 1358 1491 1401 Quid

121 1427 162 1448 20
177 1414 306 1450 enim?
327 1414 478 1462 quando
494 1414 634 1450 dexter
655 1414 910 1467 scandalizat,
932 1415 1086 1451 sinister
1104 1415 1195 1464 quid
1207 1415 1343 1463 facit?
1365 1416 1487 1451 Num-

177 1472 267 1520 quid
312 1472 542 1508 contradicit
586 1473 740 1519 dextro,
786 1479 825 1507 ut
876 1473 1016 1508 dexter
1053 1472 1203 1521 quidem
1248 1473 1359 1522 quasi
1400 1486 1488 1510 reus

176 1529 350 1576 eiciatur,
394 1530 550 1566 sinister
586 1537 711 1566 autem
751 1530 861 1579 quasi
897 1530 1075 1566 innocens
1119 1538 1357 1569 reservatur.
1411 1531 1490 1568 Sed

171 1595 266 1636 puto
298 1589 350 1623 ad
380 1588 548 1623 animam
582 1588 649 1623 lzec
681 1595 816 1624 cuncta
840 1587 1001 1636 referri,
1033 1588 1130 1624 sicut
1154 1588 1326 1625 diximus
1346 1601 1489 1639 supra:

181 1645 342 1681 Oculum
376 1658 473 1696 ergo
497 1645 588 1681 dicit
610 1646 749 1693 anime,
782 1646 821 1681 id
842 1653 909 1692 est,
943 1653 1104 1682 mentem
1124 1659 1199 1695 per
1220 1658 1332 1695 quam
1357 1647 1486 1683 anima

119 1706 158 1739 25
175 1704 288 1749 videt,
313 1704 359 1739 de
373 1716 444 1753 quo
467 1711 502 1739 et
523 1704 615 1740 alibi
629 1704 739 1740 dicit:
762 1704 804 1739 Si
825 1704 956 1740 oculus
978 1704 1204 1753 tuusfuerit
1224 1704 1394 1754 simplex
1415 1712 1482 1742 etc.

180 1760 323 1797 Oculus
354 1769 479 1797 autem
513 1762 684 1797 carnalis
717 1774 789 1798 non
822 1769 877 1798 est
910 1762 1043 1798 oculus
1065 1762 1134 1798 sed
1154 1762 1352 1812 speculum
1386 1764 1488 1799 oculi

175 1819 278 1855 illius
310 1819 517 1866 interioris,
563 1820 603 1855 id
640 1827 707 1866 est,
747 1820 894 1856 mentis.
941 1820 1068 1856 Habet
1106 1827 1232 1856 tamen
1272 1828 1307 1856 et
1345 1833 1486 1871 corpus

172 1889 281 1912 suam
305 1885 479 1927 mentem,
501 1877 599 1913 sicut
620 1884 655 1913 et
677 1878 805 1913 anima
827 1890 949 1923 suam,
973 1878 1070 1914 sicut
1090 1885 1254 1914 testatur
1265 1879 1484 1928 Apostolus,

174 1935 221 1970 de
251 1943 375 1971 mente
407 1935 556 1984 quidem
590 1935 716 1971 anime
748 1936 877 1972 dicens
898 1936 969 1972 hoc
992 1936 1128 1972 modo:
1160 1936 1289 1986 Igitur
1310 1949 1383 1987 ego
1406 1937 1487 1987 ipse

116 1997 157 2029 30
173 1999 296 2029 mente
327 2006 410 2029 mea
442 1993 571 2029 servio
603 1993 685 2043 legi
704 1994 792 2041 Dei,
823 2006 941 2030 carne
972 2001 1098 2030 autem
1133 1993 1214 2044 legi
1228 1995 1390 2043 peccati.
1424 1995 1486 2031 De

172 2051 350 2100 corporis
380 2058 506 2087 autem
539 2058 665 2087 mente
694 2052 768 2087 sic:
812 2051 972 2101 Inflatus
1010 2059 1133 2088 mente
1172 2052 1303 2089 carnis
1345 2065 1413 2089 sue
1451 2060 1486 2089 et

171 2121 243 2145 non
275 2116 404 2145 tenens
435 2116 560 2158 caput.

229 2166 415 2203 Similiter
436 2174 472 2204 et
496 2167 542 2204 de
563 2179 678 2202 manu
702 2173 736 2202 et
759 2167 805 2203 de
822 2167 933 2216 pede.
968 2167 1125 2203 Dextra
1157 2179 1294 2204 manus
1322 2168 1484 2204 hominis
1526 2177 1626 2204 which
1649 2182 1732 2205 must
1776 2215 1779 2218 Ι

173 2231 228 2260 est
242 2224 419 2261 voluntas
434 2224 569 2261 anime.
597 2224 762 2260 Sinistra
786 2232 911 2261 autem
931 2237 1068 2261 manus
1090 2225 1268 2262 voluntas
1290 2226 1481 2275 corporis.
1498 2213 1723 2283 εοῃῇξὲιὲὲἀοξο
1744 2215 1775 2241 ⁰¹

116 2284 155 2318 35
171 2281 255 2318 Hec
286 2289 412 2319 autem
446 2294 635 2332 corporea
668 2295 804 2318 manus
837 2295 909 2318 non
943 2290 998 2319 est
1030 2295 1166 2319 manus
1196 2284 1265 2319 sed
1287 2296 1481 2334 organum

172 2352 308 2376 manus
354 2341 468 2377 illius.
524 2341 612 2376 Nisi
653 2341 750 2376 enim
797 2341 975 2377 voluntas
1019 2348 1085 2376 aut
1128 2341 1225 2377 bona
1269 2349 1336 2377 aut
1379 2341 1483 2377 mala

172 2399 336 2434 moverit
368 2411 463 2445 eam,
497 2399 550 2434 ad
581 2399 700 2434 nichil
730 2405 918 2434 movetur.
965 2398 1144 2435 Dextera
1184 2399 1310 2447 itaque
1347 2412 1484 2435 manus

240 2577 265 2612 5,
285 2577 313 2605 6.
333 2578 378 2605 A:
400 2577 437 2605 Si
454 2585 532 2614 ergo
555 2593 582 2596 ἡ
605 2585 700 2605 carne
719 2586 784 2617 mea
805 2577 905 2612 deest;
928 2578 949 2605 Β
969 2578 999 2605 in
1023 2585 1119 2618 marg.
1141 2577 1233 2605 addit.
1340 2578 1367 2606 6.
1388 2580 1433 2606 A:
1455 2582 1486 2607 et

171 2615 262 2682 ἵέἷίἓ.
278 2647 321 2674 A:
336 2654 356 2674 a
362 2612 629 2682 p7ecc13tof⁰rpc1³gf
639 2612 870 2675 Kffisscfflffissf
901 2612 1037 2675 eaggialgt?
1049 2647 1104 2675 lzec
1117 2621 1212 2675 delesst.
1230 2614 1272 2641 Αἰ
1285 2615 1486 2676 „eglelgnzbggiili

172 2681 265 2708 deest.
337 2680 383 2708 30.
405 2682 442 2709 B:
464 2689 530 2709 mea
550 2681 643 2709 deest.
716 2680 758 2710 35.
780 2682 817 2709 B:
838 2690 945 2709 manus
964 2682 1057 2709 deest.

243 2767 271 2798 3.
301 2766 373 2798 Gal.
401 2767 442 2806 V,
467 2776 516 2807 17.
650 2768 679 2799 5.
706 2767 761 2798 Ps.
787 2767 952 2806 XXXVII,
980 2777 1011 2809 7,
1037 2765 1069 2798 8.
1195 2778 1242 2798 ιι.
1269 2767 1357 2809 Eph.
1385 2768 1423 2808 11,
1455 2779 1480 2799 1.

173 2811 225 2844 25.
252 2811 370 2844 Matth.
395 2813 453 2853 V1‚
481 2822 534 2844 22.
631 2821 684 2853 29.
710 2813 812 2844 Rom.
839 2813 909 2853 VII,
938 2813 991 2845 25.
1095 2813 1148 2846 31.
1176 2813 1253 2845 Col.
1279 2814 1317 2854 ΙΙ,
1350 2813 1399 2855 18,
1432 2824 1480 2859 ¹9·
