2062 3327
170 863 207 884 10

100 1084 181 1118 353²³

162 1444 202 1465 20

160 1723 198 1755 25

159 2015 200 2046 30

158 2304 196 2336 35

232 217 319 246 CAP-
340 209 379 264 I-]
744 222 882 254 PRIMA
912 222 1037 254 PARS.
1812 213 1828 252 3

228 332 339 366 Jesus
373 328 517 365 dicitur
555 329 752 377 Salvator,
786 341 904 365 nemo
927 328 1135 377 predicare
1157 330 1275 365 debet
1307 329 1346 364 in
1380 329 1544 366 nomine

227 391 330 434 Jesu7
364 387 439 424 nisi
472 399 570 435 pure
603 387 772 423 salutem
805 387 1022 423 intenderit
1066 387 1307 425 animarum.
1363 389 1435 423 Per
1469 389 1543 424 hoc

227 454 360 483 autem
407 446 514 494 quod
560 444 738 481 ascendit
782 444 822 481 in
868 453 1048 481 montem
1093 453 1256 481 notatur
1300 458 1381 481 non
1413 445 1543 481 solum

226 505 334 552 quod
365 503 489 541 voluit
524 503 716 551 populum
754 502 986 539 distinccius
1026 511 1064 539 et
1096 503 1388 551 congruencius
1421 512 1543 551 atque

226 562 389 598 liberius
423 561 554 610 ipsum
588 560 740 607 audire,
774 562 842 597 sed
882 560 922 597 in
961 561 1066 597 facto
1099 560 1237 597 docuit
1269 562 1377 609 quod
1410 561 1542 609 predi-

225 630 338 657 cator
360 619 401 656 in
423 618 636 656 sanctitate
657 619 735 656 vite
759 618 1004 655 auditorium
1028 632 1144 655 suum
1169 620 1286 655 debet
1309 619 1539 667 precellere.

283 679 397 715 Unde
437 676 532 713 dicit
570 676 842 715 Crisostomus
882 678 988 726 quod
1025 684 1194 727 propter
1232 677 1329 713 duas
1367 677 1831 728 racionesChrist‘s'reasons

223 736 394 772 ascendit
432 736 467 771 in
503 742 681 774 montem.
711 736 846 771 Primo
879 743 919 771 ut
951 736 1130 785 impleret
1156 734 1410 785 propheciam
1444 736 1542 772 Isaie
1583 722 1803 786 fossnffffffieup

224 795 402 830 dicentis:
434 794 561 843 Super
592 801 758 830 montem
782 793 978 830 excelsum
1001 794 1164 829 ascende
1195 800 1234 828 tu
1267 793 1332 842 qui
1362 794 1542 830 enuncias
1604 795 1783 857 sl¹¹0t1¹ss{flffis

223 853 344 903 Syon.
388 852 538 888 Deinde
576 859 615 887 ut
653 852 866 887 misterium
894 851 1050 901 pietatis
1082 851 1311 888 ostenderet.
1358 851 1540 888 Ascencio
1609 837 1779 900 pirozhgcy,

221 910 319 946 enim
352 910 432 946 eius
454 917 509 946 est
531 910 694 946 altitudo
726 909 924 946 virtutum.
957 909 1140 945 Ascendit
1171 922 1268 960 ergo
1300 909 1336 945 in
1361 917 1540 957 montem,
1561 899 1831 966 ²bstg'agffillvaffi't

222 975 261 1003 ut
292 969 467 1005 ostendat
489 968 596 1004 nobis
619 968 795 1016 quoniam
825 968 861 1004 in
889 968 1092 1003 altitudine
1114 967 1299 1003 virtutum
1332 967 1542 1004 consistere
1565 966 1820 1031 ''ggffigsoshhssffid

221 1027 329 1062 debet
360 1026 425 1075 qui
470 1026 579 1062 docet
610 1026 798 1062 iusticiam
842 1026 920 1062 Dei
955 1026 1110 1075 pariter
1141 1032 1176 1061 et
1208 1026 1273 1074 qui
1301 1025 1422 1062 audit.
1465 1025 1542 1070 Qui
1585 1036 1657 1071 high
1678 1040 1799 1072 ground

220 1085 329 1120 docet
361 1091 401 1119 ut
433 1084 640 1120 verborum
672 1096 831 1120 suorum
858 1084 907 1120 sit
930 1084 1010 1133 ipse
1041 1083 1275 1133 exemplum,
1306 1081 1312 1134 ff
1339 1091 1379 1119 ut
1411 1084 1539 1134 magis
1616 1075 1652 1102 of
1668 1075 1776 1107 virtue,

188 1144 200 1163 ³
219 1154 334 1191 opere
366 1142 500 1178 doceat
531 1154 644 1190 quam
672 1154 863 1190 sermone,
895 1142 991 1178 sicut
1022 1142 1075 1177 ait
1097 1141 1306 1191 Apostolus
1334 1142 1387 1177 ad
1411 1142 1536 1177 Timo-

218 1200 369 1236 theum.-
400 1200 637 1249 Exemplum
673 1208 752 1236 esto
785 1200 952 1236 omnium
973 1200 1169 1249 fidelium.

277 1260 324 1294 Et
356 1259 680 1294 commendando
713 1258 835 1295 vitam
869 1257 925 1294 sic
958 1257 1268 1306 evangelizantis
1301 1257 1408 1307 ultra
1443 1269 1538 1294 con-

218 1316 494 1364 templativam
560 1315 615 1353 sic
665 1316 863 1365 loquitur:
925 1316 1013 1363 Qui,
1057 1315 1200 1364 inquit,
1252 1316 1424 1352 ambulat
1462 1328 1538 1365 per

218 1375 408 1411 convallia
447 1382 575 1410 eterne
614 1375 700 1422 vite,
733 1375 918 1412 obscuras
950 1374 1105 1410 semitas
1137 1374 1261 1410 calcat
1302 1381 1337 1411 et
1369 1374 1538 1422 quuitur

218 1433 318 1469 altos
368 1445 578 1471 sermones.
640 1433 726 1468 Non
779 1433 946 1469 alterum
990 1432 1158 1479 instruit,
1210 1432 1279 1468 sed
1325 1444 1365 1468 se
1412 1432 1535 1481 ipsum

218 1491 396 1541 castigat.
442 1490 566 1526 Nemo
606 1490 705 1527 enim
739 1498 868 1540 potest
907 1491 943 1526 in
977 1490 1078 1526 valle
1110 1498 1216 1526 stare
1254 1497 1289 1526 et
1328 1490 1373 1525 de
1412 1497 1539 1526 monte

219 1549 334 1597 loqui,
366 1549 434 1585 sed
471 1556 537 1584 aut
576 1549 641 1584 ubi
675 1556 767 1594 stas,
801 1549 888 1584 inde
921 1549 1090 1597 loquere,
1122 1555 1189 1583 aut
1222 1548 1322 1584 unde
1354 1548 1536 1596 loqueris,

218 1607 268 1642 ibi
299 1607 401 1652 siste,
438 1614 478 1642 ut
510 1619 647 1643 careas
680 1607 905 1656 duplicitate
937 1606 972 1642 in
1006 1619 1121 1656 opere
1160 1614 1195 1642 et
1232 1618 1422 1642 sermone.
1470 1606 1538 1641 Ille

216 1672 342 1700 autem
387 1665 451 1713 qui
491 1665 599 1700 audit
647 1665 836 1701 iusticiam
878 1665 955 1700 Dei
990 1665 1172 1713 populus,
1218 1664 1302 1700 ia'eo
1349 1664 1457 1700 debet
1500 1664 1536 1699 in

216 1723 417 1758 altitudine
459 1723 646 1759 bonorum
702 1735 861 1772 operum
914 1722 1134 1769 consistere,
1186 1722 1272 1770 quia
1326 1722 1537 1771 discipulus

217 1781 388 1817 imitator
410 1781 594 1831 magistri
614 1781 723 1817 debet
745 1794 837 1817 esse.
871 1781 915 1815 Si
944 1788 1069 1816 autem
1104 1781 1139 1816 in
1168 1787 1329 1829 peccato
1362 1780 1470 1815 vivas
1502 1787 1538 1815 et

215 1839 352 1875 audias
380 1839 525 1876 iusticie
547 1840 663 1875 verba
687 1839 913 1888 loquentem,
946 1838 1128 1874 iudicium
1162 1838 1241 1883 tihi,
1274 1850 1346 1874 non
1370 1838 1532 1874 salutem

215 1897 397 1945 acquiris.
420 1897 542 1933 Audis
559 1905 686 1933 autem
710 1910 807 1939 eum,
833 1905 872 1932 ut
895 1910 967 1933 non
991 1896 1219 1947 ignorancie
1241 1896 1534 1932 excusacionem

216 1955 357 1991 habeas
389 1963 477 1991 ante
499 1956 638 1991 Deum.

273 2013 416 2050 Tereia
449 2022 584 2049 autem
618 2013 726 2049 racio
750 2025 937 2049 ascensus
971 2012 1117 2049 Christi
1151 2013 1191 2048 in
1226 2021 1402 2049 montem
1439 2013 1532 2048 dnm
1558 2027 1581 2054 3.
1604 2033 1634 2055 to
1655 2029 1741 2056 teach
1762 2031 1827 2056 that

218 2070 274 2107 sic
305 2071 525 2119 predicavit
550 2073 666 2108 docet
697 2071 833 2107 fideles
856 2072 964 2119 quod
988 2071 1218 2119 predicator
1242 2072 1358 2106 debet
1392 2072 1535 2107 docere
1574 2065 1803 2134 ζξὲῃῑῖἑὲἓέἐὲἷ(

215 2131 334 2165 verba
358 2129 585 2177 evangelica
609 2131 657 2165 ab
681 2130 762 2165 alto
786 2129 1089 2176 deffendenda,
1115 2142 1194 2165 non
1228 2128 1420 2177 apocrifa,
1454 2141 1535 2164 non
1566 2133 1670 2160 words
1690 2134 1815 2173 coming

214 2187 384 2223 ludicria
416 2200 546 2235 neque
579 2188 748 2234 fabulas,
783 2196 819 2223 et
853 2188 979 2223 multo
1011 2187 1137 2235 magis
1170 2200 1249 2223 non
1273 2188 1391 2223 verba
1427 2199 1535 2222 men·
1562 2168 1643 2195 from
1664 2170 1808 2203 0¹1¹¹¹g¹1-

215 2245 329 2281 dacia
367 2257 497 2294 neque
538 2245 683 2294 cupida
721 2247 789 2281 sed
834 2246 883 2281 ad
923 2245 1175 2281 altitudinem
1220 2244 1293 2281 celi
1326 2244 1532 2280 ducencia.

215 2305 262 2338 Et
296 2303 448 2339 utinam
483 2304 623 2339 fratres
657 2312 694 2339 et
724 2303 791 2339 alii
825 2303 1093 2350 practizantes
1116 2303 1155 2339 in
1189 2302 1534 2350 evangelizacione

215 2361 430 2397 efficaciter
464 2370 753 2409 cognoscerent
786 2361 902 2397 istam
927 2362 1092 2397 scolam.
1128 2360 1365 2397 Manuducit
1398 2369 1531 2396 autem

215 2419 485 2455 Crisostomus
515 2420 666 2455 scolam
692 2432 805 2455 suam
839 2419 878 2455 in
912 2419 1030 2455 istam
1055 2419 1302 2455 sentenciam
1328 2430 1398 2466 per
1421 2431 1534 2466 prac-

214 2477 334 2513 ticam
368 2477 464 2514 artis
507 2477 730 2524 mecanice3
771 2477 926 2513 discens
960 2485 1092 2513 autem
1130 2477 1318 2513 edificare
1351 2477 1411 2513 vel
1445 2475 1533 2524 pin-

283 2677 308 2696 2.
329 2670 373 2696 A:
395 2669 575 2696 intenderet.
672 2669 698 2696 6.
721 2669 765 2696 A:
787 2669 942 2696 excellere.
1037 2676 1062 2699 7.
1084 2669 1112 2695 A
1132 2668 1161 2695 in
1178 2676 1292 2703 marg:
1317 2667 1532 2694 Crisostomus.

215 2703 241 2730 8.
261 2705 304 2731 A:
324 2704 467 2738 primum.
542 2712 583 2731 10.
601 2704 672 2730 Ain
688 2711 802 2737 marga
819 2711 845 2729 2.
920 2711 964 2730 22.
977 2704 1020 2730 A:
1038 2704 1110 2730 inde
1124 2703 1218 2729 deest.
1292 2702 1332 2729 25v
1351 2702 1388 2729 B:
1406 2710 1532 2737 operum

213 2739 307 2765 deest.
381 2747 423 2773 27⁴
442 2739 486 2766 A:
505 2739 671 2765 docentem.
745 2738 790 2766 30.
812 2740 840 2765 A
862 2738 889 2764 in
908 2747 1022 2773 margi:
1042 2737 1201 2765 Jolmnnes
1214 2746 1246 2771 3.
1320 2736 1366 2764 36.
1387 2738 1432 2763 A:
1448 2744 1533 2763 man-

214 2773 298 2800 davit
317 2776 430 2800 autem.

284 2856 313 2886 7.
341 2846 441 2886 Opus
463 2846 598 2886 imperf.
625 2846 646 2876 l.
668 2857 695 2876 c.
716 2845 791 2886 788.
865 2858 896 2887 (J.
925 2846 965 2876 Is.
986 2846 1058 2884 XL,
1078 2855 1109 2887 9.
1189 2845 1238 2875 16.
1258 2845 1280 2874 Ι.
1300 2844 1391 2874 Tim.
1407 2844 1462 2878 lV„
1481 2851 1532 2873 12.

1378 2902 1414 2932 l-*k
