<?xml version="1.0" encoding="UTF-8"?>
<!DOCTYPE html PUBLIC "-//W3C//DTD XHTML 1.0 Transitional//EN"
    "http://www.w3.org/TR/xhtml1/DTD/xhtml1-transitional.dtd">
<html xmlns="http://www.w3.org/1999/xhtml" xml:lang="en" lang="en">
 <head>
  <title>
</title>
<meta http-equiv="Content-Type" content="text/html;charset=utf-8" />
  <meta name='ocr-system' content='tesseract 3.04.00' />
  <meta name='ocr-capabilities' content='ocr_page ocr_carea ocr_par ocr_line ocrx_word'/>
</head>
<body>
  <div class='ocr_page' id='page_1' title='image "./opusevangelicum12wycl/opusevangelicum12wycl_0361.png"; bbox 0 0 2003 3322; ppageno 0'>
   <div class='ocr_carea' id='block_1_1' title="bbox 197 195 1034 248">
    <p class='ocr_par' dir='ltr' id='par_1_1' title="bbox 197 195 1034 248">
     <span class='ocr_line' id='line_1_1' title="bbox 197 195 1034 248; baseline -0.001 -12"><span class='ocrx_word' id='word_1_1' title='bbox 197 205 285 233; x_wconf 75' lang='lat' dir='ltr'><em>CAP.</em></span> <span class='ocrx_word' id='word_1_2' title='bbox 306 195 431 248; x_wconf 64' lang='lat' dir='ltr'><em>xxm]</em></span> <span class='ocrx_word' id='word_1_3' title='bbox 670 206 881 237; x_wconf 76' lang='lat' dir='ltr'><strong>SECUNDA</strong></span> <span class='ocrx_word' id='word_1_4' title='bbox 908 205 1034 236; x_wconf 82' lang='lat' dir='ltr'><em>PARS.</em></span> 
     </span>
    </p>
   </div>
   <div class='ocr_carea' id='block_1_2' title="bbox 71 309 1510 2494">
    <p class='ocr_par' dir='ltr' id='par_1_2' title="bbox 71 309 1510 2494">
     <span class='ocr_line' id='line_1_2' title="bbox 197 309 1505 361; baseline -0.003 -14"><span class='ocrx_word' id='word_1_5' title='bbox 197 320 263 347; x_wconf 86' lang='lat' dir='ltr'><em>aut</em></span> <span class='ocrx_word' id='word_1_6' title='bbox 280 320 448 360; x_wconf 88' lang='lat' dir='ltr'><em>propter</em></span> <span class='ocrx_word' id='word_1_7' title='bbox 471 311 702 347; x_wconf 89' lang='lat' dir='ltr'><em>desiderium</em></span> <span class='ocrx_word' id='word_1_8' title='bbox 732 311 862 361; x_wconf 74' lang='lat' dir='ltr'><em>glorie</em></span> <span class='ocrx_word' id='word_1_9' title='bbox 885 310 1078 347; x_wconf 87' lang='lat' dir='ltr'><em>excitatus</em></span> <span class='ocrx_word' id='word_1_10' title='bbox 1090 309 1259 358; x_wconf 74' lang='lat' dir='ltr'><em>festines</em></span> <span class='ocrx_word' id='word_1_11' title='bbox 1281 310 1332 344; x_wconf 89' lang='lat' dir='ltr'><em>ad</em></span> <span class='ocrx_word' id='word_1_12' title='bbox 1354 310 1505 344; x_wconf 84' lang='lat' dir='ltr'><em>bonum.</em></span> 
     </span>
     <span class='ocr_line' id='line_1_3' title="bbox 198 366 1505 419; baseline -0.002 -15"><span class='ocrx_word' id='word_1_13' title='bbox 198 370 249 404; x_wconf 95' lang='lat' dir='ltr'><em>Et</em></span> <span class='ocrx_word' id='word_1_14' title='bbox 279 369 313 405; x_wconf 92' lang='lat' dir='ltr'><em>si</em></span> <span class='ocrx_word' id='word_1_15' title='bbox 343 369 481 405; x_wconf 83' lang='lat' dir='ltr'><em>cotidie</em></span> <span class='ocrx_word' id='word_1_16' title='bbox 513 369 749 419; x_wconf 79' lang='lat' dir='ltr'><em>cogitaveris</em></span> <span class='ocrx_word' id='word_1_17' title='bbox 780 381 852 418; x_wconf 81' lang='lat' dir='ltr'><em>que</em></span> <span class='ocrx_word' id='word_1_18' title='bbox 882 369 930 404; x_wconf 87' lang='lat' dir='ltr'><em>sit</em></span> <span class='ocrx_word' id='word_1_19' title='bbox 963 368 1113 403; x_wconf 87' lang='lat' dir='ltr'><em>iusticia</em></span> <span class='ocrx_word' id='word_1_20' title='bbox 1139 367 1214 403; x_wconf 91' lang='lat' dir='ltr'><em>Dei</em></span> <span class='ocrx_word' id='word_1_21' title='bbox 1245 374 1279 402; x_wconf 87' lang='lat' dir='ltr'><em>et</em></span> <span class='ocrx_word' id='word_1_22' title='bbox 1302 366 1393 414; x_wconf 82' lang='lat' dir='ltr'><em>quid</em></span> <span class='ocrx_word' id='word_1_23' title='bbox 1425 367 1505 401; x_wconf 89' lang='lat' dir='ltr'><em>odit</em></span> 
     </span>
     <span class='ocr_line' id='line_1_4' title="bbox 198 425 1507 475; baseline -0.003 -12"><span class='ocrx_word' id='word_1_24' title='bbox 198 435 232 463; x_wconf 88' lang='lat' dir='ltr'><em>et</em></span> <span class='ocrx_word' id='word_1_25' title='bbox 265 427 356 475; x_wconf 84' lang='lat' dir='ltr'><em>quid</em></span> <span class='ocrx_word' id='word_1_26' title='bbox 387 434 504 473; x_wconf 83' lang='lat' dir='ltr'><em>amat,</em></span> <span class='ocrx_word' id='word_1_27' title='bbox 544 427 627 475; x_wconf 86' lang='lat' dir='ltr'><em>ipsa</em></span> <span class='ocrx_word' id='word_1_28' title='bbox 660 426 808 462; x_wconf 83' lang='lat' dir='ltr'><em>iusticia</em></span> <span class='ocrx_word' id='word_1_29' title='bbox 848 426 1013 462; x_wconf 81' lang='lat' dir='ltr'><em>ostendit</em></span> <span class='ocrx_word' id='word_1_30' title='bbox 1044 426 1112 461; x_wconf 85' lang='lat' dir='ltr'><em>tibi</em></span> <span class='ocrx_word' id='word_1_31' title='bbox 1141 426 1223 461; x_wconf 74' lang='lat' dir='ltr'><em>vias</em></span> <span class='ocrx_word' id='word_1_32' title='bbox 1254 436 1354 460; x_wconf 89' lang='lat' dir='ltr'><em>suas.</em></span> <span class='ocrx_word' id='word_1_33' title='bbox 1406 425 1507 459; x_wconf 88' lang='lat' dir='ltr'><em>Nam</em></span> 
     </span>
     <span class='ocr_line' id='line_1_5' title="bbox 197 481 1509 534; baseline -0.001 -14"><span class='ocrx_word' id='word_1_34' title='bbox 197 484 344 520; x_wconf 87' lang='lat' dir='ltr'><em>iusticia</em></span> <span class='ocrx_word' id='word_1_35' title='bbox 375 485 474 520; x_wconf 88' lang='lat' dir='ltr'><em>sicut</em></span> <span class='ocrx_word' id='word_1_36' title='bbox 514 484 682 520; x_wconf 89' lang='lat' dir='ltr'><em>odientes</em></span> <span class='ocrx_word' id='word_1_37' title='bbox 719 497 759 520; x_wconf 91' lang='lat' dir='ltr'><em>se</em></span> <span class='ocrx_word' id='word_1_38' title='bbox 782 484 910 534; x_wconf 81' lang='lat' dir='ltr'><em>sugit,</em></span> <span class='ocrx_word' id='word_1_39' title='bbox 948 484 1002 519; x_wconf 88' lang='lat' dir='ltr'><em>sic</em></span> <span class='ocrx_word' id='word_1_40' title='bbox 1039 491 1213 519; x_wconf 88' lang='lat' dir='ltr'><em>amantes</em></span> <span class='ocrx_word' id='word_1_41' title='bbox 1249 494 1289 517; x_wconf 91' lang='lat' dir='ltr'><em>se</em></span> <span class='ocrx_word' id='word_1_42' title='bbox 1325 481 1509 530; x_wconf 82' lang='lat' dir='ltr'><em>sequitur.</em></span> 
     </span>
     <span class='ocr_line' id='line_1_6' title="bbox 165 539 1509 589; baseline -0.002 -12"><span class='ocrx_word' id='word_1_43' title='bbox 165 543 277 578; x_wconf 67' lang='lat' dir='ltr'><em>§Nec</em></span> <span class='ocrx_word' id='word_1_44' title='bbox 299 541 396 577; x_wconf 89' lang='lat' dir='ltr'><em>enim</em></span> <span class='ocrx_word' id='word_1_45' title='bbox 421 542 555 577; x_wconf 89' lang='lat' dir='ltr'><em>daturi</em></span> <span class='ocrx_word' id='word_1_46' title='bbox 575 554 706 577; x_wconf 89' lang='lat' dir='ltr'><em>sumus</em></span> <span class='ocrx_word' id='word_1_47' title='bbox 731 542 924 577; x_wconf 83' lang='lat' dir='ltr'><em>racionem</em></span> <span class='ocrx_word' id='word_1_48' title='bbox 950 548 1079 576; x_wconf 87' lang='lat' dir='ltr'><em>utrum</em></span> <span class='ocrx_word' id='word_1_49' title='bbox 1099 552 1294 589; x_wconf 78' lang='lat' dir='ltr'><em>pauperes</em></span> <span class='ocrx_word' id='word_1_50' title='bbox 1308 539 1509 588; x_wconf 83' lang='lat' dir='ltr'><em>fuerimus</em></span> 
     </span>
     <span class='ocr_line' id='line_1_7' title="bbox 196 598 1510 647; baseline -0.002 -13"><span class='ocrx_word' id='word_1_51' title='bbox 196 607 262 635; x_wconf 90' lang='lat' dir='ltr'><em>aut</em></span> <span class='ocrx_word' id='word_1_52' title='bbox 308 599 454 645; x_wconf 84' lang='lat' dir='ltr'><em>divites,</em></span> <span class='ocrx_word' id='word_1_53' title='bbox 500 600 586 647; x_wconf 82' lang='lat' dir='ltr'><em>quia</em></span> <span class='ocrx_word' id='word_1_54' title='bbox 627 599 815 647; x_wconf 86' lang='lat' dir='ltr'><em>nonfuit</em></span> <span class='ocrx_word' id='word_1_55' title='bbox 854 600 924 634; x_wconf 82' lang='lat' dir='ltr'><em>hoc</em></span> <span class='ocrx_word' id='word_1_56' title='bbox 962 598 999 634; x_wconf 88' lang='lat' dir='ltr'><em>in</em></span> <span class='ocrx_word' id='word_1_57' title='bbox 1032 606 1165 634; x_wconf 83' lang='lat' dir='ltr'><em>nostra</em></span> <span class='ocrx_word' id='word_1_58' title='bbox 1193 604 1398 647; x_wconf 79' lang='lat' dir='ltr'><em>potestate,</em></span> <span class='ocrx_word' id='word_1_59' title='bbox 1442 598 1510 632; x_wconf 89' lang='lat' dir='ltr'><em>sed</em></span> 
     </span>
     <span class='ocr_line' id='line_1_8' title="bbox 195 654 1508 707; baseline -0.001 -14"><span class='ocrx_word' id='word_1_60' title='bbox 195 658 229 693; x_wconf 94' lang='lat' dir='ltr'><em>si</em></span> <span class='ocrx_word' id='word_1_61' title='bbox 265 657 356 693; x_wconf 89' lang='lat' dir='ltr'><em>bene</em></span> <span class='ocrx_word' id='word_1_62' title='bbox 393 657 543 707; x_wconf 80' lang='lat' dir='ltr'><em>egimus</em></span> <span class='ocrx_word' id='word_1_63' title='bbox 580 664 647 692; x_wconf 86' lang='lat' dir='ltr'><em>aut</em></span> <span class='ocrx_word' id='word_1_64' title='bbox 684 657 784 692; x_wconf 91' lang='lat' dir='ltr'><em>male</em></span> <span class='ocrx_word' id='word_1_65' title='bbox 821 657 923 705; x_wconf 80' lang='lat' dir='ltr'><em>quoa&#39;</em></span> <span class='ocrx_word' id='word_1_66' title='bbox 961 656 997 691; x_wconf 87' lang='lat' dir='ltr'><em>in</em></span> <span class='ocrx_word' id='word_1_67' title='bbox 1037 664 1169 692; x_wconf 90' lang='lat' dir='ltr'><em>nostro</em></span> <span class='ocrx_word' id='word_1_68' title='bbox 1203 656 1299 691; x_wconf 90' lang='lat' dir='ltr'><em>iacet</em></span> <span class='ocrx_word' id='word_1_69' title='bbox 1329 654 1508 692; x_wconf 90' lang='lat' dir='ltr'><em>arbitrio.</em></span> 
     </span>
     <span class='ocr_line' id='line_1_9' title="bbox 196 712 1509 761; baseline -0.002 -11"><span class='ocrx_word' id='word_1_70' title='bbox 196 715 353 750; x_wconf 84' lang='lat' dir='ltr'><em>Dictum</em></span> <span class='ocrx_word' id='word_1_71' title='bbox 398 722 453 750; x_wconf 91' lang='lat' dir='ltr'><em>est</em></span> <span class='ocrx_word' id='word_1_72' title='bbox 496 716 548 750; x_wconf 86' lang='lat' dir='ltr'><em>ad</em></span> <span class='ocrx_word' id='word_1_73' title='bbox 594 715 805 750; x_wconf 87' lang='lat' dir='ltr'><em>hominem:</em></span> <span class='ocrx_word' id='word_1_74' title='bbox 851 714 1062 749; x_wconf 81' lang='lat' dir='ltr'><em>Maledicta</em></span> <span class='ocrx_word' id='word_1_75' title='bbox 1102 722 1208 750; x_wconf 90' lang='lat' dir='ltr'><em>terra</em></span> <span class='ocrx_word' id='word_1_76' title='bbox 1254 713 1289 748; x_wconf 92' lang='lat' dir='ltr'><em>in</em></span> <span class='ocrx_word' id='word_1_77' title='bbox 1330 712 1509 761; x_wconf 86' lang='lat' dir='ltr'><em>operibus</em></span> 
     </span>
     <span class='ocr_line' id='line_1_10' title="bbox 71 766 1505 822; baseline -0.004 -11"><span class='ocrx_word' id='word_1_78' title='bbox 71 775 151 820; x_wconf 68' lang='lat'>392&#39;2</span> <span class='ocrx_word' id='word_1_79' title='bbox 196 773 280 810; x_wconf 88' lang='lat' dir='ltr'><em>tuis.</em></span> <span class='ocrx_word' id='word_1_80' title='bbox 335 772 425 808; x_wconf 88' lang='lat' dir='ltr'><em>Vide</em></span> <span class='ocrx_word' id='word_1_81' title='bbox 457 773 544 820; x_wconf 80' lang='lat' dir='ltr'><em>quia</em></span> <span class='ocrx_word' id='word_1_82' title='bbox 573 779 738 822; x_wconf 86' lang='lat' dir='ltr'><em>propter</em></span> <span class='ocrx_word' id='word_1_83' title='bbox 776 779 937 822; x_wconf 89' lang='lat' dir='ltr'><em>peccata</em></span> <span class='ocrx_word' id='word_1_84' title='bbox 984 771 1177 807; x_wconf 84' lang='lat' dir='ltr'><em>hominum</em></span> <span class='ocrx_word' id='word_1_85' title='bbox 1223 766 1505 815; x_wconf 73' lang='lat' dir='ltr'><em>maledicitur!</em></span> 
     </span>
     <span class='ocr_line' id='line_1_11' title="bbox 142 829 1508 880; baseline -0.003 -14"><span class='ocrx_word' id='word_1_86' title='bbox 142 837 315 876; x_wconf 88' lang='lat' dir='ltr'><em>1oterra‚</em></span> <span class='ocrx_word' id='word_1_87' title='bbox 350 837 391 865; x_wconf 95' lang='lat' dir='ltr'><em>ut</em></span> <span class='ocrx_word' id='word_1_88' title='bbox 429 843 502 866; x_wconf 89' lang='lat' dir='ltr'><em>non</em></span> <span class='ocrx_word' id='word_1_89' title='bbox 534 830 739 880; x_wconf 77' lang='lat' dir='ltr'><em>germinet.</em></span> <span class='ocrx_word' id='word_1_90' title='bbox 780 830 885 865; x_wconf 90' lang='lat' dir='ltr'><em>Bene</em></span> <span class='ocrx_word' id='word_1_91' title='bbox 918 829 1060 865; x_wconf 85' lang='lat' dir='ltr'><em>dicitur</em></span> <span class='ocrx_word' id='word_1_92' title='bbox 1091 836 1231 874; x_wconf 82' lang='lat' dir='ltr'><em>autem,</em></span> <span class='ocrx_word' id='word_1_93' title='bbox 1271 841 1356 864; x_wconf 84' lang='lat' dir='ltr'><em>cum</em></span> <span class='ocrx_word' id='word_1_94' title='bbox 1390 840 1508 877; x_wconf 84' lang='lat' dir='ltr'><em>opera</em></span> 
     </span>
     <span class='ocr_line' id='line_1_12' title="bbox 195 885 1509 938; baseline -0.002 -15"><span class='ocrx_word' id='word_1_95' title='bbox 195 889 291 923; x_wconf 85' lang='lat' dir='ltr'><em>bona</em></span> <span class='ocrx_word' id='word_1_96' title='bbox 326 888 554 936; x_wconf 83' lang='lat' dir='ltr'><em>fecerimus.</em></span> <span class='ocrx_word' id='word_1_97' title='bbox 609 888 662 922; x_wconf 91' lang='lat' dir='ltr'><em>Tu</em></span> <span class='ocrx_word' id='word_1_98' title='bbox 707 899 804 938; x_wconf 77' lang='lat' dir='ltr'><em>ergo</em></span> <span class='ocrx_word' id='word_1_99' title='bbox 852 899 969 936; x_wconf 84' lang='lat' dir='ltr'><em>quere</em></span> <span class='ocrx_word' id='word_1_100' title='bbox 1015 887 1204 923; x_wconf 87' lang='lat' dir='ltr'><em>iusticiam</em></span> <span class='ocrx_word' id='word_1_101' title='bbox 1250 894 1285 922; x_wconf 92' lang='lat' dir='ltr'><em>et</em></span> <span class='ocrx_word' id='word_1_102' title='bbox 1330 898 1401 921; x_wconf 89' lang='lat' dir='ltr'><em>non</em></span> <span class='ocrx_word' id='word_1_103' title='bbox 1441 885 1509 921; x_wconf 89' lang='lat' dir='ltr'><em>tibi</em></span> 
     </span>
     <span class='ocr_line' id='line_1_13' title="bbox 196 944 1509 995; baseline -0.002 -14"><span class='ocrx_word' id='word_1_104' title='bbox 196 946 318 981; x_wconf 91' lang='lat' dir='ltr'><em>deerit</em></span> <span class='ocrx_word' id='word_1_105' title='bbox 344 946 471 995; x_wconf 77' lang='lat' dir='ltr'><em>panis,</em></span> <span class='ocrx_word' id='word_1_106' title='bbox 511 944 690 994; x_wconf 84' lang='lat' dir='ltr'><em>quoniam</em></span> <span class='ocrx_word' id='word_1_107' title='bbox 729 945 827 981; x_wconf 87' lang='lat' dir='ltr'><em>sicut</em></span> <span class='ocrx_word' id='word_1_108' title='bbox 862 952 1029 994; x_wconf 88' lang='lat' dir='ltr'><em>propter</em></span> <span class='ocrx_word' id='word_1_109' title='bbox 1067 945 1169 980; x_wconf 91' lang='lat' dir='ltr'><em>mala</em></span> <span class='ocrx_word' id='word_1_110' title='bbox 1203 956 1320 993; x_wconf 87' lang='lat' dir='ltr'><em>opera</em></span> <span class='ocrx_word' id='word_1_111' title='bbox 1346 944 1509 992; x_wconf 90' lang='lat' dir='ltr'><em>fructus</em></span> 
     </span>
     <span class='ocr_line' id='line_1_14' title="bbox 195 1002 1506 1052; baseline -0.002 -13"><span class='ocrx_word' id='word_1_112' title='bbox 195 1011 301 1039; x_wconf 89' lang='lat' dir='ltr'><em>terre</em></span> <span class='ocrx_word' id='word_1_113' title='bbox 351 1004 590 1049; x_wconf 71' lang='lat' dir='ltr'><em>subducitur,</em></span> <span class='ocrx_word' id='word_1_114' title='bbox 648 1003 703 1039; x_wconf 90' lang='lat' dir='ltr'><em>sic</em></span> <span class='ocrx_word' id='word_1_115' title='bbox 748 1010 916 1052; x_wconf 89' lang='lat' dir='ltr'><em>propter</em></span> <span class='ocrx_word' id='word_1_116' title='bbox 966 1003 1062 1038; x_wconf 88' lang='lat' dir='ltr'><em>bona</em></span> <span class='ocrx_word' id='word_1_117' title='bbox 1126 1015 1243 1051; x_wconf 88' lang='lat' dir='ltr'><em>opera</em></span> <span class='ocrx_word' id='word_1_118' title='bbox 1296 1002 1506 1037; x_wconf 78' lang='lat' dir='ltr'><em>habundat.</em></span> 
     </span>
     <span class='ocr_line' id='line_1_15' title="bbox 195 1059 1506 1110; baseline -0.002 -14"><span class='ocrx_word' id='word_1_119' title='bbox 195 1062 410 1109; x_wconf 86' lang='lat' dir='ltr'><em>Propterea</em></span> <span class='ocrx_word' id='word_1_120' title='bbox 439 1061 561 1097; x_wconf 80' lang='lat' dir='ltr'><em>dixit:</em></span> <span class='ocrx_word' id='word_1_121' title='bbox 589 1061 748 1104; x_wconf 80' lang='lat' dir='ltr'><em>Querite</em></span> <span class='ocrx_word' id='word_1_122' title='bbox 764 1061 937 1109; x_wconf 88' lang='lat' dir='ltr'><em>primum</em></span> <span class='ocrx_word' id='word_1_123' title='bbox 963 1072 1127 1110; x_wconf 79' lang='lat' dir='ltr'><em>regnum</em></span> <span class='ocrx_word' id='word_1_124' title='bbox 1152 1060 1229 1095; x_wconf 88' lang='lat' dir='ltr'><em>Dei</em></span> <span class='ocrx_word' id='word_1_125' title='bbox 1254 1066 1289 1095; x_wconf 93' lang='lat' dir='ltr'><em>et</em></span> <span class='ocrx_word' id='word_1_126' title='bbox 1318 1059 1506 1095; x_wconf 84' lang='lat' dir='ltr'><em>iusticiam</em></span> 
     </span>
     <span class='ocr_line' id='line_1_16' title="bbox 142 1117 1510 1168; baseline -0.001 -15"><span class='ocrx_word' id='word_1_127' title='bbox 142 1119 274 1154; x_wconf 81' lang='lat' dir='ltr'><em>15eius</em></span> <span class='ocrx_word' id='word_1_128' title='bbox 305 1126 341 1154; x_wconf 90' lang='lat' dir='ltr'><em>et</em></span> <span class='ocrx_word' id='word_1_129' title='bbox 373 1119 440 1154; x_wconf 77' lang='lat' dir='ltr'><em>lzec</em></span> <span class='ocrx_word' id='word_1_130' title='bbox 472 1119 598 1155; x_wconf 80' lang='lat' dir='ltr'><em>onznia</em></span> <span class='ocrx_word' id='word_1_131' title='bbox 631 1125 874 1168; x_wconf 87' lang='lat' dir='ltr'><em>apponentur</em></span> <span class='ocrx_word' id='word_1_132' title='bbox 907 1118 1022 1154; x_wconf 78' lang='lat' dir='ltr'><em>vobis.</em></span> <span class='ocrx_word' id='word_1_133' title='bbox 1060 1118 1191 1154; x_wconf 88' lang='lat' dir='ltr'><em>Nolite</em></span> <span class='ocrx_word' id='word_1_134' title='bbox 1221 1129 1319 1167; x_wconf 78' lang='lat' dir='ltr'><em>ergo</em></span> <span class='ocrx_word' id='word_1_135' title='bbox 1350 1117 1510 1153; x_wconf 86' lang='lat' dir='ltr'><em>solliciti</em></span> 
     </span>
     <span class='ocr_line' id='line_1_17' title="bbox 194 1175 1508 1224; baseline -0.002 -13"><span class='ocrx_word' id='word_1_136' title='bbox 194 1188 274 1212; x_wconf 90' lang='lat' dir='ltr'><em>esse</em></span> <span class='ocrx_word' id='word_1_137' title='bbox 306 1176 341 1211; x_wconf 92' lang='lat' dir='ltr'><em>in</em></span> <span class='ocrx_word' id='word_1_138' title='bbox 374 1177 599 1213; x_wconf 85' lang='lat' dir='ltr'><em>crastinum.</em></span> <span class='ocrx_word' id='word_1_139' title='bbox 634 1177 715 1211; x_wconf 77' lang='lat' dir='ltr'><em>Iam</em></span> <span class='ocrx_word' id='word_1_140' title='bbox 751 1176 924 1212; x_wconf 85' lang='lat' dir='ltr'><em>diximus</em></span> <span class='ocrx_word' id='word_1_141' title='bbox 956 1176 1132 1224; x_wconf 84' lang='lat' dir='ltr'><em>quoniam</em></span> <span class='ocrx_word' id='word_1_142' title='bbox 1166 1175 1230 1224; x_wconf 80' lang='lat' dir='ltr'><em>qui</em></span> <span class='ocrx_word' id='word_1_143' title='bbox 1260 1175 1350 1210; x_wconf 89' lang='lat' dir='ltr'><em>dicit</em></span> <span class='ocrx_word' id='word_1_144' title='bbox 1383 1175 1508 1219; x_wconf 82' lang='lat' dir='ltr'><em>hodie,</em></span> 
     </span>
     <span class='ocr_line' id='line_1_18' title="bbox 194 1233 1505 1284; baseline -0.002 -15"><span class='ocrx_word' id='word_1_145' title='bbox 194 1235 264 1269; x_wconf 85' lang='lat' dir='ltr'><em>hoc</em></span> <span class='ocrx_word' id='word_1_146' title='bbox 297 1234 421 1270; x_wconf 91' lang='lat' dir='ltr'><em>solum</em></span> <span class='ocrx_word' id='word_1_147' title='bbox 460 1234 590 1284; x_wconf 82' lang='lat' dir='ltr'><em>signat</em></span> <span class='ocrx_word' id='word_1_148' title='bbox 631 1235 733 1282; x_wconf 82' lang='lat' dir='ltr'><em>quod</em></span> <span class='ocrx_word' id='word_1_149' title='bbox 765 1234 948 1269; x_wconf 83' lang='lat' dir='ltr'><em>habemus</em></span> <span class='ocrx_word' id='word_1_150' title='bbox 980 1234 1016 1269; x_wconf 88' lang='lat' dir='ltr'><em>in</em></span> <span class='ocrx_word' id='word_1_151' title='bbox 1050 1234 1125 1269; x_wconf 79' lang='lat' dir='ltr'><em>vita</em></span> <span class='ocrx_word' id='word_1_152' title='bbox 1160 1240 1293 1269; x_wconf 87' lang='lat' dir='ltr'><em>nostra</em></span> <span class='ocrx_word' id='word_1_153' title='bbox 1322 1233 1505 1281; x_wconf 80' lang='lat' dir='ltr'><em>presenti.</em></span> 
     </span>
     <span class='ocr_line' id='line_1_19' title="bbox 200 1291 1506 1340; baseline -0.002 -13"><span class='ocrx_word' id='word_1_154' title='bbox 200 1292 313 1335; x_wconf 82' lang='lat' dir='ltr'><em>Quod</em></span> <span class='ocrx_word' id='word_1_155' title='bbox 356 1299 480 1327; x_wconf 88' lang='lat' dir='ltr'><em>autem</em></span> <span class='ocrx_word' id='word_1_156' title='bbox 522 1292 611 1327; x_wconf 88' lang='lat' dir='ltr'><em>dicit</em></span> <span class='ocrx_word' id='word_1_157' title='bbox 648 1304 739 1327; x_wconf 87' lang='lat' dir='ltr'><em>cras</em></span> <span class='ocrx_word' id='word_1_158' title='bbox 777 1292 880 1340; x_wconf 84' lang='lat' dir='ltr'><em>quod</em></span> <span class='ocrx_word' id='word_1_159' title='bbox 917 1303 1035 1340; x_wconf 85' lang='lat' dir='ltr'><em>super</em></span> <span class='ocrx_word' id='word_1_160' title='bbox 1067 1291 1329 1327; x_wconf 88' lang='lat' dir='ltr'><em>necessitatem</em></span> <span class='ocrx_word' id='word_1_161' title='bbox 1371 1302 1506 1339; x_wconf 88' lang='lat' dir='ltr'><em>super-</em></span> 
     </span>
     <span class='ocr_line' id='line_1_20' title="bbox 182 1348 1508 1399; baseline 0 -15"><span class='ocrx_word' id='word_1_162' title='bbox 182 1349 310 1399; x_wconf 90' lang='lat' dir='ltr'><em>fluum</em></span> <span class='ocrx_word' id='word_1_163' title='bbox 345 1357 399 1385; x_wconf 89' lang='lat' dir='ltr'><em>est</em></span> <span class='ocrx_word' id='word_1_164' title='bbox 430 1350 606 1387; x_wconf 87' lang='lat' dir='ltr'><em>ostendit.</em></span> <span class='ocrx_word' id='word_1_165' title='bbox 647 1348 757 1384; x_wconf 86' lang='lat' dir='ltr'><em>Nihil</em></span> <span class='ocrx_word' id='word_1_166' title='bbox 788 1361 885 1399; x_wconf 81' lang='lat' dir='ltr'><em>ergo</em></span> <span class='ocrx_word' id='word_1_167' title='bbox 918 1349 1060 1385; x_wconf 90' lang='lat' dir='ltr'><em>curetis</em></span> <span class='ocrx_word' id='word_1_168' title='bbox 1091 1348 1331 1398; x_wconf 89' lang='lat' dir='ltr'><em>superfluum</em></span> <span class='ocrx_word' id='word_1_169' title='bbox 1365 1349 1508 1384; x_wconf 87' lang='lat' dir='ltr'><em>habere</em></span> 
     </span>
     <span class='ocr_line' id='line_1_21' title="bbox 137 1406 1504 1456; baseline 0.001 -16"><span class='ocrx_word' id='word_1_170' title='bbox 137 1420 305 1456; x_wconf 69' lang='lat' dir='ltr'><em>aoquam</em></span> <span class='ocrx_word' id='word_1_171' title='bbox 346 1408 447 1455; x_wconf 86' lang='lat' dir='ltr'><em>quod</em></span> <span class='ocrx_word' id='word_1_172' title='bbox 484 1407 742 1443; x_wconf 90' lang='lat' dir='ltr'><em>necessarium</em></span> <span class='ocrx_word' id='word_1_173' title='bbox 782 1415 838 1443; x_wconf 90' lang='lat' dir='ltr'><em>est</em></span> <span class='ocrx_word' id='word_1_174' title='bbox 875 1407 981 1443; x_wconf 84' lang='lat' dir='ltr'><em>vobis</em></span> <span class='ocrx_word' id='word_1_175' title='bbox 1019 1407 1070 1442; x_wconf 87' lang='lat' dir='ltr'><em>ad</em></span> <span class='ocrx_word' id='word_1_176' title='bbox 1108 1408 1225 1442; x_wconf 77' lang='lat' dir='ltr'><em>vitam</em></span> <span class='ocrx_word' id='word_1_177' title='bbox 1259 1406 1504 1442; x_wconf 85' lang='lat' dir='ltr'><em>cotidianam.</em></span> 
     </span>
     <span class='ocr_line' id='line_1_22' title="bbox 199 1464 1507 1515; baseline -0.001 -15"><span class='ocrx_word' id='word_1_178' title='bbox 199 1465 312 1509; x_wconf 82' lang='lat' dir='ltr'><em>Quod</em></span> <span class='ocrx_word' id='word_1_179' title='bbox 357 1472 484 1500; x_wconf 88' lang='lat' dir='ltr'><em>autem</em></span> <span class='ocrx_word' id='word_1_180' title='bbox 528 1465 766 1515; x_wconf 88' lang='lat' dir='ltr'><em>superfluum</em></span> <span class='ocrx_word' id='word_1_181' title='bbox 801 1464 931 1513; x_wconf 86' lang='lat' dir='ltr'><em>suerit</em></span> <span class='ocrx_word' id='word_1_182' title='bbox 969 1465 1071 1513; x_wconf 83' lang='lat' dir='ltr'><em>quod</em></span> <span class='ocrx_word' id='word_1_183' title='bbox 1109 1472 1165 1500; x_wconf 87' lang='lat' dir='ltr'><em>est</em></span> <span class='ocrx_word' id='word_1_184' title='bbox 1208 1476 1310 1509; x_wconf 85' lang='lat' dir='ltr'><em>cras,</em></span> <span class='ocrx_word' id='word_1_185' title='bbox 1357 1464 1507 1500; x_wconf 83' lang='lat' dir='ltr'><em>curabit</em></span> 
     </span>
     <span class='ocr_line' id='line_1_23' title="bbox 192 1522 1506 1572; baseline -0.001 -14"><span class='ocrx_word' id='word_1_186' title='bbox 192 1535 285 1558; x_wconf 91' lang='lat' dir='ltr'><em>esse.</em></span> <span class='ocrx_word' id='word_1_187' title='bbox 319 1523 373 1558; x_wconf 90' lang='lat' dir='ltr'><em>Ac</em></span> <span class='ocrx_word' id='word_1_188' title='bbox 402 1522 438 1558; x_wconf 94' lang='lat' dir='ltr'><em>si</em></span> <span class='ocrx_word' id='word_1_189' title='bbox 468 1523 589 1559; x_wconf 90' lang='lat' dir='ltr'><em>dicat:</em></span> <span class='ocrx_word' id='word_1_190' title='bbox 623 1522 829 1572; x_wconf 83' lang='lat' dir='ltr'><em>Superflua</em></span> <span class='ocrx_word' id='word_1_191' title='bbox 860 1530 1151 1571; x_wconf 84' lang='lat' dir='ltr'><em>quantacunque</em></span> <span class='ocrx_word' id='word_1_192' title='bbox 1183 1522 1506 1572; x_wconf 72' lang='lat' dir='ltr'><em>congregaveris,</em></span> 
     </span>
     <span class='ocr_line' id='line_1_24' title="bbox 192 1580 1506 1629; baseline -0.001 -14"><span class='ocrx_word' id='word_1_193' title='bbox 192 1581 258 1615; x_wconf 89' lang='lat' dir='ltr'><em>illa</em></span> <span class='ocrx_word' id='word_1_194' title='bbox 300 1592 341 1616; x_wconf 90' lang='lat' dir='ltr'><em>se</em></span> <span class='ocrx_word' id='word_1_195' title='bbox 377 1580 459 1629; x_wconf 90' lang='lat' dir='ltr'><em>ipsa</em></span> <span class='ocrx_word' id='word_1_196' title='bbox 492 1581 693 1625; x_wconf 83' lang='lat' dir='ltr'><em>curabunt,</em></span> <span class='ocrx_word' id='word_1_197' title='bbox 733 1589 768 1615; x_wconf 87' lang='lat' dir='ltr'><em>te</em></span> <span class='ocrx_word' id='word_1_198' title='bbox 804 1580 956 1629; x_wconf 83' lang='lat' dir='ltr'><em>quidem</em></span> <span class='ocrx_word' id='word_1_199' title='bbox 997 1580 1050 1616; x_wconf 88' lang='lat' dir='ltr'><em>eis</em></span> <span class='ocrx_word' id='word_1_200' title='bbox 1089 1592 1161 1615; x_wconf 89' lang='lat' dir='ltr'><em>non</em></span> <span class='ocrx_word' id='word_1_201' title='bbox 1193 1580 1368 1628; x_wconf 83' lang='lat' dir='ltr'><em>fruente.</em></span> <span class='ocrx_word' id='word_1_202' title='bbox 1418 1580 1506 1628; x_wconf 84' lang='lat' dir='ltr'><em>Ipsa</em></span> 
     </span>
     <span class='ocr_line' id='line_1_25' title="bbox 191 1638 1507 1687; baseline -0.001 -14"><span class='ocrx_word' id='word_1_203' title='bbox 191 1645 317 1673; x_wconf 87' lang='lat' dir='ltr'><em>autem</em></span> <span class='ocrx_word' id='word_1_204' title='bbox 362 1638 550 1674; x_wconf 80' lang='lat' dir='ltr'><em>invenient</em></span> <span class='ocrx_word' id='word_1_205' title='bbox 589 1638 765 1674; x_wconf 87' lang='lat' dir='ltr'><em>dominos</em></span> <span class='ocrx_word' id='word_1_206' title='bbox 805 1638 946 1673; x_wconf 89' lang='lat' dir='ltr'><em>multos</em></span> <span class='ocrx_word' id='word_1_207' title='bbox 977 1638 1042 1687; x_wconf 84' lang='lat' dir='ltr'><em>qui</em></span> <span class='ocrx_word' id='word_1_208' title='bbox 1072 1650 1114 1673; x_wconf 88' lang='lat' dir='ltr'><em>ea</em></span> <span class='ocrx_word' id='word_1_209' title='bbox 1143 1645 1371 1686; x_wconf 87' lang='lat' dir='ltr'><em>procurent,</em></span> <span class='ocrx_word' id='word_1_210' title='bbox 1409 1638 1507 1673; x_wconf 89' lang='lat' dir='ltr'><em>sicut</em></span> 
     </span>
     <span class='ocr_line' id='line_1_26' title="bbox 136 1696 1507 1745; baseline 0.002 -17"><span class='ocrx_word' id='word_1_211' title='bbox 136 1696 380 1744; x_wconf 79' lang='lat' dir='ltr'><em>25placuerit</em></span> <span class='ocrx_word' id='word_1_212' title='bbox 417 1696 522 1745; x_wconf 87' lang='lat' dir='ltr'><em>ipsis.</em></span> <span class='ocrx_word' id='word_1_213' title='bbox 568 1696 671 1740; x_wconf 83' lang='lat' dir='ltr'><em>Quid</em></span> <span class='ocrx_word' id='word_1_214' title='bbox 709 1707 805 1745; x_wconf 79' lang='lat' dir='ltr'><em>ergo</em></span> <span class='ocrx_word' id='word_1_215' title='bbox 845 1707 960 1731; x_wconf 89' lang='lat' dir='ltr'><em>curas</em></span> <span class='ocrx_word' id='word_1_216' title='bbox 1000 1696 1046 1731; x_wconf 89' lang='lat' dir='ltr'><em>de</em></span> <span class='ocrx_word' id='word_1_217' title='bbox 1084 1696 1176 1744; x_wconf 89' lang='lat' dir='ltr'><em>ipsis</em></span> <span class='ocrx_word' id='word_1_218' title='bbox 1208 1707 1370 1744; x_wconf 82' lang='lat' dir='ltr'><em>quorum</em></span> <span class='ocrx_word' id='word_1_219' title='bbox 1399 1702 1507 1744; x_wconf 91' lang='lat' dir='ltr'><em>pote-</em></span> 
     </span>
     <span class='ocr_line' id='line_1_27' title="bbox 190 1753 1505 1803; baseline 0.001 -15"><span class='ocrx_word' id='word_1_220' title='bbox 190 1761 326 1789; x_wconf 90' lang='lat' dir='ltr'><em>statem</em></span> <span class='ocrx_word' id='word_1_221' title='bbox 350 1754 437 1789; x_wconf 87' lang='lat' dir='ltr'><em>aliis</em></span> <span class='ocrx_word' id='word_1_222' title='bbox 458 1766 497 1790; x_wconf 90' lang='lat' dir='ltr'><em>es</em></span> <span class='ocrx_word' id='word_1_223' title='bbox 520 1754 781 1789; x_wconf 76' lang='lat' dir='ltr'><em>dimissurus?</em></span> <span class='ocrx_word' id='word_1_224' title='bbox 814 1753 970 1803; x_wconf 84' lang='lat' dir='ltr'><em>Sufficit</em></span> <span class='ocrx_word' id='word_1_225' title='bbox 1002 1753 1098 1789; x_wconf 88' lang='lat' dir='ltr'><em>enim</em></span> <span class='ocrx_word' id='word_1_226' title='bbox 1134 1753 1209 1789; x_wconf 89' lang='lat' dir='ltr'><em>diei</em></span> <span class='ocrx_word' id='word_1_227' title='bbox 1239 1753 1391 1789; x_wconf 81' lang='lat' dir='ltr'><em>malicia</em></span> <span class='ocrx_word' id='word_1_228' title='bbox 1423 1765 1505 1790; x_wconf 80' lang='lat' dir='ltr'><em>sua.</em></span> 
     </span>
     <span class='ocr_line' id='line_1_28' title="bbox 190 1811 1508 1861; baseline -0.001 -14"><span class='ocrx_word' id='word_1_229' title='bbox 190 1812 245 1847; x_wconf 86' lang='lat' dir='ltr'><em>Ac</em></span> <span class='ocrx_word' id='word_1_230' title='bbox 281 1811 315 1847; x_wconf 92' lang='lat' dir='ltr'><em>si</em></span> <span class='ocrx_word' id='word_1_231' title='bbox 353 1811 473 1847; x_wconf 87' lang='lat' dir='ltr'><em>dicat:</em></span> <span class='ocrx_word' id='word_1_232' title='bbox 516 1811 672 1861; x_wconf 82' lang='lat' dir='ltr'><em>Sufficit</em></span> <span class='ocrx_word' id='word_1_233' title='bbox 710 1811 777 1847; x_wconf 90' lang='lat' dir='ltr'><em>tibi</em></span> <span class='ocrx_word' id='word_1_234' title='bbox 818 1811 930 1847; x_wconf 92' lang='lat' dir='ltr'><em>labor</em></span> <span class='ocrx_word' id='word_1_235' title='bbox 967 1818 1002 1846; x_wconf 92' lang='lat' dir='ltr'><em>et</em></span> <span class='ocrx_word' id='word_1_236' title='bbox 1046 1811 1204 1847; x_wconf 89' lang='lat' dir='ltr'><em>miseria</em></span> <span class='ocrx_word' id='word_1_237' title='bbox 1248 1823 1318 1858; x_wconf 83' lang='lat' dir='ltr'><em>que</em></span> <span class='ocrx_word' id='word_1_238' title='bbox 1358 1811 1508 1859; x_wconf 88' lang='lat' dir='ltr'><em>pateris</em></span> 
     </span>
     <span class='ocr_line' id='line_1_29' title="bbox 192 1868 1503 1918; baseline 0.002 -14"><span class='ocrx_word' id='word_1_239' title='bbox 192 1869 228 1904; x_wconf 90' lang='lat' dir='ltr'><em>in</em></span> <span class='ocrx_word' id='word_1_240' title='bbox 267 1869 343 1904; x_wconf 83' lang='lat' dir='ltr'><em>vita</em></span> <span class='ocrx_word' id='word_1_241' title='bbox 378 1876 547 1918; x_wconf 90' lang='lat' dir='ltr'><em>propter</em></span> <span class='ocrx_word' id='word_1_242' title='bbox 585 1881 675 1905; x_wconf 92' lang='lat' dir='ltr'><em>usus</em></span> <span class='ocrx_word' id='word_1_243' title='bbox 713 1869 926 1905; x_wconf 89' lang='lat' dir='ltr'><em>cotidianos</em></span> <span class='ocrx_word' id='word_1_244' title='bbox 963 1881 1057 1917; x_wconf 81' lang='lat' dir='ltr'><em>quos</em></span> <span class='ocrx_word' id='word_1_245' title='bbox 1097 1868 1337 1905; x_wconf 87' lang='lat' dir='ltr'><em>necessarios</em></span> <span class='ocrx_word' id='word_1_246' title='bbox 1377 1869 1503 1906; x_wconf 81' lang='lat' dir='ltr'><em>habes.</em></span> 
     </span>
     <span class='ocr_line' id='line_1_30' title="bbox 193 1926 1504 1977; baseline -0.001 -15"><span class='ocrx_word' id='word_1_247' title='bbox 193 1927 286 1962; x_wconf 92' lang='lat' dir='ltr'><em>Noli</em></span> <span class='ocrx_word' id='word_1_248' title='bbox 314 1926 508 1976; x_wconf 90' lang='lat' dir='ltr'><em>superflue</em></span> <span class='ocrx_word' id='word_1_249' title='bbox 533 1939 609 1975; x_wconf 87' lang='lat' dir='ltr'><em>pro</em></span> <span class='ocrx_word' id='word_1_250' title='bbox 640 1926 847 1977; x_wconf 88' lang='lat' dir='ltr'><em>superfluis</em></span> <span class='ocrx_word' id='word_1_251' title='bbox 880 1927 1075 1973; x_wconf 87' lang='lat' dir='ltr'><em>laborare,</em></span> <span class='ocrx_word' id='word_1_252' title='bbox 1121 1939 1165 1962; x_wconf 90' lang='lat' dir='ltr'><em>ne</em></span> <span class='ocrx_word' id='word_1_253' title='bbox 1210 1927 1323 1962; x_wconf 88' lang='lat' dir='ltr'><em>labor</em></span> <span class='ocrx_word' id='word_1_254' title='bbox 1354 1927 1504 1975; x_wconf 81' lang='lat' dir='ltr'><em>quidem</em></span> 
     </span>
     <span class='ocr_line' id='line_1_31' title="bbox 136 1984 1510 2034; baseline -0.001 -14"><span class='ocrx_word' id='word_1_255' title='bbox 136 1991 279 2029; x_wconf 83' lang='lat' dir='ltr'><em>30tuus</em></span> <span class='ocrx_word' id='word_1_256' title='bbox 309 1984 400 2034; x_wconf 85' lang='lat' dir='ltr'><em>fiat,</em></span> <span class='ocrx_word' id='word_1_257' title='bbox 430 1984 582 2032; x_wconf 89' lang='lat' dir='ltr'><em>fruicio</em></span> <span class='ocrx_word' id='word_1_258' title='bbox 614 1991 739 2020; x_wconf 86' lang='lat' dir='ltr'><em>autem</em></span> <span class='ocrx_word' id='word_1_259' title='bbox 780 1985 954 2021; x_wconf 83' lang='lat' dir='ltr'><em>alterius.</em></span> <span class='ocrx_word' id='word_1_260' title='bbox 998 1984 1198 2020; x_wconf 84' lang='lat' dir='ltr'><em>Maliciam</em></span> <span class='ocrx_word' id='word_1_261' title='bbox 1238 1984 1387 2032; x_wconf 83' lang='lat' dir='ltr'><em>quidem</em></span> <span class='ocrx_word' id='word_1_262' title='bbox 1434 1984 1510 2019; x_wconf 86' lang='lat' dir='ltr'><em>diei</em></span> 
     </span>
     <span class='ocr_line' id='line_1_32' title="bbox 192 2042 1507 2092; baseline 0.001 -15"><span class='ocrx_word' id='word_1_263' title='bbox 192 2042 314 2091; x_wconf 88' lang='lat' dir='ltr'><em>ipsam</em></span> <span class='ocrx_word' id='word_1_264' title='bbox 347 2042 603 2092; x_wconf 84' lang='lat' dir='ltr'><em>affliccionem</em></span> <span class='ocrx_word' id='word_1_265' title='bbox 642 2042 818 2091; x_wconf 86' lang='lat' dir='ltr'><em>appellat</em></span> <span class='ocrx_word' id='word_1_266' title='bbox 856 2042 1158 2078; x_wconf 87' lang='lat' dir='ltr'><em>sollicitudinum</em></span> <span class='ocrx_word' id='word_1_267' title='bbox 1194 2043 1438 2090; x_wconf 88' lang='lat' dir='ltr'><em>presencium</em></span> <span class='ocrx_word' id='word_1_268' title='bbox 1472 2049 1507 2077; x_wconf 91' lang='lat' dir='ltr'><em>et</em></span> 
     </span>
     <span class='ocr_line' id='line_1_33' title="bbox 192 2100 1505 2149; baseline 0 -14"><span class='ocrx_word' id='word_1_269' title='bbox 192 2100 382 2136; x_wconf 88' lang='lat' dir='ltr'><em>laborum.</em></span> <span class='ocrx_word' id='word_1_270' title='bbox 418 2100 503 2136; x_wconf 85' lang='lat' dir='ltr'><em>Non</em></span> <span class='ocrx_word' id='word_1_271' title='bbox 535 2101 633 2136; x_wconf 90' lang='lat' dir='ltr'><em>sicut</em></span> <span class='ocrx_word' id='word_1_272' title='bbox 655 2100 852 2136; x_wconf 88' lang='lat' dir='ltr'><em>Manichei</em></span> <span class='ocrx_word' id='word_1_273' title='bbox 883 2100 1013 2135; x_wconf 89' lang='lat' dir='ltr'><em>dicunt</em></span> <span class='ocrx_word' id='word_1_274' title='bbox 1044 2100 1237 2135; x_wconf 87' lang='lat' dir='ltr'><em>maliciam</em></span> <span class='ocrx_word' id='word_1_275' title='bbox 1271 2111 1352 2136; x_wconf 88' lang='lat' dir='ltr'><em>esse</em></span> <span class='ocrx_word' id='word_1_276' title='bbox 1383 2100 1505 2149; x_wconf 84' lang='lat' dir='ltr'><em>ipsam</em></span> 
     </span>
     <span class='ocr_line' id='line_1_34' title="bbox 192 2157 970 2195; baseline 0 -2"><span class='ocrx_word' id='word_1_277' title='bbox 192 2165 415 2194; x_wconf 77' lang='lat' dir='ltr'><em>creaturam</em></span> <span class='ocrx_word' id='word_1_278' title='bbox 449 2158 535 2195; x_wconf 91' lang='lat' dir='ltr'><em>Dei.</em></span> <span class='ocrx_word' id='word_1_279' title='bbox 570 2159 652 2193; x_wconf 89' lang='lat' dir='ltr'><em>Hec</em></span> <span class='ocrx_word' id='word_1_280' title='bbox 687 2157 970 2194; x_wconf 82' lang='lat' dir='ltr'><em>Crisostomus.</em></span> 
     </span>
     <span class='ocr_line' id='line_1_35' title="bbox 248 2214 1507 2263; baseline 0 -13"><span class='ocrx_word' id='word_1_281' title='bbox 248 2215 415 2251; x_wconf 86' lang='lat' dir='ltr'><em>Videtur</em></span> <span class='ocrx_word' id='word_1_282' title='bbox 446 2215 566 2251; x_wconf 85' lang='lat' dir='ltr'><em>istum</em></span> <span class='ocrx_word' id='word_1_283' title='bbox 600 2224 786 2251; x_wconf 80' lang='lat' dir='ltr'><em>sanctum</em></span> <span class='ocrx_word' id='word_1_284' title='bbox 820 2215 967 2252; x_wconf 86' lang='lat' dir='ltr'><em>sentire</em></span> <span class='ocrx_word' id='word_1_285' title='bbox 990 2214 1215 2263; x_wconf 78' lang='lat' dir='ltr'><em>Augustino</em></span> <span class='ocrx_word' id='word_1_286' title='bbox 1249 2215 1507 2252; x_wconf 79' lang='lat' dir='ltr'><em>concorditer</em></span> 
     </span>
     <span class='ocr_line' id='line_1_36' title="bbox 136 2272 1505 2321; baseline 0.001 -14"><span class='ocrx_word' id='word_1_287' title='bbox 136 2284 176 2319; x_wconf 79' lang='lat'><em>35</em></span> <span class='ocrx_word' id='word_1_288' title='bbox 193 2274 300 2320; x_wconf 84' lang='lat' dir='ltr'><em>quod</em></span> <span class='ocrx_word' id='word_1_289' title='bbox 338 2272 553 2309; x_wconf 83' lang='lat' dir='ltr'><em>infidelitas</em></span> <span class='ocrx_word' id='word_1_290' title='bbox 593 2281 649 2309; x_wconf 87' lang='lat' dir='ltr'><em>est</em></span> <span class='ocrx_word' id='word_1_291' title='bbox 688 2286 808 2309; x_wconf 86' lang='lat' dir='ltr'><em>causa</em></span> <span class='ocrx_word' id='word_1_292' title='bbox 847 2272 1039 2321; x_wconf 81' lang='lat' dir='ltr'><em>precipua</em></span> <span class='ocrx_word' id='word_1_293' title='bbox 1079 2285 1202 2321; x_wconf 82' lang='lat' dir='ltr'><em>quare</em></span> <span class='ocrx_word' id='word_1_294' title='bbox 1246 2273 1352 2309; x_wconf 81' lang='lat' dir='ltr'><em>circa</em></span> <span class='ocrx_word' id='word_1_295' title='bbox 1391 2273 1505 2309; x_wconf 85' lang='lat' dir='ltr'><em>nobis</em></span> 
     </span>
     <span class='ocr_line' id='line_1_37' title="bbox 194 2330 1504 2378; baseline 0.001 -13"><span class='ocrx_word' id='word_1_296' title='bbox 194 2330 324 2366; x_wconf 85' lang='lat' dir='ltr'><em>minus</em></span> <span class='ocrx_word' id='word_1_297' title='bbox 363 2330 475 2366; x_wconf 82' lang='lat' dir='ltr'><em>utilia</em></span> <span class='ocrx_word' id='word_1_298' title='bbox 512 2331 602 2378; x_wconf 84' lang='lat' dir='ltr'><em>plus</em></span> <span class='ocrx_word' id='word_1_299' title='bbox 641 2343 829 2367; x_wconf 82' lang='lat' dir='ltr'><em>curamus</em></span> <span class='ocrx_word' id='word_1_300' title='bbox 871 2340 907 2367; x_wconf 91' lang='lat' dir='ltr'><em>et</em></span> <span class='ocrx_word' id='word_1_301' title='bbox 948 2331 1053 2367; x_wconf 83' lang='lat' dir='ltr'><em>circa</em></span> <span class='ocrx_word' id='word_1_302' title='bbox 1087 2331 1173 2378; x_wconf 82' lang='lat' dir='ltr'><em>ipsa</em></span> <span class='ocrx_word' id='word_1_303' title='bbox 1207 2344 1344 2367; x_wconf 85' lang='lat' dir='ltr'><em>sumus</em></span> <span class='ocrx_word' id='word_1_304' title='bbox 1378 2330 1504 2378; x_wconf 79' lang='lat' dir='ltr'><em>magis</em></span> 
     </span>
     <span class='ocr_line' id='line_1_38' title="bbox 193 2388 1504 2436; baseline 0 -12"><span class='ocrx_word' id='word_1_305' title='bbox 193 2388 353 2424; x_wconf 83' lang='lat' dir='ltr'><em>solliciti</em></span> <span class='ocrx_word' id='word_1_306' title='bbox 383 2389 443 2424; x_wconf 87' lang='lat' dir='ltr'><em>vel</em></span> <span class='ocrx_word' id='word_1_307' title='bbox 472 2388 612 2424; x_wconf 78' lang='lat' dir='ltr'><em>attenti</em></span> <span class='ocrx_word' id='word_1_308' title='bbox 643 2401 763 2436; x_wconf 80' lang='lat' dir='ltr'><em>quam</em></span> <span class='ocrx_word' id='word_1_309' title='bbox 795 2388 900 2425; x_wconf 82' lang='lat' dir='ltr'><em>cirea</em></span> <span class='ocrx_word' id='word_1_310' title='bbox 930 2388 1044 2425; x_wconf 89' lang='lat' dir='ltr'><em>nobis</em></span> <span class='ocrx_word' id='word_1_311' title='bbox 1074 2389 1199 2436; x_wconf 76' lang='lat' dir='ltr'><em>magis</em></span> <span class='ocrx_word' id='word_1_312' title='bbox 1228 2389 1355 2426; x_wconf 78' lang='lat' dir='ltr'><em>utilia.</em></span> <span class='ocrx_word' id='word_1_313' title='bbox 1390 2388 1504 2424; x_wconf 84' lang='lat' dir='ltr'><em>Fides</em></span> 
     </span>
     <span class='ocr_line' id='line_1_39' title="bbox 194 2445 1506 2494; baseline 0.001 -13"><span class='ocrx_word' id='word_1_314' title='bbox 194 2445 298 2481; x_wconf 87' lang='lat' dir='ltr'><em>enim</em></span> <span class='ocrx_word' id='word_1_315' title='bbox 343 2455 399 2482; x_wconf 84' lang='lat' dir='ltr'><em>est</em></span> <span class='ocrx_word' id='word_1_316' title='bbox 438 2447 546 2494; x_wconf 90' lang='lat' dir='ltr'><em>quod</em></span> <span class='ocrx_word' id='word_1_317' title='bbox 592 2448 696 2483; x_wconf 86' lang='lat' dir='ltr'><em>Deus</em></span> <span class='ocrx_word' id='word_1_318' title='bbox 737 2456 851 2482; x_wconf 84' lang='lat' dir='ltr'><em>curat</em></span> <span class='ocrx_word' id='word_1_319' title='bbox 889 2448 936 2482; x_wconf 84' lang='lat' dir='ltr'><em>de</em></span> <span class='ocrx_word' id='word_1_320' title='bbox 981 2448 1097 2482; x_wconf 90' lang='lat' dir='ltr'><em>rebus</em></span> <span class='ocrx_word' id='word_1_321' title='bbox 1141 2446 1506 2494; x_wconf 81' lang='lat' dir='ltr'><em>proporcionaliter</em></span> 
     </span>
    </p>
   </div>
   <div class='ocr_carea' id='block_1_3' title="bbox 191 2624 1506 2757">
    <p class='ocr_par' dir='ltr' id='par_1_3' title="bbox 191 2624 1506 2757">
     <span class='ocr_line' id='line_1_40' title="bbox 263 2624 1506 2662; baseline 0.001 -10"><span class='ocrx_word' id='word_1_322' title='bbox 263 2633 287 2652; x_wconf 85' lang='lat'><em>2.</em></span> <span class='ocrx_word' id='word_1_323' title='bbox 312 2626 347 2653; x_wconf 77' lang='lat' dir='ltr'><em>B:</em></span> <span class='ocrx_word' id='word_1_324' title='bbox 370 2625 431 2653; x_wconf 85' lang='lat' dir='ltr'><em>Dei</em></span> <span class='ocrx_word' id='word_1_325' title='bbox 447 2626 521 2661; x_wconf 78' lang='lat' dir='ltr'><em>quid</em></span> <span class='ocrx_word' id='word_1_326' title='bbox 539 2626 615 2660; x_wconf 84' lang='lat' dir='ltr'><em>odit,</em></span> <span class='ocrx_word' id='word_1_327' title='bbox 635 2626 711 2661; x_wconf 66' lang='lat' dir='ltr'><em>quid</em></span> <span class='ocrx_word' id='word_1_328' title='bbox 729 2629 824 2653; x_wconf 85' lang='lat' dir='ltr'><em>amat.</em></span> <span class='ocrx_word' id='word_1_329' title='bbox 920 2624 956 2653; x_wconf 69' lang='lat'><em>13.</em></span> <span class='ocrx_word' id='word_1_330' title='bbox 978 2627 1021 2653; x_wconf 88' lang='lat' dir='ltr'><em>A:</em></span> <span class='ocrx_word' id='word_1_331' title='bbox 1042 2626 1121 2653; x_wconf 86' lang='lat' dir='ltr'><em>sicut</em></span> <span class='ocrx_word' id='word_1_332' title='bbox 1137 2635 1205 2661; x_wconf 80' lang='lat' dir='ltr'><em>per.</em></span> <span class='ocrx_word' id='word_1_333' title='bbox 1290 2634 1335 2654; x_wconf 83' lang='lat'><em>20.</em></span> <span class='ocrx_word' id='word_1_334' title='bbox 1357 2627 1401 2654; x_wconf 85' lang='lat' dir='ltr'><em>A:</em></span> <span class='ocrx_word' id='word_1_335' title='bbox 1423 2627 1506 2662; x_wconf 82' lang='lat' dir='ltr'><em>quod</em></span> 
     </span>
     <span class='ocr_line' id='line_1_41' title="bbox 195 2661 1503 2696; baseline 0.001 -9"><span class='ocrx_word' id='word_1_336' title='bbox 195 2661 288 2688; x_wconf 83' lang='lat' dir='ltr'><em>deest.</em></span> <span class='ocrx_word' id='word_1_337' title='bbox 378 2668 424 2694; x_wconf 80' lang='lat'><em>24,</em></span> <span class='ocrx_word' id='word_1_338' title='bbox 445 2661 488 2688; x_wconf 80' lang='lat'><em>25.</em></span> <span class='ocrx_word' id='word_1_339' title='bbox 509 2661 549 2688; x_wconf 79' lang='lat' dir='ltr'><em>B:</em></span> <span class='ocrx_word' id='word_1_340' title='bbox 574 2665 606 2688; x_wconf 83' lang='lat' dir='ltr'><em>ut</em></span> <span class='ocrx_word' id='word_1_341' title='bbox 622 2662 784 2696; x_wconf 79' lang='lat' dir='ltr'><em>placuerit.</em></span> <span class='ocrx_word' id='word_1_342' title='bbox 857 2661 900 2688; x_wconf 78' lang='lat'><em>25.</em></span> <span class='ocrx_word' id='word_1_343' title='bbox 923 2663 968 2687; x_wconf 91' lang='lat' dir='ltr'><em>A:</em></span> <span class='ocrx_word' id='word_1_344' title='bbox 989 2661 1027 2688; x_wconf 79' lang='lat' dir='ltr'><em>de</em></span> <span class='ocrx_word' id='word_1_345' title='bbox 1046 2661 1117 2688; x_wconf 71' lang='lat' dir='ltr'><em>illis.</em></span> <span class='ocrx_word' id='word_1_346' title='bbox 1208 2668 1254 2695; x_wconf 83' lang='lat'><em>29.</em></span> <span class='ocrx_word' id='word_1_347' title='bbox 1275 2663 1325 2688; x_wconf 49' lang='lat' dir='ltr'><em>Ax</em></span> <span class='ocrx_word' id='word_1_348' title='bbox 1340 2661 1379 2688; x_wconf 85' lang='lat' dir='ltr'><em>de</em></span> <span class='ocrx_word' id='word_1_349' title='bbox 1399 2670 1503 2696; x_wconf 76' lang='lat' dir='ltr'><em>super-</em></span> 
     </span>
     <span class='ocr_line' id='line_1_42' title="bbox 191 2693 1503 2757; baseline 0.002 -36"><span class='ocrx_word' id='word_1_350' title='bbox 191 2695 310 2757; x_wconf 29' lang='lat' dir='ltr'><em>{liii-iim</em></span> <span class='ocrx_word' id='word_1_351' title='bbox 347 2693 392 2722; x_wconf 85' lang='lat'><em>30.</em></span> <span class='ocrx_word' id='word_1_352' title='bbox 414 2697 458 2722; x_wconf 87' lang='lat' dir='ltr'><em>A:</em></span> <span class='ocrx_word' id='word_1_353' title='bbox 480 2696 602 2730; x_wconf 78' lang='lat' dir='ltr'><em>quidem</em></span> <span class='ocrx_word' id='word_1_354' title='bbox 623 2697 716 2722; x_wconf 82' lang='lat' dir='ltr'><em>deest.</em></span> <span class='ocrx_word' id='word_1_355' title='bbox 801 2694 849 2729; x_wconf 86' lang='lat'><em>34.</em></span> <span class='ocrx_word' id='word_1_356' title='bbox 870 2697 897 2722; x_wconf 92' lang='lat' dir='ltr'>A</span> <span class='ocrx_word' id='word_1_357' title='bbox 918 2696 947 2722; x_wconf 81' lang='lat' dir='ltr'><em>iu</em></span> <span class='ocrx_word' id='word_1_358' title='bbox 971 2703 1084 2730; x_wconf 45' lang='lat' dir='ltr'><em>marga</em></span> <span class='ocrx_word' id='word_1_359' title='bbox 1105 2696 1281 2728; x_wconf 67' lang='lat' dir='ltr'><em>¹lohannes,·</em></span> <span class='ocrx_word' id='word_1_360' title='bbox 1304 2696 1344 2723; x_wconf 86' lang='lat' dir='ltr'><em>ib.</em></span> <span class='ocrx_word' id='word_1_361' title='bbox 1367 2697 1410 2723; x_wconf 83' lang='lat' dir='ltr'><em>A:</em></span> <span class='ocrx_word' id='word_1_362' title='bbox 1433 2704 1503 2725; x_wconf 84' lang='lat' dir='ltr'><em>con-</em></span> 
     </span>
    </p>
   </div>
   <div class='ocr_carea' id='block_1_4' title="bbox 263 2801 572 2844">
    <p class='ocr_par' dir='ltr' id='par_1_4' title="bbox 263 2801 572 2844">
     <span class='ocr_line' id='line_1_43' title="bbox 263 2801 572 2844; baseline 0 -11"><span class='ocrx_word' id='word_1_363' title='bbox 263 2801 294 2833; x_wconf 82' lang='lat'><em>8.</em></span> <span class='ocrx_word' id='word_1_364' title='bbox 323 2802 410 2833; x_wconf 85' lang='lat' dir='ltr'><em>Gen.</em></span> <span class='ocrx_word' id='word_1_365' title='bbox 436 2802 489 2841; x_wconf 89' lang='lat'>111,</span> <span class='ocrx_word' id='word_1_366' title='bbox 521 2812 572 2844; x_wconf 82' lang='lat'><em>¹7·</em></span> 
     </span>
    </p>
   </div>
   <div class='ocr_carea' id='block_1_5' title="bbox 1718 194 1788 230">
    <p class='ocr_par' dir='ltr' id='par_1_5' title="bbox 1718 194 1788 230">
     <span class='ocr_line' id='line_1_44' title="bbox 1718 194 1788 230; baseline 0 -1"><span class='ocrx_word' id='word_1_367' title='bbox 1718 194 1788 230; x_wconf 83' lang='lat'><em>351</em></span> 
     </span>
    </p>
   </div>
   <div class='ocr_carea' id='block_1_6' title="bbox 1529 1468 1785 1669">
    <p class='ocr_par' dir='ltr' id='par_1_6' title="bbox 1529 1468 1785 1669">
     <span class='ocr_line' id='line_1_45' title="bbox 1529 1468 1785 1496; baseline 0 -1"><span class='ocrx_word' id='word_1_368' title='bbox 1529 1469 1554 1496; x_wconf 91' lang='lat' dir='ltr'><em>It</em></span> <span class='ocrx_word' id='word_1_369' title='bbox 1574 1468 1599 1496; x_wconf 78' lang='lat' dir='ltr'><em>is</em></span> <span class='ocrx_word' id='word_1_370' title='bbox 1619 1469 1736 1495; x_wconf 84' lang='lat' dir='ltr'><em>useless</em></span> <span class='ocrx_word' id='word_1_371' title='bbox 1755 1473 1785 1496; x_wconf 89' lang='lat' dir='ltr'><em>to</em></span> 
     </span>
     <span class='ocr_line' id='line_1_46' title="bbox 1568 1504 1749 1530; baseline 0 0"><span class='ocrx_word' id='word_1_372' title='bbox 1568 1511 1635 1530; x_wconf 79' lang='lat' dir='ltr'><em>care</em></span> <span class='ocrx_word' id='word_1_373' title='bbox 1656 1504 1749 1530; x_wconf 87' lang='lat' dir='ltr'><em>about</em></span> 
     </span>
     <span class='ocr_line' id='line_1_47' title="bbox 1546 1538 1770 1573; baseline -0.004 -8"><span class='ocrx_word' id='word_1_374' title='bbox 1546 1538 1650 1573; x_wconf 85' lang='lat' dir='ltr'><em>things</em></span> <span class='ocrx_word' id='word_1_375' title='bbox 1670 1538 1770 1565; x_wconf 82' lang='lat' dir='ltr'><em>which</em></span> 
     </span>
     <span class='ocr_line' id='line_1_48' title="bbox 1597 1573 1714 1599; baseline 0.009 -1"><span class='ocrx_word' id='word_1_376' title='bbox 1597 1573 1657 1599; x_wconf 85' lang='lat' dir='ltr'><em>will</em></span> <span class='ocrx_word' id='word_1_377' title='bbox 1679 1573 1714 1599; x_wconf 84' lang='lat' dir='ltr'><em>be</em></span> 
     </span>
     <span class='ocr_line' id='line_1_49' title="bbox 1567 1607 1757 1643; baseline 0.011 -10"><span class='ocrx_word' id='word_1_378' title='bbox 1567 1607 1694 1643; x_wconf 78' lang='lat' dir='ltr'><em>enjoyed</em></span> <span class='ocrx_word' id='word_1_379' title='bbox 1719 1607 1757 1641; x_wconf 94' lang='lat' dir='ltr'><em>by</em></span> 
     </span>
     <span class='ocr_line' id='line_1_50' title="bbox 1600 1642 1714 1669; baseline 0.009 -1"><span class='ocrx_word' id='word_1_380' title='bbox 1600 1642 1714 1669; x_wconf 73' lang='lat' dir='ltr'><em>others.</em></span> 
     </span>
    </p>
   </div>
   <div class='ocr_carea' id='block_1_7' title="bbox 1537 2229 1785 2439">
    <p class='ocr_par' dir='ltr' id='par_1_7' title="bbox 1537 2229 1785 2439">
     <span class='ocr_line' id='line_1_51' title="bbox 1540 2229 1785 2257; baseline 0.004 -1"><span class='ocrx_word' id='word_1_381' title='bbox 1540 2229 1608 2257; x_wconf 90' lang='lat' dir='ltr'><em>God</em></span> <span class='ocrx_word' id='word_1_382' title='bbox 1631 2237 1715 2257; x_wconf 85' lang='lat' dir='ltr'><em>cares</em></span> <span class='ocrx_word' id='word_1_383' title='bbox 1737 2232 1785 2257; x_wconf 69' lang='lat' dir='ltr'><em>ton·</em></span> 
     </span>
     <span class='ocr_line' id='line_1_52' title="bbox 1601 2264 1716 2292; baseline 0 -1"><span class='ocrx_word' id='word_1_384' title='bbox 1601 2265 1638 2291; x_wconf 81' lang='lat' dir='ltr'><em>all</em></span> <span class='ocrx_word' id='word_1_385' title='bbox 1661 2264 1716 2292; x_wconf 80' lang='lat' dir='ltr'><em>His</em></span> 
     </span>
     <span class='ocr_line' id='line_1_53' title="bbox 1539 2300 1779 2333; baseline 0 -7"><span class='ocrx_word' id='word_1_386' title='bbox 1539 2304 1704 2333; x_wconf 74' lang='lat' dir='ltr'><em>creaturos,</em></span> <span class='ocrx_word' id='word_1_387' title='bbox 1727 2300 1779 2326; x_wconf 88' lang='lat' dir='ltr'><em>but</em></span> 
     </span>
     <span class='ocr_line' id='line_1_54' title="bbox 1582 2335 1732 2361; baseline 0.007 -1"><span class='ocrx_word' id='word_1_388' title='bbox 1582 2339 1663 2360; x_wconf 82' lang='lat' dir='ltr'><em>most</em></span> <span class='ocrx_word' id='word_1_389' title='bbox 1684 2335 1732 2361; x_wconf 73' lang='lat' dir='ltr'><em>for</em></span> 
     </span>
     <span class='ocr_line' id='line_1_55' title="bbox 1537 2368 1777 2395; baseline 0.004 -1"><span class='ocrx_word' id='word_1_390' title='bbox 1537 2368 1625 2395; x_wconf 81' lang='lat' dir='ltr'><em>those</em></span> <span class='ocrx_word' id='word_1_391' title='bbox 1645 2369 1708 2395; x_wconf 83' lang='lat' dir='ltr'><em>that</em></span> <span class='ocrx_word' id='word_1_392' title='bbox 1728 2376 1777 2395; x_wconf 81' lang='lat' dir='ltr'><em>are</em></span> 
     </span>
     <span class='ocr_line' id='line_1_56' title="bbox 1544 2403 1777 2439; baseline 0 -10"><span class='ocrx_word' id='word_1_393' title='bbox 1544 2408 1625 2429; x_wconf 86' lang='lat' dir='ltr'><em>most</em></span> <span class='ocrx_word' id='word_1_394' title='bbox 1646 2403 1777 2439; x_wconf 74' lang='lat' dir='ltr'><em>worthy.</em></span> 
     </span>
    </p>
   </div>
  </div>
 </body>
</html>
