2003 3322
197 191 286 219 CAP.
306 183 429 236 κως]
661 193 872 225 SECUNDA
899 193 1023 225 PARS.
1713 186 1792 232 425

187 301 344 351 faciant
375 312 507 336 coram
540 299 766 345 hominibus,
799 307 839 335 ut
870 299 1075 335 videantur
1106 301 1152 336 ab
1185 300 1250 348 eis,
1281 295 1378 336 sicut
1402 313 1509 353 ypo-

197 359 292 396 crite
323 365 358 394 et
389 365 429 393 ut
460 370 504 393 ne
536 364 646 393 orent
676 364 716 393 ut
749 358 794 393 ab
828 357 1041 393 hominibus
1065 358 1269 394 videantur
1290 358 1388 395 sicut
1402 371 1509 410 ypo-

197 417 304 463 crite,
343 423 378 451 et
415 423 455 451 ut
491 428 536 451 ne
575 415 738 451 ieiunent
775 427 907 450 coram
941 415 1155 452 hominibus
1191 429 1231 453 se
1270 418 1510 454 ostendentes

195 475 292 511 sicut
314 473 501 525 ypocrite
522 473 692 521 faciunt.
739 472 791 508 Et
822 473 951 508 docuit
981 473 1068 509 illos
1101 486 1145 509 ne
1167 474 1325 522 saciant
1355 475 1431 520 sic‚·
1476 483 1511 511 et

165 531 383 568 5instruxit
413 543 488 577 eos,
521 531 606 579 quia
634 531 817 579 possibile
848 538 904 566 est
935 531 970 566 in
985 532 1172 581 ypocrisi
1200 540 1235 568 et
1264 532 1511 583 elemosynas

187 591 329 639 facere
360 596 395 625 et
426 600 543 624 orare
575 596 609 624 et
640 588 823 624 ieiunare.
857 589 1028 637 Propter
1058 590 1161 638 quod
1192 590 1302 638 quasi
1331 590 1406 625 iam
1440 591 1510 626 ali-

195 648 287 697 quid
306 653 593 697 cognoscentes,
625 646 712 694 quia
737 647 805 682 hec
826 646 952 682 omnia
982 646 1018 681 in
1035 648 1328 698 ypocrisifieri
1345 656 1511 698 possunt

197 705 368 754 loquitur
406 704 553 740 dicens:
590 704 784 740 Attendite
822 716 843 739 a
867 704 991 752 salsis
1026 705 1232 754 prophetis
1261 706 1327 755 qui
1357 706 1510 742 veniunt

195 764 247 799 ad
278 775 344 799 vos
375 762 411 797 in
445 762 677 798 vestimentis
709 762 851 807 ovium,
885 762 1112 798 intrinsecus
1143 771 1268 799 autem
1310 771 1399 800 sunt
1431 764 1513 813 lupi

196 832 370 870 rapaces.
411 820 494 864 Que
532 827 620 855 sunt
659 820 883 855 vestimenta
911 817 916 872 ἱ
947 820 1095 855 ovilia?
1140 821 1294 869 Species
1331 822 1511 858 simulate

196 878 409 928 religionis,
443 877 668 928 elemosyna
699 877 882 913 simulata
905 877 1169 914 vestimentum
1204 879 1303 915 ovile
1334 887 1402 925 est,
1435 892 1508 916 non

195 949 290 986 opus
322 936 440 980 ovile;
470 942 506 971 et
537 935 667 971 oracio
702 935 881 971 simulata
915 936 1180 972 vestimentum
1215 937 1314 973 ovile
1336 944 1404 984 est,
1436 950 1508 974 non

195 1006 290 1043 opus
322 993 443 1038 ovile,·
473 993 650 1029 ieiunium
675 993 897 1029 simulatum
915 994 1177 1030 vestimentum
1205 995 1302 1031 ovile
1334 1002 1402 1041 est,
1437 1008 1508 1032 non

195 1064 290 1101 opus
333 1051 455 1095 ovile,·
496 1058 533 1087 et
575 1058 699 1087 cetere
729 1051 873 1099 species
911 1051 1067 1100 pietatis
1100 1052 1233 1101 quibus
1269 1065 1310 1089 se
1348 1053 1511 1090 vestiunt

142 1108 178 1140 15
196 1109 277 1158 lupi
309 1121 484 1158 rapaces.

255 1167 374 1202 Nulla
407 1173 533 1202 autem
568 1178 629 1202 res
660 1166 714 1202 sic
746 1166 982 1202 exterminat
1013 1167 1151 1203 bonum
1185 1169 1507 1216 quemadmodum
1575 1174 1745 1213 Simulaged

195 1225 416 1261 simulatum
451 1224 601 1261 bonum.
636 1224 738 1259 Nam
769 1224 1017 1272 manifestum
1048 1225 1192 1261 malum
1222 1227 1333 1274 quasi
1363 1227 1506 1262 malum
1523 1209 1684 1271 gooiiwnoerssst
1699 1209 1795 1271 1osfthe

187 1282 353 1333 fugitur
375 1289 409 1317 et
431 1289 602 1319 cavetur.
636 1281 787 1317 Malum
819 1289 944 1318 autem
974 1283 1042 1318 sub
1070 1283 1194 1332 specie
1225 1284 1313 1320 boni
1343 1285 1506 1320 celatum
1577 1279 1745 1306 mischiefs.

197 1341 286 1376 dum
321 1352 392 1375 non
425 1340 673 1389 cognoscitur
697 1351 763 1374 nec
791 1347 963 1385 cavetur,
995 1341 1063 1376 sed
1091 1341 1210 1377 eciam
1234 1341 1344 1390 quasi
1370 1343 1506 1378 bonum

139 1397 402 1447 20suscipitur
445 1405 479 1433 et
511 1410 583 1433 non
616 1397 857 1434 coniunctum
903 1405 957 1433 est
1000 1399 1109 1444 bono,
1150 1399 1189 1434 id
1228 1406 1294 1444 est,
1334 1399 1509 1444 Christo,-

194 1456 278 1491 ideo
323 1455 558 1491 exterminat
594 1455 745 1492 bonum.
793 1455 856 1491 Sic
892 1456 998 1491 servi
1034 1456 1178 1493 diaboli
1219 1464 1308 1493 tunc
1341 1458 1509 1506 pessime

195 1513 515 1549 christianitatem
540 1521 809 1561 corrumpunt,
832 1514 984 1561 quando
1007 1526 1047 1550 se
1069 1515 1253 1550 simulant
1275 1515 1507 1552 christianos

195 1571 242 1607 de
273 1571 406 1619 quibus
437 1571 617 1607 admonet
650 1570 858 1619 discipulos
888 1584 978 1608 suos
1011 1572 1190 1608 Christus
1221 1573 1349 1623 magis
1379 1581 1505 1609 autem

195 1641 263 1665 nos
295 1640 423 1664 omnes
450 1640 526 1677 per
558 1628 657 1672 illos,
692 1629 840 1665 dicens:
871 1629 1066 1665 Attendite
1097 1630 1263 1678 afalsis
1290 1631 1507 1680 prophetis,

138 1685 177 1718 25
194 1687 280 1735 quia
304 1698 447 1736 magna
472 1686 595 1722 virtus
617 1693 673 1722 est
702 1686 846 1722 homini
875 1699 1110 1737 cognoscere
1141 1689 1301 1735 malum,
1334 1689 1505 1739 etfirma

194 1744 314 1780 tutela
347 1744 485 1780 salutis
517 1751 573 1780 est
603 1744 704 1780 scire
733 1757 843 1793 quem
866 1745 1020 1795 fugias.

251 1801 412 1838 Heresis
450 1802 672 1851 periculosa
714 1803 867 1851 quidem
915 1815 977 1839 res
1021 1811 1077 1839 est
1119 1805 1189 1839 sed
1233 1804 1337 1840 utilis
1382 1804 1505 1839 valde.
1532 1810 1592 1839 Use
1613 1810 1783 1846 ot‘heresy.

195 1860 420 1896 Periculosa
465 1860 631 1908 quidem,
676 1860 762 1908 quia
806 1860 917 1896 multi
946 1861 1182 1897 seducuntur
1219 1874 1294 1911 per
1338 1874 1421 1897 eam
1474 1870 1509 1898 et

189 1925 374 1966 pereunt;
417 1918 521 1953 utilis
563 1925 703 1964 autem,
749 1918 835 1966 quia
873 1926 1112 1968 temptantur
1137 1919 1282 1969 fideles
1315 1932 1391 1969 per
1423 1932 1506 1956 eam

138 1976 179 2008 30
193 1982 228 2011 et
260 1976 306 2011 ab
339 1973 557 2025 infidelibus
587 1983 867 2025 segregantur.
908 1976 984 2020 Qui
1014 1984 1236 2013 murmurat
1267 1978 1312 2013 de
1329 1977 1506 2026 periculo

194 2033 473 2082 temptacionis,
512 2041 729 2068 murmuret
763 2034 809 2069 de
834 2034 987 2082 premio
1015 2035 1277 2083 probacionis.
1325 2036 1368 2071 In
1401 2036 1506 2071 nullo

193 2090 289 2126 enim
325 2091 484 2141 negocio
496 2099 626 2139 potest
659 2091 807 2140 requies
829 2092 994 2128 inveniri
1015 2093 1097 2138 nisi,
1123 2093 1360 2142 precesserit
1382 2093 1504 2129 labor.

199 2148 351 2192 Quanto
402 2149 531 2198 magis
582 2149 618 2184 in
656 2148 922 2198 spiritualibus
974 2150 1100 2196 rebus,
1154 2150 1227 2187 nisi
1271 2151 1507 2199 precesserit

195 2206 415 2255 temptacio,
448 2218 521 2242 non
548 2213 677 2256 potest
708 2218 790 2242 esse
815 2207 1034 2256 probacio?

137 2263 176 2296 35
249 2263 441 2299 Attendite
491 2276 512 2299 a
558 2264 682 2312 falsis
728 2265 942 2313 prophetis.
988 2266 1164 2301 Primum
1208 2265 1308 2302 scire
1354 2274 1507 2315 oportet

193 2321 277 2369 quia
329 2328 416 2357 sunt
459 2321 611 2357 omnino
646 2322 751 2370 salsi
792 2323 1004 2369 christiani,
1058 2336 1145 2358 nam
1194 2324 1302 2359 nulla
1347 2336 1410 2360 res
1452 2325 1507 2361 sic

189 2379 322 2427 perdit
349 2378 584 2415 christianos
614 2380 719 2415 viros
742 2380 870 2429 magis
891 2392 1004 2428 quam
1038 2381 1121 2428 hoc,
1155 2381 1243 2429 quia
1266 2393 1507 2430 quoscunque

193 2436 360 2472 viderint
403 2436 479 2473 dici
520 2437 753 2473 christianos
792 2438 901 2486 quasi
937 2438 1171 2475 christianos
1209 2451 1274 2475 eos
1312 2439 1504 2479 estimant,

193 2494 236 2528 Si
277 2494 373 2529 enim
419 2502 569 2531 constat
598 2495 687 2544 quia
717 2495 823 2543 falsi
857 2503 945 2532 sunt
982 2496 1196 2540 christiani,
1243 2505 1310 2533 aut
1348 2497 1413 2533 ille
1452 2505 1507 2534 est

133 2551 320 2600 40falsus
354 2552 587 2589 christianus
619 2560 685 2589 aut
716 2561 767 2590 tu.
802 2553 846 2589 Si
875 2566 948 2590 non
972 2561 1024 2601 tu,
1058 2554 1133 2590 ille.
1168 2554 1212 2590 Si
1231 2555 1308 2606 ille,
1341 2562 1381 2591 ut
1412 2556 1506 2605 quid

261 2749 287 2776 7.
308 2742 440 2776 Bzfieri
456 2743 571 2770 volunt.
647 2742 686 2778 13,
708 2753 750 2778 14.
770 2746 815 2772 A:
836 2745 984 2773 ieiunium
999 2761 1027 2764 —
1044 2746 1122 2773 ovile
1142 2745 1235 2773 deest.
1309 2755 1348 2781 17.
1362 2746 1401 2774 B:
1421 2747 1506 2774 Unde

192 2775 447 2847 ἒνέαηέεἰςῐξαῐνζὲῑὲ
472 2779 581 2840 19N3a:
601 2778 656 2805 sed
676 2779 771 2807 deest.
844 2787 890 2815 27,
905 2779 950 2807 28.
971 2781 1015 2808 A:
1036 2781 1156 2816 quidem
1168 2796 1202 2800 —
1216 2781 1395 2809 Periculosa
1411 2781 1503 2809 deest.
