2003 3322
174 214 254 261 430
874 216 991 251 opus
1017 214 1351 250 EVANGEmcUM
1575 199 1683 258 [cAp.
1706 208 1769 240 ιν.

466 328 663 366 exercitan
692 328 695 378 Ι
725 329 776 364 do
809 340 924 364 suum
959 326 1202 363 intellectum
1233 325 1366 373 quoad
1399 323 1557 370 Filium,
1592 331 1627 359 et
1650 322 1774 360 tercio
1810 316 1894 361 402'b

465 395 624 436 oportet
657 385 824 422 omnino
861 386 967 433 quod
1000 383 1175 420 finaliter
1199 391 1235 419 et
1257 383 1372 430 plene
1389 382 1612 419 conformet
1635 381 1774 418 volun-

465 455 587 482 tatem
612 457 723 481 suam
759 443 893 479 divino
918 441 1170 489 beneplacito
1193 441 1326 489 quoad
1351 439 1543 488 Spiritum
1569 441 1774 485 Sanctum,

469 516 515 539 eo
548 504 656 551 quod
690 501 870 537 Christus
904 500 1030 548 magis
1063 499 1232 536 attendit
1271 500 1320 535 ad
1354 500 1459 534 bona
1497 510 1620 546 opera
1653 509 1773 546 quam

467 563 516 597 ad
558 562 690 606 verba,
745 559 838 607 quia
873 560 976 594 Deus
1010 571 1090 594 non
1137 565 1193 593 est
1227 556 1424 592 Dominus
1458 556 1658 592 nudorum
1692 559 1808 591 ver-5

469 621 609 655 borum
644 619 711 654 sed
745 629 927 664 operum,
981 628 1071 652 cum
1108 615 1156 650 sit
1190 613 1412 650 realissima
1455 613 1600 649 veritas
1638 612 1678 648 in
1711 613 1777 648 ab—

469 685 631 713 stracto.

180 732 279 759 other
305 729 444 764 sophists
527 735 603 770 Sed
636 733 812 769 secundo
845 729 1012 780 quidam
1045 729 1351 778 sophisticantes
1384 728 1563 765 obiciunt
1596 726 1779 764 subtilius

215 770 314 827 trihtaci
335 765 419 826 iiieew
470 793 579 840 quod
615 799 777 839 oportet
810 802 971 826 omnem
1006 788 1203 825 dicentem
1235 787 1407 824 Domine
1439 785 1611 823 Domine
1651 786 1780 822 facere

178 834 343 862 command
365 838 394 860 to
416 833 455 860 do
566 849 572 854 -
964 847 970 852 .
1101 846 1108 852 .
1236 845 1243 851 .
1326 845 1333 851 .
1409 844 1415 850 .
1448 844 1454 850 .
1752 843 1758 849 .

180 871 229 897 the
249 869 310 896 will
332 868 367 895 of
384 868 453 895 (jod
470 859 512 886 ut
544 862 599 886 stc
631 849 877 885 voluntatem
902 849 973 883 Dei
1006 855 1144 895 patr1s,
1178 858 1272 894 qma
1304 858 1335 881 s1
1369 846 1476 882 el1cit
1498 852 1630 881 actum
1663 856 1837 880 men-10

190 907 216 932 Β
238 904 445 939 superfluous
471 908 618 944 torium
654 915 691 943 et
723 914 949 954 perseverat
981 904 1021 941 in
1055 913 1145 941 actu
1169 903 1396 940 huiusmodi
1430 915 1557 951 usque
1589 903 1639 939 ad
1675 914 1780 938 mor-

469 975 564 1011 tem,
598 974 692 1001 tunc
725 963 820 1001 facit
850 964 1096 1000 voluntatem
1115 961 1186 998 Dei
1211 961 1345 1009 patris.
1381 960 1421 997 Si
1445 969 1578 997 autem
1613 959 1782 1008 quiescit

470 1024 511 1059 in
536 1023 643 1059 dicto
677 1021 834 1059 binario
867 1030 904 1057 et
927 1034 1008 1057 non
1040 1033 1164 1069 usque
1197 1021 1246 1056 ad
1280 1028 1449 1056 mortem
1484 1026 1710 1067 perseverat
1742 1017 1782 1053 in

471 1081 619 1130 gracia,
652 1089 748 1117 tunc
781 1089 838 1116 est
870 1078 1014 1115 veritas
1047 1079 1156 1127 quod
1189 1077 1245 1114 sic
1276 1076 1371 1114 facit
1392 1085 1429 1113 et
1451 1089 1522 1125 per
1536 1087 1782 1124 consequens

470 1148 556 1176 tota
593 1138 769 1175 Trinitas
801 1138 884 1174 vult
916 1136 1145 1173 huiusmodi
1177 1135 1399 1181 veritatem,
1439 1143 1476 1171 et
1508 1134 1563 1171 sic
1595 1133 1674 1171 sive
1706 1134 1838 1170 hoc15

472 1197 592 1234 faciat
625 1196 704 1232 sive
736 1195 910 1240 omittat,
956 1207 1046 1231 cum
1081 1202 1239 1242 oportet
1284 1194 1392 1241 quod
1423 1191 1543 1229 faciat
1573 1191 1781 1229 veritatem

473 1268 593 1304 quam
648 1263 808 1302 oportet
862 1265 944 1290 esse
996 1253 1240 1289 voluntatem
1277 1251 1419 1297 Patris,
1471 1250 1628 1287 videtur
1673 1250 1783 1298 quod

473 1321 634 1361 oportet
680 1324 841 1349 omnem
889 1311 1065 1347 viantem
1110 1310 1354 1347 voluntatem
1390 1308 1520 1345 facere
1551 1306 1785 1355 Trinitatis3

474 1372 524 1408 ad
556 1370 653 1419 quid
701 1382 794 1418 ergo
828 1370 993 1406 adderet
1026 1367 1207 1404 Christus
1252 1367 1351 1403 illud
1383 1366 1551 1403 tercium
1585 1366 1693 1414 quod
1726 1364 1784 1402 in-

475 1427 713 1466 evitabiliter
746 1427 1007 1476 consequitur
1039 1427 1089 1463 ad
1122 1425 1287 1474 priora?
1801 1438 1843 1459 20

185 1494 278 1522 Some
308 1494 361 1521 ask
389 1493 461 1528 why
534 1489 583 1523 Et
615 1486 679 1522 hic
712 1492 1012 1522 remurmurant
1034 1483 1198 1533 quidam
1223 1491 1363 1520 contra
1396 1481 1494 1518 illud
1517 1482 1625 1530 quod
1647 1480 1785 1517 dicunt

185 1528 463 1600 Ἑξᾎῑὸῗὲῗῇυᾎῗῃέἒ
478 1544 544 1581 alii
577 1545 735 1593 placere
769 1546 853 1580 Deo
887 1543 994 1592 quod
1027 1543 1149 1578 homo
1182 1550 1332 1590 peccet,
1366 1552 1502 1588 ymmo
1536 1540 1645 1588 quod
1677 1540 1783 1575 Deus

198 1598 396 1661 necesgict'gtes
417 1637 449 1660 to
476 1602 637 1639 ordinat
670 1611 707 1638 et
738 1600 952 1638 necessitat
983 1609 1026 1637 ut
1057 1600 1113 1636 sic
1145 1607 1296 1648 peccet.
1348 1600 1450 1635 Nam
1498 1606 1594 1634 tunc
1626 1596 1783 1634 videtur

292 1668 349 1696 sin.
477 1662 585 1710 quod
617 1669 659 1697 ut
702 1661 823 1696 homo
868 1667 1010 1707 peccat
1054 1657 1147 1695 facit
1190 1658 1437 1694 voluntatem
1472 1655 1543 1692 Dei
1575 1664 1783 1704 tamquam

476 1731 612 1756 servus
645 1718 785 1765 fidelis,
820 1717 914 1766 quia
957 1729 1057 1764 opus
1101 1717 1251 1752 bonum
1298 1715 1406 1763 quod
1439 1712 1698 1768 consequitur
1736 1713 1786 1749 ad
1803 1717 1842 1748 25

477 1785 706 1825 peccatum3
742 1784 778 1812 et
809 1775 864 1812 sic
886 1774 1043 1810 videtur
1059 1773 1242 1810 mirabile
1265 1774 1374 1821 quod
1390 1771 1571 1809 Christus
1594 1772 1787 1819 dampnet

477 1834 681 1871 hominem
716 1833 870 1881 precise
909 1841 1075 1880 propter
1107 1832 1182 1868 hoc
1205 1832 1311 1879 quod
1342 1831 1464 1866 homo
1497 1828 1591 1866 facit
1623 1828 1787 1865 ecclesie

477 1892 691 1929 utilitatem
727 1900 763 1928 et
796 1890 868 1927 Dei
899 1891 1145 1927 voluntatem
1181 1891 1232 1925 ad
1265 1901 1385 1937 quam
1420 1890 1526 1923 Deus
1558 1886 1785 1924 necessitat.

479 1951 695 1995 Quomodo
740 1949 860 1997 igitur
904 1947 1001 1985 dicit
1046 1948 1246 1984 Mattheus
1291 1947 1400 1995 quod
1446 1945 1539 1982 talis
1584 1946 1705 1982 homo
1738 1944 1788 1981 sit

478 2010 598 2045 arbor
632 2008 737 2044 mala
771 2019 846 2055 que
878 2006 1053 2043 fructum
1078 2007 1225 2042 bonum
1259 2017 1339 2041 non
1371 2012 1502 2052 potest
1525 2003 1668 2050 facere,
1693 2002 1787 2051 quia
1805 2007 1846 2038 30

479 2066 594 2102 aliter
625 2078 707 2102 non
740 2073 872 2113 potest
904 2065 1034 2101 facere
1078 2076 1198 2112 quam
1234 2062 1328 2099 facit
1361 2063 1411 2098 ad
1445 2062 1551 2109 quod
1585 2063 1690 2097 Deus
1723 2072 1788 2096 ne-

480 2123 663 2160 cessitat?
717 2124 933 2168 Quomodo
968 2135 1062 2169 ergo
1106 2129 1270 2169 propter
1313 2120 1390 2156 tale
1434 2118 1645 2155 servicium
1679 2119 1787 2167 quod

479 2181 715 2229 simpliciter
746 2181 970 2217 conformat
993 2179 1064 2216 Dei
1096 2178 1292 2216 voluntati
1325 2177 1527 2214 excidetur
1558 2176 1647 2213 talis
1670 2177 1790 2213 arbor

481 2249 517 2275 et
550 2239 590 2275 in
622 2239 754 2286 ignem
782 2238 984 2274 mittetur?
1016 2237 1222 2285 Numquid
1247 2245 1303 2272 est
1327 2235 1554 2283 graciosum
1588 2234 1787 2282 premium

479 2297 596 2333 huius
629 2296 782 2333 domini
822 2296 877 2332 sic
923 2297 1143 2343 dampnare
1175 2307 1332 2331 servum
1367 2306 1482 2329 suum
1516 2301 1682 2340 propter
1714 2293 1789 2328 hoc
1806 2295 1844 2328 35

480 2356 587 2403 quod
621 2355 797 2402 complet
837 2354 1007 2390 fideliter
1051 2353 1109 2389 sui
1143 2351 1297 2389 domini
1342 2350 1617 2388 voluntatem?
1669 2350 1788 2386 Tales

481 2422 572 2449 sunt
621 2413 743 2448 multe
787 2412 960 2448 literales
1005 2411 1204 2447 instancie
1249 2418 1389 2446 contra
1422 2409 1510 2445 illos
1543 2408 1611 2456 qui
1651 2407 1789 2444 dicunt

481 2472 587 2519 quod
634 2483 752 2507 omne
796 2479 1003 2518 peccatum
1053 2477 1109 2505 est
1143 2471 1226 2505 Deo
1271 2467 1565 2515 beneplacitum
1612 2475 1649 2503 et
1681 2466 1790 2514 quod

482 2531 586 2565 Deus
618 2528 830 2565 necessitat
863 2529 912 2564 ad
945 2539 1064 2563 omne
1088 2539 1188 2574 opus
1211 2525 1439 2574 positivum,
1470 2525 1595 2560 immo
1618 2525 1668 2561 ad
1700 2535 1791 2572 pec-

483 2595 616 2623 catum
651 2585 861 2634 quodlibet
894 2585 1136 2624 faciendum.
1803 2593 1849 2624 40

552 2740 576 2759 2.
602 2732 638 2758 B:
660 2731 784 2758 omnino
806 2731 898 2758 deest.
984 2730 1011 2758 8.
1032 2731 1059 2757 A
1082 2730 1110 2757 in
1134 2737 1248 2763 marg:
1282 2735 1307 2755 2.
1342 2728 1433 2764 Quod
1453 2728 1535 2755 Deus
1556 2730 1600 2754 est
1619 2726 1792 2754 realissima

483 2769 598 2794 vernas
630 2767 659 2793 in
689 2767 847 2793 abstracto
878 2769 907 2792 et
935 2766 1006 2792 ideo
1039 2773 1099 2791 non
1130 2767 1175 2791 est
1198 2764 1338 2791 dominus
1368 2764 1520 2790 nudorum
1550 2762 1711 2790 verborum
1740 2760 1795 2787 sed

483 2810 619 2836 operum.
714 2800 750 2828 13.
771 2802 815 2827 A:
838 2801 868 2827 in
890 2801 970 2826 dicto
992 2800 1086 2827 deest.
1159 2798 1201 2826 23.
1224 2800 1251 2825 A
1272 2799 1300 2825 in
1325 2806 1439 2833 marg:
1469 2797 1622 2825 Obieccio.
1696 2795 1741 2830 34.
1765 2797 1792 2822 A

485 2837 512 2863 iu
536 2844 648 2869 marga
671 2836 847 2868 Responsio.
