2003 3322
185 222 262 270 348

887 234 1004 266 opus
1030 234 1366 266 EVANGELICUM
1523 221 1628 275 [cxv.
1653 232 1791 260 xxvm.

472 341 547 378 sibi
587 342 721 380 locum
761 353 797 381 et
838 353 996 393 gentem
1037 354 1079 382 ut
1115 346 1272 383 lucrum
1322 348 1544 395 temporale
1589 346 1791 395 copiosius

471 401 544 439 sibi
580 403 806 451 acquirant,
841 404 929 453 quis
962 405 1119 442 dubitat
1153 405 1249 454 quin
1281 414 1491 454 tamquam
1516 406 1681 444 heretici
1713 406 1792 444 sint

470 462 669 509 perversi?
714 463 831 499 Tales
876 463 981 500 enim
1027 473 1171 511 negato
1210 464 1287 501 illis
1325 465 1540 513 temporali
1584 466 1697 502 lucro
1742 467 1790 502 ab

471 521 820 568 evangelizacione
865 534 905 558 se
949 523 1192 559 subtrahunt
1237 531 1274 559 et
1313 523 1516 560 arridente
1554 523 1630 560 illis
1675 523 1791 572 copia

469 579 704 626 temporalis
749 580 953 616 commodi
999 582 1049 616 ad
1095 581 1454 628 evangelizandum
1508 581 1562 617 illi
1615 582 1705 618 loco
1757 572 1825 618 et5

470 637 622 684 populo
656 646 862 685 gratanter
894 650 934 674 se
966 638 1154 675 offerunt.
1200 640 1243 675 In
1282 639 1393 676 cuius
1433 639 1789 676 confirmacionem

471 694 634 731 racione
678 695 1036 744 evangelizacionis
1081 696 1216 733 statim
1261 698 1321 733 vel
1363 698 1485 745 paulo
1523 706 1614 746 post
1660 698 1792 745 predi-

181 751 248 778 Men
269 750 381 778 ⁵¹³0U¹d
406 754 458 777 not
474 752 677 789 cacionem
697 754 942 799 mendicant,
967 755 1072 802 quod
1099 763 1154 791 est
1177 755 1336 803 signum
1361 756 1520 792 evidens
1550 755 1791 792 intencionis

231 793 404 819 encourage

200 820 282 847 them
304 820 333 847 in
353 819 432 847 their

250 855 391 890 begging.

186 1446 233 1473 ΑΗ
256 1446 325 1473 who
348 1446 387 1473 do
408 1455 442 1474 so

223 1482 313 1508 share
333 1481 412 1509 their

274 1516 358 1551 guilt.

187 2256 255 2284 The
276 2258 437 2293 collecting

221 2293 255 2319 of
272 2292 362 2319 friars
384 2294 412 2320 in

203 2332 349 2354 convents
370 2328 395 2354 is
416 2337 431 2354 a

204 2370 295 2389 cause
315 2362 349 2389 of
367 2363 424 2390 sin.

472 823 674 858 perverse3
714 813 820 848 unde
858 812 1103 849 sentenciam
1144 812 1260 849 istam
1296 815 1442 849 debent
1477 814 1614 850 fideles
1646 826 1792 862 cogno-

472 881 581 905 scere
620 878 657 906 et
695 878 861 918 propter
901 872 1050 906 bonum
1093 871 1303 919 utriusque
1343 871 1468 919 partis
1508 884 1530 908 a
1570 871 1639 908 tali
1679 871 1850 908 fetri-10

471 927 642 964 bucione
674 927 999 965 mendicancium
1033 942 1074 965 se
1107 929 1302 966 catholice
1335 930 1549 975 abstinere,
1582 942 1674 966 nam
1709 939 1790 966 tam

470 986 721 1022 conferentes
768 999 888 1034 quam
936 987 1210 1024 mendicantes
1255 987 1295 1023 in
1339 987 1408 1024 tali
1454 987 1792 1036 sophisticacione

469 1043 689 1080 elemosine
743 1044 933 1081 edificant
986 1046 1036 1081 ad
1091 1046 1329 1093 gehennam⁷
1383 1045 1477 1093 quia
1534 1045 1790 1082 manifestum

468 1100 627 1137 videtur
658 1103 767 1151 quod
791 1112 947 1151 ponunt
980 1103 1155 1139 heretice
1188 1104 1307 1140 finem
1339 1116 1407 1140 sue
1432 1103 1790 1151 evangelizacionis

469 1161 730 1196 commodum
764 1161 999 1209 temporale.
1036 1162 1084 1198 Et
1115 1161 1182 1198 illa
1216 1170 1273 1198 est
1296 1161 1424 1209 turpis
1449 1161 1647 1198 mercacio
1670 1161 1791 1198 simo·
1811 1152 1848 1184 15

469 1217 585 1254 niaca
619 1231 709 1255 cum
744 1219 1091 1266 evangelizacione
1122 1232 1198 1268 que
1231 1219 1359 1256 inficit
1393 1221 1531 1256 ambas
1566 1228 1713 1269 partes,
1748 1228 1791 1255 ut

469 1274 500 1311 si
523 1275 579 1312 vis
607 1276 741 1313 videre
774 1290 955 1314 securam
992 1276 1239 1314 evidenciam
1273 1278 1391 1314 huius
1414 1277 1484 1324 rei,
1510 1278 1700 1314 subtrahe
1724 1286 1792 1313 aut

470 1346 571 1381 auge
595 1335 836 1382 temporalia
860 1348 933 1383 pro
967 1335 1042 1371 isto
1076 1335 1223 1379 officio,
1258 1344 1295 1372 et
1328 1335 1479 1372 videbis
1503 1335 1791 1383 proporciona-

469 1391 558 1428 liter
597 1394 705 1440 quod
745 1393 887 1429 fratres
925 1393 965 1429 in
1002 1393 1077 1429 isto
1122 1393 1257 1430 officio
1297 1393 1654 1442 evangelizacionis
1701 1394 1791 1429 sub-

470 1451 634 1487 trahunt
671 1452 731 1487 vel
771 1453 983 1499 adaugent.
1039 1453 1094 1487 Ex
1138 1464 1218 1500 quo
1263 1460 1372 1499 patet
1416 1451 1644 1488 evidencius
1683 1452 1791 1500 quod
1808 1451 1850 1473 ²⁰

472 1507 591 1544 finem
638 1522 707 1545 sue
752 1509 1112 1557 evangelizacionis
1156 1518 1313 1558 ponunt
1352 1509 1391 1545 in
1431 1511 1648 1546 commodo
1691 1518 1792 1545 tem-

469 1566 610 1614 porali,
636 1568 729 1615 quia
752 1569 972 1604 secundum
997 1568 1102 1604 hunc
1124 1580 1284 1604 sensum
1309 1567 1492 1616 Apostoli
1516 1576 1553 1604 et
1577 1567 1789 1615 Augustini

469 1633 525 1660 est
547 1624 701 1661 facinus
736 1625 1007 1669 manifestum,
1034 1634 1070 1661 et
1101 1638 1191 1662 cum
1216 1627 1438 1662 secundum
1464 1625 1583 1662 fidem
1607 1625 1790 1673 Apostoli

467 1695 547 1718 non
581 1684 710 1719 solum
746 1683 813 1732 qui
846 1683 942 1720 talia
965 1692 1088 1731 agunt
1111 1685 1178 1720 sed
1202 1683 1270 1732 qui
1294 1683 1556 1720 consenciunt
1579 1683 1789 1731 agentibus

467 1740 680 1777 incurrunt
709 1741 1017 1789 dampnacionis
1040 1741 1280 1789 periculum,
1314 1750 1424 1789 patet
1447 1743 1556 1789 quod
1581 1741 1789 1777 audientes
1807 1730 1846 1775 25

468 1799 861 1847 evangelizacionem
896 1799 1128 1835 huiusmodi
1168 1813 1190 1835 a
1228 1799 1299 1836 tali
1339 1799 1560 1835 collacione
1600 1812 1641 1835 se
1681 1799 1789 1847 ipsos

469 1866 634 1904 propter
681 1857 907 1905 periculum
954 1857 1215 1894 abstinerent.
1270 1859 1318 1893 Et
1358 1857 1388 1893 si
1429 1857 1570 1893 fratres
1615 1858 1789 1904 allegant

468 1916 577 1962 quod
616 1916 764 1952 habent
806 1916 953 1952 multos
999 1915 1221 1952 confratres
1261 1915 1372 1951 domi
1411 1916 1524 1951 valde
1563 1915 1787 1961 famelicos,

469 1982 657 2010 notarent
690 1974 945 2022 Apostolum,
987 1974 1194 2021 quomodo
1229 1973 1325 2009 dicit
1358 1974 1467 2021 quod
1502 1972 1643 2009 melius
1688 1982 1789 2010 esset

467 2030 541 2067 sibi
576 2031 678 2068 mori
712 2045 834 2080 quam
869 2031 925 2067 sic
958 2033 1126 2079 perdere
1160 2030 1329 2079 gloriam
1371 2044 1485 2067 suam
1526 2040 1691 2079 propter
1731 2030 1788 2067 in-

468 2089 696 2126 tencionem
737 2102 982 2137 perversam.
1031 2092 1079 2125 Et
1121 2090 1341 2126 concordat
1382 2089 1497 2125 fidele
1543 2088 1787 2137 principium

469 2149 577 2195 quod
621 2161 740 2184 nemo
785 2147 1059 2185 committeret
1102 2156 1315 2195 peccatum
1363 2146 1576 2183 minimum
1622 2156 1789 2195 propter

470 2205 636 2253 aliquod
670 2207 819 2242 bonum
856 2204 1009 2241 mundi.

529 2265 577 2298 Et
617 2275 660 2299 ex
701 2263 786 2300 istis
826 2272 996 2311 possunt
1035 2264 1179 2299 fratres
1219 2262 1456 2299 convincere
1496 2263 1603 2310 quod
1648 2262 1789 2310 globus
1832 2309 1843 2318 Γ

470 2321 638 2357 fratrum
663 2321 803 2358 talium
830 2321 914 2358 sine
938 2334 1071 2366 causa,
1103 2321 1205 2357 sicut
1228 2334 1308 2357 non
1332 2321 1480 2356 habent
1505 2319 1787 2356 fundacionem
1807 2310 1846 2342 3³

471 2391 491 2415 a
511 2379 686 2416 Domino
706 2381 774 2416 sed
790 2379 872 2416 eius
891 2379 1136 2427 oppositum,
1167 2377 1171 2428 f
1201 2379 1323 2415 trahit
1347 2379 1488 2415 fratres
1511 2379 1561 2414 ad
1578 2386 1787 2426 peccatum
1836 2368 1917 2410 392²

470 2449 639 2485 sequens
686 2450 890 2485 magnum.
937 2436 1101 2474 Utinam
1147 2449 1229 2473 non
1277 2438 1396 2473 ducat
1440 2436 1548 2483 ipsos
1594 2448 1708 2472 cecos
1754 2443 1790 2471 et

470 2495 686 2542 precipites
733 2497 783 2531 ad
835 2495 1050 2531 infernum.
1111 2495 1159 2530 Et
1204 2506 1247 2530 ex
1292 2494 1367 2530 isto
1414 2502 1601 2530 notarent
1654 2493 1790 2529 fideles

470 2552 636 2589 ulterius
671 2555 779 2601 quod
813 2553 844 2589 si
879 2552 1175 2601 evangelizacio
1209 2564 1284 2599 que
1325 2560 1382 2588 est
1415 2553 1520 2588 bona
1560 2552 1607 2587 de
1645 2562 1790 2599 genere

470 2610 519 2646 sit
552 2619 719 2658 propter
752 2623 980 2658 perversam
1015 2610 1288 2646 intencionem
1324 2609 1562 2646 altrinsecus
1595 2617 1677 2645 tam
1702 2621 1788 2656 per-
1803 2608 1848 2639 40

469 2681 583 2704 versa
618 2682 738 2716 quam
781 2668 1050 2716 dampnabilis
1089 2669 1190 2704 foret
1230 2667 1385 2704 iocacio
1431 2666 1601 2714 ripinica
1645 2666 1789 2702 ludicri

536 2810 580 2828 20.
603 2803 646 2829 A:
669 2805 697 2828 et
716 2802 888 2837 adaugent.
998 2808 1042 2828 22.
1065 2800 1103 2826 ss:
1127 2800 1209 2835 quod
1228 2800 1414 2831 secundum;
1444 2800 1484 2827 ib.
1514 2800 1557 2826 A:
1587 2799 1786 2834 Augustinus.

466 2835 506 2862 552.
531 2838 572 2863 A:
593 2839 754 2871 peccatam
774 2837 822 2862 vel
839 2835 1006 2862 minimum.
1088 2833 1131 2869 37.
1154 2836 1199 2862 A:
1221 2835 1305 2869 ipsos
1324 2842 1422 2862 secos.
1518 2842 1561 2867 41.
1584 2833 1621 2860 E:
1645 2833 1786 2861 rithmica

466 2871 591 2898 ludicri.
616 2870 661 2898 Cf.
684 2871 717 2897 E.
740 2870 790 2898 W.
813 2871 847 2897 of
864 2870 916 2898 W.
939 2869 999 2897 532.
