2003 3322
173 231 256 266 424
883 228 1000 259 opus
1026 227 1360 259 EVANGELICUM
1537 215 1645 269 [CAP.
1667 225 1769 253 κως.

463 335 666 372 deviantes
703 347 785 371 non
817 336 966 371 habent
1003 335 1129 382 legem
1164 333 1326 370 Domini
1365 335 1437 369 sub
1476 347 1555 382 qua
1587 333 1774 384 militant,

174 391 448 453 secghieafffilzsthe
462 403 505 430 ut
539 393 725 430 continue
758 392 799 428 in
830 405 902 428 suo
934 391 1134 440 spirituali
1167 391 1309 427 itinere
1342 391 1420 427 sint
1443 391 1573 429 artati.
1606 393 1655 427 Et
1677 392 1776 428 tales

191 468 312 488 nan-ow
345 469 423 497 way.
464 460 555 488 sunt
600 450 715 487 multi
759 450 827 499 qui
866 452 1054 486 deserunt
1086 449 1190 486 viam
1226 448 1387 485 Domini
1426 458 1463 486 et
1502 458 1664 497 captant
1702 450 1776 487 sibi

464 508 764 546 infundabssiter
787 521 911 545 novas
934 509 1054 555 leges,
1084 516 1127 543 ut
1149 508 1221 543 hee
1244 516 1348 543 secte
1363 516 1536 555 quatuor
1559 516 1596 543 et
1620 507 1686 544 alii
1709 507 1776 556 qui

463 581 485 604 a
518 567 581 604 via
610 565 772 603 Domini
802 567 1034 611 elabuntur3
1069 574 1106 601 et
1136 565 1167 601 si
1196 565 1237 601 in
1261 565 1459 613 principio
1489 565 1808 602 christianismiS

462 627 542 662 lata
596 624 669 661 fuit
718 624 794 661 ista
843 623 905 660 via
963 623 1112 660 diaboli
1164 632 1200 659 et
1246 623 1359 659 multi
1416 623 1661 660 transierunt
1707 636 1777 672 per

461 684 586 728 illam,
633 691 785 731 quanto
831 681 956 729 magis
1014 694 1135 727 nunc,
1185 682 1346 729 quando
1389 681 1453 717 via
1498 681 1778 718 nominetenus

464 740 775 778 christianorum
820 739 1065 787 dispergitur
1108 748 1145 775 et
1191 739 1307 775 multi
1354 738 1627 787 relinquentes
1671 740 1777 776 viam

463 799 560 847 legis
594 797 759 834 Domini
791 798 999 834 ambulant
1031 797 1113 833 vias
1147 809 1251 833 suas,
1284 796 1488 844 Ypocrisis
1522 806 1656 833 autem
1690 798 1779 834 loco

462 857 558 905 legis
592 856 739 892 Christi
787 855 956 892 astantis
1003 854 1253 892 christicolas
1298 854 1440 891 dilatat
1479 855 1581 891 filios
1629 855 1837 892 diaboli10

463 916 598 964 quoad
622 915 771 951 famam
796 913 951 960 mundi,
976 913 1069 961 quia
1094 915 1280 949 deserunt
1305 913 1429 963 legem
1459 912 1607 949 Christi
1628 914 1779 950 doctam

463 974 499 1009 in
531 985 708 1009 sermone
744 984 814 1008 suo
847 972 882 1007 in
915 973 1049 1007 Monte
1088 980 1125 1007 et
1158 970 1309 1018 eligunt
1341 983 1486 1007 novam
1518 971 1644 1019 viam3
1689 971 1780 1008 ideo

463 1031 494 1068 si
527 1043 597 1079 per
635 1029 884 1078 impossibile
924 1029 1139 1065 morientes
1173 1028 1301 1064 redire
1340 1037 1528 1076 poterunt
1561 1031 1610 1065 ad
1643 1038 1779 1065 votum

201 1085 423 1148 cffifflergffiffn
463 1088 607 1125 viantis
654 1097 690 1125 et
735 1087 867 1124 dicere
914 1087 1131 1124 terminum
1179 1099 1297 1134 quem
1345 1086 1559 1134 attingunt,
1613 1088 1781 1124 clareret

191 1161 221 1182 to
242 1156 291 1182 tell
312 1164 359 1189 us,
387 1163 432 1182 we
465 1147 670 1195 quomodo
711 1146 825 1182 multi
878 1154 1088 1181 transeunt
1130 1157 1200 1193 per
1238 1144 1445 1181 diabolum
1492 1146 1542 1181 ad
1580 1144 1836 1181 infernum15

175 1190 450 1261 ligiisohlignJffirJVQ
465 1214 502 1241 et
534 1204 653 1253 pauci
684 1213 893 1240 transeunt
925 1216 996 1251 per
1029 1202 1232 1239 Christum
1267 1204 1316 1239 ad
1349 1202 1536 1250 patriam.
1571 1204 1648 1239 Sed
1681 1203 1781 1239 anti-

201 1268 280 1294 gone
300 1265 330 1287 to
352 1260 420 1287 hell.
465 1276 588 1312 quum
631 1262 888 1299 mendacium
929 1270 986 1298 est
1025 1261 1270 1310 principium
1304 1260 1522 1297 seducendi
1556 1274 1636 1309 quo
1670 1261 1781 1297 Anti-

465 1321 636 1357 christus
682 1320 795 1368 fingit
840 1320 948 1368 quod
994 1331 1256 1367 quoscunque
1300 1318 1385 1366 ipse
1430 1319 1645 1356 absolverit
1692 1328 1783 1356 sunt

463 1379 568 1415 beati
612 1387 663 1425 et,
702 1378 804 1415 sicut
841 1378 937 1414 false
970 1378 1053 1425 ipse
1093 1377 1218 1425 fingit,
1276 1377 1343 1424 qui
1387 1376 1518 1424 ipsum
1562 1386 1784 1426 sequuntur

464 1446 500 1473 et
535 1436 737 1473 Christum
780 1438 982 1479 deserunt,
1024 1437 1225 1472 ducuntur
1265 1436 1315 1471 ad
1354 1434 1541 1482 patriam.
1588 1436 1636 1471 Et
1675 1435 1782 1483 prin-
1799 1447 1840 1467 20

464 1495 613 1543 cipium
669 1494 782 1531 istius
837 1493 1038 1530 mendacii
1093 1502 1149 1529 est
1200 1494 1309 1541 quod
1353 1492 1437 1542 ipse
1481 1492 1615 1529 vivens
1659 1493 1780 1529 vitam

464 1553 622 1589 Christo
682 1551 925 1589 contrariam
993 1552 1141 1588 directe
1200 1550 1381 1599 graditur
1445 1550 1628 1587 semitam
1692 1553 1781 1587 Jesu

464 1611 624 1647 Christi.
661 1612 793 1647 Causa
826 1619 959 1646 autem
994 1609 1203 1657 patencior
1234 1608 1352 1645 huius
1385 1608 1691 1656 dampnacionis
1725 1619 1782 1646 est

464 1670 572 1717 quod
605 1668 749 1717 prelati
789 1668 939 1705 cesarei
973 1667 1041 1716 qui
1081 1676 1172 1704 suut
1206 1667 1247 1702 in
1278 1666 1358 1703 vita
1392 1666 1540 1702 Christi
1575 1667 1779 1713 contrarii,

464 1728 617 1763 ducunt
662 1727 857 1775 populum
905 1725 945 1761 in
984 1725 1088 1762 viam
1131 1738 1265 1770 suam3
1311 1734 1347 1761 et
1387 1738 1477 1761 cum
1517 1737 1629 1761 error
1669 1725 1780 1762 ducis
1798 1726 1837 1757 25

462 1784 558 1821 facit
591 1784 788 1821 maiorem
823 1797 1000 1820 errorem
1037 1784 1076 1819 in
1110 1795 1302 1831 processu
1325 1782 1493 1829 itineris,
1526 1796 1607 1819 non
1632 1783 1779 1819 mirum

463 1842 494 1878 si
528 1842 643 1878 multi
677 1851 887 1879 transeunt
920 1854 990 1890 per
1023 1841 1127 1878 viam
1163 1840 1313 1877 diaboli
1348 1843 1396 1877 ad
1431 1840 1643 1877 infernum.

945 1987 1084 2029 CAP.
1118 1988 1300 2029 XLIX.

232 2092 388 2126 Warning
522 2085 714 2133 Sequitur
753 2085 793 2121 in
836 2092 943 2121 textu
989 2083 1202 2131 evangelii:
1249 2083 1441 2119 Attendite
1477 2097 1498 2119 a
1528 2084 1652 2132 falsis
1683 2097 1779 2133 pro-

205 2127 325 2162 against
344 2126 419 2154 false
563 2144 569 2150 .
674 2144 680 2149 .
787 2143 793 2150 .
1065 2143 1071 2149 .
1216 2142 1222 2148 .
1335 2142 1341 2148 .
1437 2142 1443 2148 .
1561 2142 1567 2148 .
1642 2142 1648 2148 .

229 2162 387 2197 prophets.
458 2144 587 2193 plzetzs
616 2156 676 2192 quz
707 2150 858 2179 veniunt
888 2143 940 2178 ad
969 2154 1036 2178 vos
1058 2155 1093 2177 m
1126 2149 1358 2177 vestimentls
1381 2154 1519 2189 omum,
1554 2149 1782 2179 intrinsecus
1797 2145 1839 2177 30

465 2209 591 2237 autem
642 2209 731 2237 sunt
778 2201 858 2250 lupi
904 2212 1078 2249 rapaces.
1123 2200 1157 2235 A
1189 2200 1391 2248 fructibus
1435 2212 1567 2236 eorum
1615 2212 1780 2250 cognos-

465 2267 558 2296 cetis
590 2271 666 2296 eos.

206 2323 268 2352 Chr
292 2327 426 2370 sostom:
524 2319 653 2365 Super
685 2329 765 2364 quo
797 2315 1064 2364 Augustinus:
1111 2315 1181 2351 Isti
1210 2328 1283 2352 non
1305 2315 1460 2364 fallunt
1498 2316 1650 2351 oculum
1689 2316 1779 2351 sim-

217 2359 405 2427 clgtlffiiigsis
461 2376 615 2425 plicem,
648 2375 713 2423 qui
743 2375 923 2410 arborem
959 2374 1158 2409 dinoscere
1191 2373 1294 2409 novit
1327 2385 1378 2408 ex
1398 2373 1612 2421 fructibus.

224 2428 403 2464 hypocrisy.
525 2432 795 2469 Crisostomus
838 2441 971 2468 autem
1018 2444 1137 2479 super
1181 2431 1259 2467 isto
1314 2439 1422 2466 textu
1474 2430 1529 2467 sic
1580 2429 1836 2479 loquitur235

466 2491 596 2540 Supra
650 2491 839 2526 mandans
888 2489 1076 2539 apostolis
1125 2489 1204 2525 suis
1255 2489 1383 2525 dicens
1434 2501 1479 2524 ne
1534 2489 1781 2539 elemosynas

537 2624 562 2652 5.
588 2619 633 2652 A':
665 2624 923 2651 christianissimi.
1032 2623 1060 2650 6.
1090 2625 1135 2650 A:
1165 2624 1228 2650 lata
1254 2626 1332 2650 sunt.
1441 2621 1479 2650 13.
1508 2622 1613 2650 Codd:
1634 2622 1663 2649 si
1680 2622 1781 2649 deest:

468 2667 514 2692 24.
540 2659 578 2686 B:
600 2659 631 2685 in
651 2659 710 2686 via.
801 2658 844 2686 25.
866 2659 910 2686 A:
932 2659 1058 2685 ducant.
1166 2666 1213 2691 29.
1235 2659 1263 2685 A
1283 2658 1312 2685 in
1336 2665 1446 2693 marga
1471 2656 1529 2691 46.
1636 2655 1679 2684 33.
1700 2657 1729 2683 A
1748 2657 1779 2683 in

469 2701 583 2728 marg.:
603 2694 805 2729 Augustinus.
878 2692 918 2721 35.
938 2693 1010 2721 Ain
1027 2700 1141 2728 marg.:
1161 2692 1376 2720 Crisostomus.
1442 2691 1488 2720 36.
1505 2692 1543 2719 B:
1564 2692 1667 2719 dicens
1687 2691 1779 2718 deest.

470 2736 511 2763 19.
542 2730 588 2755 A:
620 2729 687 2764 ipse
712 2729 807 2755 deest.

541 2809 592 2842 29.
621 2799 738 2830 Matth.
766 2800 836 2836 VII,
876 2798 922 2830 15,
1045 2799 1096 2831 33.
1131 2799 1181 2830 De
1212 2808 1374 2829 sermone
1409 2798 1547 2829 Domini
1582 2798 1614 2828 in
1648 2804 1778 2837 monte,

471 2846 491 2876 1.
519 2856 545 2877 c.
574 2856 605 2887 p.
635 2847 710 2879 232.
833 2845 884 2878 35
913 2846 979 2886 Op.
1008 2845 1103 2886 imp„
1131 2845 1151 2875 l.
1179 2855 1206 2875 c.
1234 2855 1265 2886 p.
1293 2843 1369 2886 827.
