<?xml version="1.0" encoding="UTF-8"?>
<!DOCTYPE html PUBLIC "-//W3C//DTD XHTML 1.0 Transitional//EN"
    "http://www.w3.org/TR/xhtml1/DTD/xhtml1-transitional.dtd">
<html xmlns="http://www.w3.org/1999/xhtml" xml:lang="en" lang="en">
 <head>
  <title>
</title>
<meta http-equiv="Content-Type" content="text/html;charset=utf-8" />
  <meta name='ocr-system' content='tesseract 3.04.00' />
  <meta name='ocr-capabilities' content='ocr_page ocr_carea ocr_par ocr_line ocrx_word'/>
</head>
<body>
  <div class='ocr_page' id='page_1' title='image "./opusevangelicum12wycl/opusevangelicum12wycl_0113.png"; bbox 0 0 2003 3322; ppageno 0'>
   <div class='ocr_carea' id='block_1_1' title="bbox 181 205 995 258">
    <p class='ocr_par' dir='ltr' id='par_1_1' title="bbox 181 205 995 258">
     <span class='ocr_line' id='line_1_1' title="bbox 181 205 995 258; baseline 0.007 -16"><span class='ocrx_word' id='word_1_1' title='bbox 181 213 272 242; x_wconf 84' lang='lat' dir='ltr'><strong>CAP.</strong></span> <span class='ocrx_word' id='word_1_2' title='bbox 292 205 404 258; x_wconf 71' lang='lat' dir='ltr'>xxx]</span> <span class='ocrx_word' id='word_1_3' title='bbox 702 215 842 247; x_wconf 78' lang='lat' dir='ltr'>PRIMA</span> <span class='ocrx_word' id='word_1_4' title='bbox 868 216 995 248; x_wconf 82' lang='lat' dir='ltr'><strong>PARS.</strong></span> 
     </span>
    </p>
   </div>
   <div class='ocr_carea' id='block_1_2' title="bbox 121 321 1502 1577">
    <p class='ocr_par' dir='ltr' id='par_1_2' title="bbox 182 321 1502 545">
     <span class='ocr_line' id='line_1_2' title="bbox 242 321 1502 361; baseline 0.002 -2"><span class='ocrx_word' id='word_1_5' title='bbox 242 322 367 359; x_wconf 89' lang='lat' dir='ltr'><strong>Racio</strong></span> <span class='ocrx_word' id='word_1_6' title='bbox 400 330 535 359; x_wconf 90' lang='lat' dir='ltr'><strong>autem</strong></span> <span class='ocrx_word' id='word_1_7' title='bbox 568 321 809 359; x_wconf 89' lang='lat' dir='ltr'><strong>convincens</strong></span> <span class='ocrx_word' id='word_1_8' title='bbox 842 335 983 359; x_wconf 88' lang='lat' dir='ltr'><strong>omnes</strong></span> <span class='ocrx_word' id='word_1_9' title='bbox 1016 322 1114 360; x_wconf 88' lang='lat' dir='ltr'><strong>istas</strong></span> <span class='ocrx_word' id='word_1_10' title='bbox 1146 324 1304 361; x_wconf 84' lang='lat' dir='ltr'><strong>hereses</strong></span> <span class='ocrx_word' id='word_1_11' title='bbox 1344 333 1423 361; x_wconf 88' lang='lat' dir='ltr'><strong>stat</strong></span> <span class='ocrx_word' id='word_1_12' title='bbox 1463 325 1502 361; x_wconf 89' lang='lat' dir='ltr'><strong>in</strong></span> 
     </span>
     <span class='ocr_line' id='line_1_3' title="bbox 183 380 1502 430; baseline 0.002 -14"><span class='ocrx_word' id='word_1_13' title='bbox 183 380 259 416; x_wconf 88' lang='lat' dir='ltr'><strong>isto</strong></span> <span class='ocrx_word' id='word_1_14' title='bbox 293 382 400 429; x_wconf 92' lang='lat' dir='ltr'><strong>quod</strong></span> <span class='ocrx_word' id='word_1_15' title='bbox 432 380 556 417; x_wconf 85' lang='lat' dir='ltr'>nichil</span> <span class='ocrx_word' id='word_1_16' title='bbox 588 389 757 428; x_wconf 85' lang='lat' dir='ltr'>possunt</span> <span class='ocrx_word' id='word_1_17' title='bbox 795 380 939 426; x_wconf 85' lang='lat' dir='ltr'><strong>facere,</strong></span> <span class='ocrx_word' id='word_1_18' title='bbox 973 380 1048 417; x_wconf 89' lang='lat' dir='ltr'><strong>nisi</strong></span> <span class='ocrx_word' id='word_1_19' title='bbox 1082 384 1187 418; x_wconf 89' lang='lat' dir='ltr'><strong>Deus</strong></span> <span class='ocrx_word' id='word_1_20' title='bbox 1221 382 1331 430; x_wconf 90' lang='lat' dir='ltr'><strong>prius</strong></span> <span class='ocrx_word' id='word_1_21' title='bbox 1363 383 1502 420; x_wconf 90' lang='lat' dir='ltr'><strong>fecerit</strong></span> 
     </span>
     <span class='ocr_line' id='line_1_4' title="bbox 182 438 1501 488; baseline 0.002 -14"><span class='ocrx_word' id='word_1_22' title='bbox 182 438 281 474; x_wconf 90' lang='lat' dir='ltr'><strong>illud</strong></span> <span class='ocrx_word' id='word_1_23' title='bbox 314 438 434 484; x_wconf 81' lang='lat' dir='ltr'><strong>idem,</strong></span> <span class='ocrx_word' id='word_1_24' title='bbox 467 446 511 474; x_wconf 91' lang='lat' dir='ltr'><strong>ut</strong></span> <span class='ocrx_word' id='word_1_25' title='bbox 542 446 653 486; x_wconf 90' lang='lat' dir='ltr'><strong>patet</strong></span> <span class='ocrx_word' id='word_1_26' title='bbox 686 449 730 474; x_wconf 86' lang='lat' dir='ltr'><strong>ex</strong></span> <span class='ocrx_word' id='word_1_27' title='bbox 764 438 852 474; x_wconf 89' lang='lat' dir='ltr'><strong>fide.</strong></span> <span class='ocrx_word' id='word_1_28' title='bbox 888 439 966 474; x_wconf 89' lang='lat' dir='ltr'><strong>Sed</strong></span> <span class='ocrx_word' id='word_1_29' title='bbox 989 441 1096 475; x_wconf 90' lang='lat' dir='ltr'><strong>Deus</strong></span> <span class='ocrx_word' id='word_1_30' title='bbox 1119 440 1243 476; x_wconf 85' lang='lat' dir='ltr'>nichil</span> <span class='ocrx_word' id='word_1_31' title='bbox 1266 441 1345 477; x_wconf 89' lang='lat' dir='ltr'><strong>tale</strong></span> <span class='ocrx_word' id='word_1_32' title='bbox 1369 450 1501 488; x_wconf 89' lang='lat' dir='ltr'><strong>potest</strong></span> 
     </span>
     <span class='ocr_line' id='line_1_5' title="bbox 183 495 1500 545; baseline 0.002 -13"><span class='ocrx_word' id='word_1_33' title='bbox 183 496 312 532; x_wconf 89' lang='lat' dir='ltr'><strong>facere</strong></span> <span class='ocrx_word' id='word_1_34' title='bbox 344 495 420 532; x_wconf 91' lang='lat' dir='ltr'><strong>nisi</strong></span> <span class='ocrx_word' id='word_1_35' title='bbox 454 497 563 545; x_wconf 93' lang='lat' dir='ltr'><strong>quod</strong></span> <span class='ocrx_word' id='word_1_36' title='bbox 597 495 783 532; x_wconf 84' lang='lat' dir='ltr'><strong>habuerit</strong></span> <span class='ocrx_word' id='word_1_37' title='bbox 816 495 1022 533; x_wconf 81' lang='lat' dir='ltr'><strong>racionem</strong></span> <span class='ocrx_word' id='word_1_38' title='bbox 1057 510 1126 534; x_wconf 87' lang='lat' dir='ltr'><strong>sue</strong></span> <span class='ocrx_word' id='word_1_39' title='bbox 1160 497 1428 535; x_wconf 89' lang='lat' dir='ltr'><strong>factibilitatis</strong></span> <span class='ocrx_word' id='word_1_40' title='bbox 1463 508 1500 535; x_wconf 89' lang='lat' dir='ltr'><strong>et</strong></span> 
     </span>
    </p>

    <p class='ocr_par' dir='ltr' id='par_1_3' title="bbox 149 553 1499 776">
     <span class='ocr_line' id='line_1_6' title="bbox 149 553 1499 596; baseline 0.003 -7"><span class='ocrx_word' id='word_1_41' title='bbox 149 553 360 596; x_wconf 60' lang='lat' dir='ltr'><strong>§sonuerit</strong></span> <span class='ocrx_word' id='word_1_42' title='bbox 404 555 454 590; x_wconf 89' lang='lat' dir='ltr'><strong>ad</strong></span> <span class='ocrx_word' id='word_1_43' title='bbox 498 553 714 590; x_wconf 86' lang='lat' dir='ltr'><strong>utilitatem</strong></span> <span class='ocrx_word' id='word_1_44' title='bbox 759 553 938 590; x_wconf 83' lang='lat' dir='ltr'><strong>ecclesie.</strong></span> <span class='ocrx_word' id='word_1_45' title='bbox 992 556 1085 591; x_wconf 92' lang='lat' dir='ltr'><strong>Ideo</strong></span> <span class='ocrx_word' id='word_1_46' title='bbox 1131 564 1236 592; x_wconf 89' lang='lat' dir='ltr'><strong>secte</strong></span> <span class='ocrx_word' id='word_1_47' title='bbox 1283 555 1348 592; x_wconf 93' lang='lat' dir='ltr'><strong>ille</strong></span> <span class='ocrx_word' id='word_1_48' title='bbox 1401 557 1499 593; x_wconf 88' lang='lat' dir='ltr'><strong>false</strong></span> 
     </span>
     <span class='ocr_line' id='line_1_7' title="bbox 183 611 1498 661; baseline 0.003 -14"><span class='ocrx_word' id='word_1_49' title='bbox 183 612 337 659; x_wconf 83' lang='lat' dir='ltr'><strong>fingunt</strong></span> <span class='ocrx_word' id='word_1_50' title='bbox 376 613 485 660; x_wconf 91' lang='lat' dir='ltr'><strong>quod</strong></span> <span class='ocrx_word' id='word_1_51' title='bbox 523 612 672 648; x_wconf 89' lang='lat' dir='ltr'><strong>habent</strong></span> <span class='ocrx_word' id='word_1_52' title='bbox 711 611 943 648; x_wconf 88' lang='lat' dir='ltr'><strong>huiusmodi</strong></span> <span class='ocrx_word' id='word_1_53' title='bbox 982 621 1236 661; x_wconf 84' lang='lat' dir='ltr'><strong>potestatem.</strong></span> <span class='ocrx_word' id='word_1_54' title='bbox 1282 615 1385 650; x_wconf 90' lang='lat' dir='ltr'><strong>Nam</strong></span> <span class='ocrx_word' id='word_1_55' title='bbox 1425 627 1498 651; x_wconf 90' lang='lat' dir='ltr'><strong>nec</strong></span> 
     </span>
     <span class='ocr_line' id='line_1_8' title="bbox 182 668 1498 719; baseline 0.002 -13"><span class='ocrx_word' id='word_1_56' title='bbox 182 682 226 706; x_wconf 88' lang='lat' dir='ltr'><strong>ex</strong></span> <span class='ocrx_word' id='word_1_57' title='bbox 258 681 375 706; x_wconf 89' lang='lat' dir='ltr'><strong>sensu</strong></span> <span class='ocrx_word' id='word_1_58' title='bbox 415 682 487 706; x_wconf 90' lang='lat' dir='ltr'><strong>nec</strong></span> <span class='ocrx_word' id='word_1_59' title='bbox 527 682 570 706; x_wconf 87' lang='lat' dir='ltr'><strong>ex</strong></span> <span class='ocrx_word' id='word_1_60' title='bbox 610 668 773 706; x_wconf 85' lang='lat' dir='ltr'><strong>racione</strong></span> <span class='ocrx_word' id='word_1_61' title='bbox 811 681 885 706; x_wconf 89' lang='lat' dir='ltr'><strong>nec</strong></span> <span class='ocrx_word' id='word_1_62' title='bbox 918 682 962 706; x_wconf 87' lang='lat' dir='ltr'><strong>ex</strong></span> <span class='ocrx_word' id='word_1_63' title='bbox 995 670 1072 707; x_wconf 91' lang='lat' dir='ltr'><strong>fide</strong></span> <span class='ocrx_word' id='word_1_64' title='bbox 1111 671 1312 719; x_wconf 83' lang='lat' dir='ltr'><strong>scripture</strong></span> <span class='ocrx_word' id='word_1_65' title='bbox 1352 673 1498 709; x_wconf 89' lang='lat' dir='ltr'><strong>docent</strong></span> 
     </span>
     <span class='ocr_line' id='line_1_9' title="bbox 182 727 1389 776; baseline 0.002 -12"><span class='ocrx_word' id='word_1_66' title='bbox 182 728 291 776; x_wconf 92' lang='lat' dir='ltr'><strong>quod</strong></span> <span class='ocrx_word' id='word_1_67' title='bbox 323 728 472 764; x_wconf 88' lang='lat' dir='ltr'><strong>habent</strong></span> <span class='ocrx_word' id='word_1_68' title='bbox 504 735 745 776; x_wconf 88' lang='lat' dir='ltr'><strong>potestatem</strong></span> <span class='ocrx_word' id='word_1_69' title='bbox 780 727 1012 764; x_wconf 89' lang='lat' dir='ltr'><strong>huiusmodi</strong></span> <span class='ocrx_word' id='word_1_70' title='bbox 1043 729 1104 766; x_wconf 94' lang='lat' dir='ltr'><strong>vel</strong></span> <span class='ocrx_word' id='word_1_71' title='bbox 1136 729 1192 766; x_wconf 90' lang='lat' dir='ltr'><strong>sic</strong></span> <span class='ocrx_word' id='word_1_72' title='bbox 1223 728 1389 766; x_wconf 88' lang='lat' dir='ltr'><strong>faciunt.</strong></span> 
     </span>
    </p>

    <p class='ocr_par' dir='ltr' id='par_1_4' title="bbox 238 785 1497 825">
     <span class='ocr_line' id='line_1_10' title="bbox 238 785 1497 825; baseline 0.003 -4"><span class='ocrx_word' id='word_1_73' title='bbox 238 787 287 821; x_wconf 91' lang='lat' dir='ltr'><strong>Et</strong></span> <span class='ocrx_word' id='word_1_74' title='bbox 330 785 483 822; x_wconf 88' lang='lat' dir='ltr'><strong>utinam</strong></span> <span class='ocrx_word' id='word_1_75' title='bbox 523 785 725 823; x_wconf 87' lang='lat' dir='ltr'><strong>scolastici</strong></span> <span class='ocrx_word' id='word_1_76' title='bbox 764 794 984 823; x_wconf 81' lang='lat' dir='ltr'><strong>tractarent</strong></span> <span class='ocrx_word' id='word_1_77' title='bbox 1027 786 1144 823; x_wconf 91' lang='lat' dir='ltr'><strong>istam</strong></span> <span class='ocrx_word' id='word_1_78' title='bbox 1192 787 1402 825; x_wconf 87' lang='lat' dir='ltr'><strong>materiam</strong></span> <span class='ocrx_word' id='word_1_79' title='bbox 1449 789 1497 825; x_wconf 92' lang='lat' dir='ltr'><strong>de</strong></span> 
     </span>
    </p>

    <p class='ocr_par' dir='ltr' id='par_1_5' title="bbox 127 843 1496 1125">
     <span class='ocr_line' id='line_1_11' title="bbox 127 843 1496 894; baseline 0.003 -15"><span class='ocrx_word' id='word_1_80' title='bbox 127 857 165 879; x_wconf 88' lang='lat'><strong>10</strong></span> <span class='ocrx_word' id='word_1_81' title='bbox 180 852 378 892; x_wconf 90' lang='lat' dir='ltr'><strong>potestate</strong></span> <span class='ocrx_word' id='word_1_82' title='bbox 411 843 619 880; x_wconf 89' lang='lat' dir='ltr'><strong>hominum</strong></span> <span class='ocrx_word' id='word_1_83' title='bbox 664 852 701 880; x_wconf 88' lang='lat' dir='ltr'><strong>et</strong></span> <span class='ocrx_word' id='word_1_84' title='bbox 739 843 939 892; x_wconf 88' lang='lat' dir='ltr'><strong>intrepide</strong></span> <span class='ocrx_word' id='word_1_85' title='bbox 979 844 1156 881; x_wconf 86' lang='lat' dir='ltr'><strong>dicerent</strong></span> <span class='ocrx_word' id='word_1_86' title='bbox 1194 845 1304 882; x_wconf 89' lang='lat' dir='ltr'><strong>illam</strong></span> <span class='ocrx_word' id='word_1_87' title='bbox 1345 847 1496 894; x_wconf 90' lang='lat' dir='ltr'><strong>populo</strong></span> 
     </span>
     <span class='ocr_line' id='line_1_12' title="bbox 179 901 1495 950; baseline 0.003 -13"><span class='ocrx_word' id='word_1_88' title='bbox 179 901 325 938; x_wconf 87' lang='lat' dir='ltr'><strong>laicali.</strong></span> <span class='ocrx_word' id='word_1_89' title='bbox 372 904 419 938; x_wconf 85' lang='lat' dir='ltr'><strong>Et</strong></span> <span class='ocrx_word' id='word_1_90' title='bbox 453 901 510 939; x_wconf 94' lang='lat' dir='ltr'><strong>sic</strong></span> <span class='ocrx_word' id='word_1_91' title='bbox 543 903 871 950; x_wconf 87' lang='lat' dir='ltr'><strong>quandocunque</strong></span> <span class='ocrx_word' id='word_1_92' title='bbox 903 902 1176 940; x_wconf 86' lang='lat' dir='ltr'><strong>Antichristus</strong></span> <span class='ocrx_word' id='word_1_93' title='bbox 1207 904 1269 940; x_wconf 89' lang='lat' dir='ltr'><strong>vel</strong></span> <span class='ocrx_word' id='word_1_94' title='bbox 1302 904 1495 941; x_wconf 86' lang='lat' dir='ltr'><strong>secularis</strong></span> 
     </span>
     <span class='ocr_line' id='line_1_13' title="bbox 179 959 1495 1008; baseline 0.002 -13"><span class='ocrx_word' id='word_1_95' title='bbox 179 959 363 996; x_wconf 88' lang='lat' dir='ltr'><strong>tirannus</strong></span> <span class='ocrx_word' id='word_1_96' title='bbox 397 959 495 996; x_wconf 92' lang='lat' dir='ltr'><strong>dicit</strong></span> <span class='ocrx_word' id='word_1_97' title='bbox 533 960 642 1008; x_wconf 91' lang='lat' dir='ltr'><strong>quod</strong></span> <span class='ocrx_word' id='word_1_98' title='bbox 676 960 796 996; x_wconf 91' lang='lat' dir='ltr'><strong>habet</strong></span> <span class='ocrx_word' id='word_1_99' title='bbox 828 968 1069 1008; x_wconf 88' lang='lat' dir='ltr'><strong>potestatem</strong></span> <span class='ocrx_word' id='word_1_100' title='bbox 1105 962 1155 998; x_wconf 94' lang='lat' dir='ltr'><strong>ad</strong></span> <span class='ocrx_word' id='word_1_101' title='bbox 1188 961 1326 998; x_wconf 89' lang='lat' dir='ltr'><strong>fideles</strong></span> <span class='ocrx_word' id='word_1_102' title='bbox 1360 962 1495 999; x_wconf 89' lang='lat' dir='ltr'><strong>taliter</strong></span> 
     </span>
     <span class='ocr_line' id='line_1_14' title="bbox 178 1017 1495 1067; baseline 0.002 -13"><span class='ocrx_word' id='word_1_103' title='bbox 178 1019 501 1066; x_wconf 73' lang='lat' dir='ltr'><strong>persequendum</strong></span> <span class='ocrx_word' id='word_1_104' title='bbox 542 1017 734 1054; x_wconf 90' lang='lat' dir='ltr'><strong>mentitur</strong></span> <span class='ocrx_word' id='word_1_105' title='bbox 766 1030 886 1066; x_wconf 89' lang='lat' dir='ltr'><strong>super</strong></span> <span class='ocrx_word' id='word_1_106' title='bbox 919 1020 1014 1065; x_wconf 86' lang='lat' dir='ltr'><strong>Deo,</strong></span> <span class='ocrx_word' id='word_1_107' title='bbox 1056 1032 1145 1055; x_wconf 91' lang='lat' dir='ltr'><strong>cum</strong></span> <span class='ocrx_word' id='word_1_108' title='bbox 1187 1028 1386 1067; x_wconf 88' lang='lat' dir='ltr'><strong>potestate</strong></span> <span class='ocrx_word' id='word_1_109' title='bbox 1426 1020 1495 1057; x_wconf 88' lang='lat' dir='ltr'><strong>illa</strong></span> 
     </span>
     <span class='ocr_line' id='line_1_15' title="bbox 178 1075 1493 1125; baseline 0.002 -13"><span class='ocrx_word' id='word_1_110' title='bbox 178 1075 210 1112; x_wconf 90' lang='lat' dir='ltr'><strong>si</strong></span> <span class='ocrx_word' id='word_1_111' title='bbox 253 1088 376 1124; x_wconf 91' lang='lat' dir='ltr'><strong>quam</strong></span> <span class='ocrx_word' id='word_1_112' title='bbox 415 1075 600 1113; x_wconf 89' lang='lat' dir='ltr'><strong>habuerit</strong></span> <span class='ocrx_word' id='word_1_113' title='bbox 638 1075 829 1122; x_wconf 87' lang='lat' dir='ltr'><strong>abutitur,</strong></span> <span class='ocrx_word' id='word_1_114' title='bbox 870 1088 910 1112; x_wconf 90' lang='lat' dir='ltr'><strong>se</strong></span> <span class='ocrx_word' id='word_1_115' title='bbox 949 1076 1082 1124; x_wconf 90' lang='lat' dir='ltr'><strong>ipsum</strong></span> <span class='ocrx_word' id='word_1_116' title='bbox 1121 1089 1241 1125; x_wconf 88' lang='lat' dir='ltr'><strong>super</strong></span> <span class='ocrx_word' id='word_1_117' title='bbox 1273 1078 1493 1115; x_wconf 87' lang='lat' dir='ltr'><strong>Dominum</strong></span> 
     </span>
    </p>

    <p class='ocr_par' dir='ltr' id='par_1_6' title="bbox 125 1134 420 1172">
     <span class='ocr_line' id='line_1_16' title="bbox 125 1134 420 1172; baseline 0.014 -4"><span class='ocrx_word' id='word_1_118' title='bbox 125 1136 161 1169; x_wconf 85' lang='lat'><strong>15</strong></span> <span class='ocrx_word' id='word_1_119' title='bbox 180 1134 420 1172; x_wconf 82' lang='lat' dir='ltr'><strong>extollendo.</strong></span> 
     </span>
    </p>

    <p class='ocr_par' dir='ltr' id='par_1_7' title="bbox 177 1191 1494 1416">
     <span class='ocr_line' id='line_1_17' title="bbox 237 1191 1494 1241; baseline 0.002 -13"><span class='ocrx_word' id='word_1_120' title='bbox 237 1194 284 1228; x_wconf 90' lang='lat' dir='ltr'><strong>Et</strong></span> <span class='ocrx_word' id='word_1_121' title='bbox 323 1191 379 1228; x_wconf 89' lang='lat' dir='ltr'><strong>sic</strong></span> <span class='ocrx_word' id='word_1_122' title='bbox 419 1191 534 1229; x_wconf 89' lang='lat' dir='ltr'><strong>ficcio</strong></span> <span class='ocrx_word' id='word_1_123' title='bbox 571 1192 633 1228; x_wconf 90' lang='lat' dir='ltr'><strong>vel</strong></span> <span class='ocrx_word' id='word_1_124' title='bbox 665 1191 805 1229; x_wconf 87' lang='lat' dir='ltr'><strong>abusio</strong></span> <span class='ocrx_word' id='word_1_125' title='bbox 845 1192 963 1230; x_wconf 91' lang='lat' dir='ltr'><strong>huius</strong></span> <span class='ocrx_word' id='word_1_126' title='bbox 996 1193 1207 1241; x_wconf 90' lang='lat' dir='ltr'><strong>potestatis</strong></span> <span class='ocrx_word' id='word_1_127' title='bbox 1248 1201 1306 1230; x_wconf 91' lang='lat' dir='ltr'><strong>est</strong></span> <span class='ocrx_word' id='word_1_128' title='bbox 1339 1194 1494 1231; x_wconf 89' lang='lat' dir='ltr'><strong>minera</strong></span> 
     </span>
     <span class='ocr_line' id='line_1_18' title="bbox 179 1249 1492 1300; baseline 0.003 -15"><span class='ocrx_word' id='word_1_129' title='bbox 179 1249 392 1296; x_wconf 84' lang='lat' dir='ltr'><strong>mendacii,</strong></span> <span class='ocrx_word' id='word_1_130' title='bbox 431 1262 504 1298; x_wconf 88' lang='lat' dir='ltr'><strong>per</strong></span> <span class='ocrx_word' id='word_1_131' title='bbox 542 1263 663 1299; x_wconf 89' lang='lat' dir='ltr'><strong>quam</strong></span> <span class='ocrx_word' id='word_1_132' title='bbox 706 1249 888 1287; x_wconf 89' lang='lat' dir='ltr'><strong>diabolus</strong></span> <span class='ocrx_word' id='word_1_133' title='bbox 928 1251 1077 1299; x_wconf 89' lang='lat' dir='ltr'><strong>decipit</strong></span> <span class='ocrx_word' id='word_1_134' title='bbox 1117 1252 1286 1288; x_wconf 86' lang='lat' dir='ltr'><strong>multam</strong></span> <span class='ocrx_word' id='word_1_135' title='bbox 1320 1253 1492 1300; x_wconf 88' lang='lat' dir='ltr'><strong>plebem.</strong></span> 
     </span>
     <span class='ocr_line' id='line_1_19' title="bbox 177 1307 1493 1357; baseline 0.002 -13"><span class='ocrx_word' id='word_1_136' title='bbox 177 1309 361 1345; x_wconf 90' lang='lat' dir='ltr'><strong>Intendat</strong></span> <span class='ocrx_word' id='word_1_137' title='bbox 399 1320 492 1356; x_wconf 86' lang='lat' dir='ltr'><strong>ergo</strong></span> <span class='ocrx_word' id='word_1_138' title='bbox 532 1307 659 1344; x_wconf 88' lang='lat' dir='ltr'><strong>fidelis</strong></span> <span class='ocrx_word' id='word_1_139' title='bbox 699 1307 852 1345; x_wconf 91' lang='lat' dir='ltr'><strong>racioni</strong></span> <span class='ocrx_word' id='word_1_140' title='bbox 893 1317 930 1346; x_wconf 89' lang='lat' dir='ltr'><strong>et</strong></span> <span class='ocrx_word' id='word_1_141' title='bbox 971 1309 1062 1346; x_wconf 86' lang='lat' dir='ltr'><strong>fidei</strong></span> <span class='ocrx_word' id='word_1_142' title='bbox 1101 1309 1300 1357; x_wconf 87' lang='lat' dir='ltr'><strong>scripture</strong></span> <span class='ocrx_word' id='word_1_143' title='bbox 1342 1319 1379 1346; x_wconf 89' lang='lat' dir='ltr'><strong>et</strong></span> <span class='ocrx_word' id='word_1_144' title='bbox 1412 1323 1493 1347; x_wconf 91' lang='lat' dir='ltr'><strong>non</strong></span> 
     </span>
     <span class='ocr_line' id='line_1_20' title="bbox 177 1365 1493 1416; baseline 0.002 -14"><span class='ocrx_word' id='word_1_145' title='bbox 177 1367 314 1402; x_wconf 90' lang='lat' dir='ltr'><strong>credat</strong></span> <span class='ocrx_word' id='word_1_146' title='bbox 343 1365 490 1402; x_wconf 90' lang='lat' dir='ltr'><strong>talibus</strong></span> <span class='ocrx_word' id='word_1_147' title='bbox 524 1366 873 1414; x_wconf 84' lang='lat' dir='ltr'><strong>extravagantibus</strong></span> <span class='ocrx_word' id='word_1_148' title='bbox 902 1366 1048 1403; x_wconf 88' lang='lat' dir='ltr'><strong>fabulis</strong></span> <span class='ocrx_word' id='word_1_149' title='bbox 1071 1380 1152 1403; x_wconf 91' lang='lat' dir='ltr'><strong>non</strong></span> <span class='ocrx_word' id='word_1_150' title='bbox 1175 1367 1364 1414; x_wconf 76' lang='lat' dir='ltr'><strong>fundatis,</strong></span> <span class='ocrx_word' id='word_1_151' title='bbox 1399 1368 1493 1416; x_wconf 88' lang='lat' dir='ltr'><strong>quia</strong></span> 
     </span>
    </p>

    <p class='ocr_par' dir='ltr' id='par_1_8' title="bbox 121 1423 1494 1577">
     <span class='ocr_line' id='line_1_21' title="bbox 121 1423 1494 1473; baseline 0.002 -14"><span class='ocrx_word' id='word_1_152' title='bbox 121 1437 162 1458; x_wconf 90' lang='lat'><strong>20</strong></span> <span class='ocrx_word' id='word_1_153' title='bbox 177 1423 409 1460; x_wconf 88' lang='lat' dir='ltr'><strong>benediccio</strong></span> <span class='ocrx_word' id='word_1_154' title='bbox 433 1436 572 1460; x_wconf 89' lang='lat' dir='ltr'><strong>eorum</strong></span> <span class='ocrx_word' id='word_1_155' title='bbox 597 1432 654 1460; x_wconf 84' lang='lat' dir='ltr'><strong>est</strong></span> <span class='ocrx_word' id='word_1_156' title='bbox 676 1423 820 1460; x_wconf 88' lang='lat' dir='ltr'><strong>similis</strong></span> <span class='ocrx_word' id='word_1_157' title='bbox 843 1424 1119 1463; x_wconf 87' lang='lat' dir='ltr'><strong>benediccioni</strong></span> <span class='ocrx_word' id='word_1_158' title='bbox 1143 1437 1221 1473; x_wconf 88' lang='lat' dir='ltr'><strong>qua</strong></span> <span class='ocrx_word' id='word_1_159' title='bbox 1251 1425 1494 1462; x_wconf 89' lang='lat' dir='ltr'><strong>benedicunt</strong></span> 
     </span>
     <span class='ocr_line' id='line_1_22' title="bbox 177 1481 1492 1527; baseline 0.002 -10"><span class='ocrx_word' id='word_1_160' title='bbox 177 1481 318 1527; x_wconf 88' lang='lat' dir='ltr'><strong>hostie,</strong></span> <span class='ocrx_word' id='word_1_161' title='bbox 360 1490 397 1518; x_wconf 92' lang='lat' dir='ltr'><strong>et</strong></span> <span class='ocrx_word' id='word_1_162' title='bbox 430 1481 666 1518; x_wconf 90' lang='lat' dir='ltr'><strong>malediccio</strong></span> <span class='ocrx_word' id='word_1_163' title='bbox 706 1492 776 1519; x_wconf 89' lang='lat' dir='ltr'><strong>sua</strong></span> <span class='ocrx_word' id='word_1_164' title='bbox 816 1482 1043 1519; x_wconf 89' lang='lat' dir='ltr'><strong>econtrario</strong></span> <span class='ocrx_word' id='word_1_165' title='bbox 1083 1482 1124 1519; x_wconf 90' lang='lat' dir='ltr'><strong>in</strong></span> <span class='ocrx_word' id='word_1_166' title='bbox 1162 1482 1492 1520; x_wconf 89' lang='lat' dir='ltr'><strong>benediccionem</strong></span> 
     </span>
     <span class='ocr_line' id='line_1_23' title="bbox 177 1539 669 1577; baseline 0 -1"><span class='ocrx_word' id='word_1_167' title='bbox 177 1539 340 1577; x_wconf 89' lang='lat' dir='ltr'><strong>Domini</strong></span> <span class='ocrx_word' id='word_1_168' title='bbox 374 1548 432 1576; x_wconf 90' lang='lat' dir='ltr'><strong>est</strong></span> <span class='ocrx_word' id='word_1_169' title='bbox 465 1551 669 1577; x_wconf 89' lang='lat' dir='ltr'><strong>conversa.</strong></span> 
     </span>
    </p>
   </div>
   <div class='ocr_carea' id='block_1_3' title="bbox 660 1663 1001 1706">
    <p class='ocr_par' dir='ltr' id='par_1_9' title="bbox 660 1663 1001 1706">
     <span class='ocr_line' id='line_1_24' title="bbox 660 1663 1001 1706; baseline 0.003 -1"><span class='ocrx_word' id='word_1_170' title='bbox 660 1663 799 1706; x_wconf 85' lang='lat' dir='ltr'><strong>CAP.</strong></span> <span class='ocrx_word' id='word_1_171' title='bbox 831 1665 1001 1706; x_wconf 87' lang='lat' dir='ltr'>XXX.</span> 
     </span>
    </p>
   </div>
   <div class='ocr_carea' id='block_1_4' title="bbox 114 1772 1493 2401">
    <p class='ocr_par' dir='ltr' id='par_1_10' title="bbox 114 1772 1493 2401">
     <span class='ocr_line' id='line_1_25' title="bbox 231 1772 1493 1822; baseline 0.002 -14"><span class='ocrx_word' id='word_1_172' title='bbox 231 1772 419 1821; x_wconf 88' lang='lat' dir='ltr'><strong>Sequitur</strong></span> <span class='ocrx_word' id='word_1_173' title='bbox 451 1772 492 1808; x_wconf 93' lang='lat' dir='ltr'><strong>in</strong></span> <span class='ocrx_word' id='word_1_174' title='bbox 515 1781 623 1808; x_wconf 87' lang='lat' dir='ltr'><strong>textu</strong></span> <span class='ocrx_word' id='word_1_175' title='bbox 647 1772 858 1820; x_wconf 84' lang='lat' dir='ltr'><strong>evangelii:</strong></span> <span class='ocrx_word' id='word_1_176' title='bbox 894 1774 980 1809; x_wconf 89' lang='lat' dir='ltr'><strong>Non</strong></span> <span class='ocrx_word' id='word_1_177' title='bbox 1001 1781 1128 1822; x_wconf 83' lang='lat' dir='ltr'><strong>potest</strong></span> <span class='ocrx_word' id='word_1_178' title='bbox 1149 1774 1285 1810; x_wconf 79' lang='lat' dir='ltr'><strong>civitas</strong></span> <span class='ocrx_word' id='word_1_179' title='bbox 1306 1774 1493 1810; x_wconf 80' lang='lat' dir='ltr'><strong>abscondi</strong></span> 
     </span>
     <span class='ocr_line' id='line_1_26' title="bbox 117 1830 1487 1879; baseline 0.002 -14"><span class='ocrx_word' id='word_1_180' title='bbox 117 1833 155 1866; x_wconf 79' lang='lat'><strong>25</strong></span> <span class='ocrx_word' id='word_1_181' title='bbox 171 1842 290 1879; x_wconf 82' lang='lat' dir='ltr'><strong>supra</strong></span> <span class='ocrx_word' id='word_1_182' title='bbox 324 1838 488 1867; x_wconf 85' lang='lat' dir='ltr'><strong>montem</strong></span> <span class='ocrx_word' id='word_1_183' title='bbox 516 1831 656 1879; x_wconf 81' lang='lat' dir='ltr'><strong>posita.</strong></span> <span class='ocrx_word' id='word_1_184' title='bbox 705 1830 816 1867; x_wconf 88' lang='lat' dir='ltr'><strong>Licet</strong></span> <span class='ocrx_word' id='word_1_185' title='bbox 854 1839 988 1867; x_wconf 91' lang='lat' dir='ltr'><strong>autem</strong></span> <span class='ocrx_word' id='word_1_186' title='bbox 1032 1833 1327 1879; x_wconf 85' lang='lat' dir='ltr'><strong>extravagando</strong></span> <span class='ocrx_word' id='word_1_187' title='bbox 1361 1832 1487 1869; x_wconf 90' lang='lat' dir='ltr'><strong>multa</strong></span> 
     </span>
     <span class='ocr_line' id='line_1_27' title="bbox 171 1888 1486 1937; baseline 0.002 -13"><span class='ocrx_word' id='word_1_188' title='bbox 171 1897 327 1925; x_wconf 90' lang='lat' dir='ltr'><strong>remota</strong></span> <span class='ocrx_word' id='word_1_189' title='bbox 374 1901 396 1924; x_wconf 91' lang='lat' dir='ltr'><strong>a</strong></span> <span class='ocrx_word' id='word_1_190' title='bbox 440 1888 518 1925; x_wconf 90' lang='lat' dir='ltr'><strong>fide</strong></span> <span class='ocrx_word' id='word_1_191' title='bbox 561 1888 758 1937; x_wconf 87' lang='lat' dir='ltr'><strong>scripture</strong></span> <span class='ocrx_word' id='word_1_192' title='bbox 802 1888 964 1936; x_wconf 85' lang='lat' dir='ltr'><strong>inserui,</strong></span> <span class='ocrx_word' id='word_1_193' title='bbox 1010 1898 1178 1937; x_wconf 89' lang='lat' dir='ltr'><strong>possunt</strong></span> <span class='ocrx_word' id='word_1_194' title='bbox 1221 1898 1354 1926; x_wconf 86' lang='lat' dir='ltr'><strong>tamen</strong></span> <span class='ocrx_word' id='word_1_195' title='bbox 1403 1902 1486 1927; x_wconf 88' lang='lat' dir='ltr'><strong>esse</strong></span> 
     </span>
     <span class='ocr_line' id='line_1_28' title="bbox 172 1945 1486 1994; baseline 0.002 -12"><span class='ocrx_word' id='word_1_196' title='bbox 172 1946 331 1983; x_wconf 89' lang='lat' dir='ltr'><strong>occasio</strong></span> <span class='ocrx_word' id='word_1_197' title='bbox 364 1945 411 1990; x_wconf 91' lang='lat' dir='ltr'><strong>(si</strong></span> <span class='ocrx_word' id='word_1_198' title='bbox 445 1948 551 1983; x_wconf 90' lang='lat' dir='ltr'><strong>Deus</strong></span> <span class='ocrx_word' id='word_1_199' title='bbox 582 1946 768 1994; x_wconf 89' lang='lat' dir='ltr'><strong>voluerit)</strong></span> <span class='ocrx_word' id='word_1_200' title='bbox 805 1948 855 1983; x_wconf 88' lang='lat' dir='ltr'><strong>ad</strong></span> <span class='ocrx_word' id='word_1_201' title='bbox 889 1946 1009 1983; x_wconf 88' lang='lat' dir='ltr'><strong>fidem</strong></span> <span class='ocrx_word' id='word_1_202' title='bbox 1043 1946 1286 1984; x_wconf 88' lang='lat' dir='ltr'><strong>catholicam</strong></span> <span class='ocrx_word' id='word_1_203' title='bbox 1309 1947 1486 1984; x_wconf 88' lang='lat' dir='ltr'><strong>vivacius</strong></span> 
     </span>
     <span class='ocr_line' id='line_1_29' title="bbox 171 2003 1487 2054; baseline 0.002 -14"><span class='ocrx_word' id='word_1_204' title='bbox 171 2003 425 2040; x_wconf 88' lang='lat' dir='ltr'><strong>retinendum</strong></span> <span class='ocrx_word' id='word_1_205' title='bbox 466 2013 503 2041; x_wconf 89' lang='lat' dir='ltr'><strong>et</strong></span> <span class='ocrx_word' id='word_1_206' title='bbox 542 2004 802 2041; x_wconf 85' lang='lat' dir='ltr'><strong>occasionare</strong></span> <span class='ocrx_word' id='word_1_207' title='bbox 841 2006 890 2041; x_wconf 93' lang='lat' dir='ltr'><strong>ad</strong></span> <span class='ocrx_word' id='word_1_208' title='bbox 929 2005 1028 2041; x_wconf 89' lang='lat' dir='ltr'><strong>tales</strong></span> <span class='ocrx_word' id='word_1_209' title='bbox 1069 2014 1369 2054; x_wconf 84' lang='lat' dir='ltr'><strong>extravagantes</strong></span> <span class='ocrx_word' id='word_1_210' title='bbox 1407 2018 1487 2042; x_wconf 89' lang='lat' dir='ltr'><strong>ser—</strong></span> 
     </span>
     <span class='ocr_line' id='line_1_30' title="bbox 171 2062 1486 2111; baseline 0.002 -13"><span class='ocrx_word' id='word_1_211' title='bbox 171 2075 309 2099; x_wconf 88' lang='lat' dir='ltr'><strong>mones</strong></span> <span class='ocrx_word' id='word_1_212' title='bbox 342 2062 541 2110; x_wconf 88' lang='lat' dir='ltr'><strong>posterius</strong></span> <span class='ocrx_word' id='word_1_213' title='bbox 575 2062 874 2099; x_wconf 85' lang='lat' dir='ltr'><strong>dimittendum.</strong></span> <span class='ocrx_word' id='word_1_214' title='bbox 921 2064 1051 2111; x_wconf 88' lang='lat' dir='ltr'><strong>Super</strong></span> <span class='ocrx_word' id='word_1_215' title='bbox 1084 2063 1161 2100; x_wconf 88' lang='lat' dir='ltr'><strong>isto</strong></span> <span class='ocrx_word' id='word_1_216' title='bbox 1195 2072 1329 2101; x_wconf 89' lang='lat' dir='ltr'><strong>autem</strong></span> <span class='ocrx_word' id='word_1_217' title='bbox 1363 2066 1486 2101; x_wconf 91' lang='lat' dir='ltr'><strong>verbo</strong></span> 
     </span>
     <span class='ocr_line' id='line_1_31' title="bbox 114 2120 1490 2171; baseline 0.001 -15"><span class='ocrx_word' id='word_1_218' title='bbox 114 2123 156 2155; x_wconf 80' lang='lat'><strong>30</strong></span> <span class='ocrx_word' id='word_1_219' title='bbox 171 2120 226 2157; x_wconf 91' lang='lat' dir='ltr'><strong>sic</strong></span> <span class='ocrx_word' id='word_1_220' title='bbox 277 2120 458 2169; x_wconf 85' lang='lat' dir='ltr'><strong>loquitur</strong></span> <span class='ocrx_word' id='word_1_221' title='bbox 508 2120 775 2168; x_wconf 84' lang='lat' dir='ltr'><strong>Augustinus:</strong></span> <span class='ocrx_word' id='word_1_222' title='bbox 828 2121 914 2157; x_wconf 89' lang='lat' dir='ltr'><strong>Non</strong></span> <span class='ocrx_word' id='word_1_223' title='bbox 954 2129 1082 2171; x_wconf 83' lang='lat' dir='ltr'><strong>potest</strong></span> <span class='ocrx_word' id='word_1_224' title='bbox 1125 2122 1260 2158; x_wconf 79' lang='lat' dir='ltr'><strong>civitas</strong></span> <span class='ocrx_word' id='word_1_225' title='bbox 1303 2122 1490 2158; x_wconf 83' lang='lat' dir='ltr'><strong>abscondi</strong></span> 
     </span>
     <span class='ocr_line' id='line_1_32' title="bbox 169 2179 1488 2230; baseline 0.001 -16"><span class='ocrx_word' id='word_1_226' title='bbox 169 2190 287 2227; x_wconf 82' lang='lat' dir='ltr'><strong>super</strong></span> <span class='ocrx_word' id='word_1_227' title='bbox 317 2186 481 2215; x_wconf 81' lang='lat' dir='ltr'><strong>montem</strong></span> <span class='ocrx_word' id='word_1_228' title='bbox 500 2179 627 2228; x_wconf 82' lang='lat' dir='ltr'><strong>posita</strong></span> <span class='ocrx_word' id='word_1_229' title='bbox 661 2179 721 2215; x_wconf 80' lang='lat' dir='ltr'><strong>vel</strong></span> <span class='ocrx_word' id='word_1_230' title='bbox 751 2179 967 2223; x_wconf 78' lang='lat' dir='ltr'><strong>constituta,</strong></span> <span class='ocrx_word' id='word_1_231' title='bbox 1001 2179 1040 2215; x_wconf 79' lang='lat' dir='ltr'><strong>id</strong></span> <span class='ocrx_word' id='word_1_232' title='bbox 1072 2187 1138 2226; x_wconf 81' lang='lat' dir='ltr'><strong>est,</strong></span> <span class='ocrx_word' id='word_1_233' title='bbox 1163 2180 1339 2228; x_wconf 81' lang='lat' dir='ltr'><strong>fundata</strong></span> <span class='ocrx_word' id='word_1_234' title='bbox 1369 2193 1488 2230; x_wconf 81' lang='lat' dir='ltr'><strong>super</strong></span> 
     </span>
     <span class='ocr_line' id='line_1_33' title="bbox 168 2236 1487 2287; baseline 0.002 -15"><span class='ocrx_word' id='word_1_235' title='bbox 168 2236 356 2287; x_wconf 76' lang='lat' dir='ltr'><strong>insignem</strong></span> <span class='ocrx_word' id='word_1_236' title='bbox 380 2249 640 2287; x_wconf 79' lang='lat' dir='ltr'><strong>magnamque</strong></span> <span class='ocrx_word' id='word_1_237' title='bbox 662 2236 864 2283; x_wconf 82' lang='lat' dir='ltr'><strong>iusticiam,</strong></span> <span class='ocrx_word' id='word_1_238' title='bbox 898 2249 1010 2285; x_wconf 80' lang='lat' dir='ltr'><strong>quam</strong></span> <span class='ocrx_word' id='word_1_239' title='bbox 1042 2236 1239 2287; x_wconf 65' lang='lat' dir='ltr'><strong>significat</strong></span> <span class='ocrx_word' id='word_1_240' title='bbox 1264 2238 1382 2274; x_wconf 81' lang='lat' dir='ltr'><strong>eciam</strong></span> <span class='ocrx_word' id='word_1_241' title='bbox 1407 2239 1487 2287; x_wconf 79' lang='lat' dir='ltr'><strong>ipse</strong></span> 
     </span>
     <span class='ocr_line' id='line_1_34' title="bbox 170 2294 889 2344; baseline 0.001 -14"><span class='ocrx_word' id='word_1_242' title='bbox 170 2302 279 2330; x_wconf 83' lang='lat' dir='ltr'><strong>mons</strong></span> <span class='ocrx_word' id='word_1_243' title='bbox 310 2294 346 2330; x_wconf 87' lang='lat' dir='ltr'><strong>in</strong></span> <span class='ocrx_word' id='word_1_244' title='bbox 380 2306 451 2343; x_wconf 81' lang='lat' dir='ltr'><strong>quo</strong></span> <span class='ocrx_word' id='word_1_245' title='bbox 484 2295 675 2330; x_wconf 85' lang='lat' dir='ltr'><strong>Dominus</strong></span> <span class='ocrx_word' id='word_1_246' title='bbox 707 2295 889 2344; x_wconf 79' lang='lat' dir='ltr'><strong>disputat.</strong></span> 
     </span>
     <span class='ocr_line' id='line_1_35' title="bbox 226 2351 1484 2401; baseline 0.002 -14"><span class='ocrx_word' id='word_1_247' title='bbox 226 2351 394 2388; x_wconf 89' lang='lat' dir='ltr'><strong>Videtur</strong></span> <span class='ocrx_word' id='word_1_248' title='bbox 426 2360 560 2388; x_wconf 87' lang='lat' dir='ltr'><strong>autem</strong></span> <span class='ocrx_word' id='word_1_249' title='bbox 594 2353 699 2388; x_wconf 89' lang='lat' dir='ltr'><strong>hunc</strong></span> <span class='ocrx_word' id='word_1_250' title='bbox 733 2361 917 2389; x_wconf 90' lang='lat' dir='ltr'><strong>sanctum</strong></span> <span class='ocrx_word' id='word_1_251' title='bbox 950 2352 1159 2389; x_wconf 90' lang='lat' dir='ltr'><strong>intendere</strong></span> <span class='ocrx_word' id='word_1_252' title='bbox 1182 2354 1291 2401; x_wconf 91' lang='lat' dir='ltr'><strong>quod</strong></span> <span class='ocrx_word' id='word_1_253' title='bbox 1314 2353 1484 2391; x_wconf 87' lang='lat' dir='ltr'><strong>ecclesia</strong></span> 
     </span>
    </p>
   </div>
   <div class='ocr_carea' id='block_1_5' title="bbox 1719 212 1789 248">
    <p class='ocr_par' dir='ltr' id='par_1_11' title="bbox 1719 212 1789 248">
     <span class='ocr_line' id='line_1_36' title="bbox 1719 212 1789 248; baseline 0 0"><span class='ocrx_word' id='word_1_254' title='bbox 1719 212 1789 248; x_wconf 84' lang='lat'><strong>103</strong></span> 
     </span>
    </p>
   </div>
   <div class='ocr_carea' id='block_1_6' title="bbox 1529 795 1775 893">
    <p class='ocr_par' dir='ltr' id='par_1_12' title="bbox 1529 795 1775 893">
     <span class='ocr_line' id='line_1_37' title="bbox 1556 795 1744 823; baseline 0.005 -1"><span class='ocrx_word' id='word_1_255' title='bbox 1556 795 1744 823; x_wconf 84' lang='lat' dir='ltr'><strong>Scholastics</strong></span> 
     </span>
     <span class='ocr_line' id='line_1_38' title="bbox 1529 830 1775 865; baseline 0.008 -8"><span class='ocrx_word' id='word_1_256' title='bbox 1529 830 1640 857; x_wconf 86' lang='lat' dir='ltr'><strong>should</strong></span> <span class='ocrx_word' id='word_1_257' title='bbox 1662 839 1775 865; x_wconf 83' lang='lat' dir='ltr'><strong>expose</strong></span> 
     </span>
     <span class='ocr_line' id='line_1_39' title="bbox 1546 865 1758 893; baseline 0.005 -1"><span class='ocrx_word' id='word_1_258' title='bbox 1546 865 1624 892; x_wconf 87' lang='lat' dir='ltr'><strong>their</strong></span> <span class='ocrx_word' id='word_1_259' title='bbox 1644 873 1758 893; x_wconf 87' lang='lat' dir='ltr'><strong>errors.</strong></span> 
     </span>
    </p>
   </div>
   <div class='ocr_carea' id='block_1_7' title="bbox 1511 1779 1780 1920">
    <p class='ocr_par' dir='ltr' id='par_1_13' title="bbox 1515 1779 1780 1816">
     <span class='ocr_line' id='line_1_40' title="bbox 1515 1779 1780 1816; baseline 0.004 -9"><span class='ocrx_word' id='word_1_260' title='bbox 1515 1779 1567 1816; x_wconf 87' lang='lat' dir='ltr'><strong>My</strong></span> <span class='ocrx_word' id='word_1_261' title='bbox 1588 1780 1780 1816; x_wconf 83' lang='lat' dir='ltr'><strong>digressions</strong></span> 
     </span>
    </p>

    <p class='ocr_par' dir='ltr' id='par_1_14' title="bbox 1511 1816 1774 1851">
     <span class='ocr_line' id='line_1_41' title="bbox 1511 1816 1774 1851; baseline 0.004 -9"><span class='ocrx_word' id='word_1_262' title='bbox 1511 1823 1582 1851; x_wconf 89' lang='lat' dir='ltr'><strong>may</strong></span> <span class='ocrx_word' id='word_1_263' title='bbox 1602 1816 1679 1843; x_wconf 85' lang='lat' dir='ltr'><strong>have</strong></span> <span class='ocrx_word' id='word_1_264' title='bbox 1700 1816 1774 1843; x_wconf 85' lang='lat' dir='ltr'><strong>been</strong></span> 
     </span>
    </p>

    <p class='ocr_par' dir='ltr' id='par_1_15' title="bbox 1513 1850 1772 1920">
     <span class='ocr_line' id='line_1_42' title="bbox 1513 1850 1772 1878; baseline 0.008 -2"><span class='ocrx_word' id='word_1_265' title='bbox 1513 1857 1551 1877; x_wconf 87' lang='lat' dir='ltr'><strong>an</strong></span> <span class='ocrx_word' id='word_1_266' title='bbox 1571 1850 1716 1878; x_wconf 87' lang='lat' dir='ltr'><strong>occasion</strong></span> <span class='ocrx_word' id='word_1_267' title='bbox 1737 1851 1772 1878; x_wconf 88' lang='lat' dir='ltr'><strong>of</strong></span> 
     </span>
     <span class='ocr_line' id='line_1_43' title="bbox 1593 1885 1687 1920; baseline 0.021 -9"><span class='ocrx_word' id='word_1_268' title='bbox 1593 1885 1687 1920; x_wconf 88' lang='lat' dir='ltr'><strong>good.</strong></span> 
     </span>
    </p>
   </div>
   <div class='ocr_carea' id='block_1_8' title="bbox 1515 2359 1759 2423">
    <p class='ocr_par' dir='ltr' id='par_1_16' title="bbox 1515 2359 1759 2423">
     <span class='ocr_line' id='line_1_44' title="bbox 1515 2359 1759 2396; baseline 0.004 -9"><span class='ocrx_word' id='word_1_269' title='bbox 1515 2359 1582 2387; x_wconf 90' lang='lat' dir='ltr'><strong>The</strong></span> <span class='ocrx_word' id='word_1_270' title='bbox 1602 2360 1663 2396; x_wconf 83' lang='lat' dir='ltr'><strong>city</strong></span> <span class='ocrx_word' id='word_1_271' title='bbox 1682 2369 1721 2388; x_wconf 88' lang='lat' dir='ltr'><strong>on</strong></span> <span class='ocrx_word' id='word_1_272' title='bbox 1742 2370 1759 2388; x_wconf 85' lang='lat' dir='ltr'><strong>a</strong></span> 
     </span>
     <span class='ocr_line' id='line_1_45' title="bbox 1550 2394 1720 2423; baseline 0.012 -2"><span class='ocrx_word' id='word_1_273' title='bbox 1550 2394 1601 2422; x_wconf 85' lang='lat' dir='ltr'><strong>hill</strong></span> <span class='ocrx_word' id='word_1_274' title='bbox 1623 2395 1649 2423; x_wconf 89' lang='lat' dir='ltr'><strong>is</strong></span> <span class='ocrx_word' id='word_1_275' title='bbox 1669 2396 1720 2423; x_wconf 87' lang='lat' dir='ltr'><strong>the</strong></span> 
     </span>
    </p>
   </div>
   <div class='ocr_carea' id='block_1_9' title="bbox 114 2409 1775 2459">
    <p class='ocr_par' dir='ltr' id='par_1_17' title="bbox 114 2409 1775 2459">
     <span class='ocr_line' id='line_1_46' title="bbox 114 2409 1775 2459; baseline 0.002 -14"><span class='ocrx_word' id='word_1_276' title='bbox 114 2413 154 2445; x_wconf 82' lang='lat'><strong>35</strong></span> <span class='ocrx_word' id='word_1_277' title='bbox 172 2409 348 2446; x_wconf 89' lang='lat' dir='ltr'><strong>militans</strong></span> <span class='ocrx_word' id='word_1_278' title='bbox 395 2409 445 2446; x_wconf 88' lang='lat' dir='ltr'><strong>sit</strong></span> <span class='ocrx_word' id='word_1_279' title='bbox 489 2411 662 2458; x_wconf 91' lang='lat' dir='ltr'><strong>quedam</strong></span> <span class='ocrx_word' id='word_1_280' title='bbox 702 2410 840 2447; x_wconf 90' lang='lat' dir='ltr'><strong>civitas</strong></span> <span class='ocrx_word' id='word_1_281' title='bbox 884 2423 1005 2459; x_wconf 90' lang='lat' dir='ltr'><strong>supra</strong></span> <span class='ocrx_word' id='word_1_282' title='bbox 1051 2420 1243 2458; x_wconf 86' lang='lat' dir='ltr'><strong>montem,</strong></span> <span class='ocrx_word' id='word_1_283' title='bbox 1289 2413 1381 2455; x_wconf 91' lang='lat' dir='ltr'><strong>(hoc</strong></span> <span class='ocrx_word' id='word_1_284' title='bbox 1426 2421 1612 2457; x_wconf 74' lang='lat' dir='ltr'><strong>eStchurch</strong></span> <span class='ocrx_word' id='word_1_285' title='bbox 1631 2431 1775 2459; x_wconf 84' lang='lat' dir='ltr'><strong>militant.</strong></span> 
     </span>
    </p>
   </div>
   <div class='ocr_carea' id='block_1_10' title="bbox 171 2467 1482 2517">
    <p class='ocr_par' dir='ltr' id='par_1_18' title="bbox 171 2467 1482 2517">
     <span class='ocr_line' id='line_1_47' title="bbox 171 2467 1482 2517; baseline 0.002 -14"><span class='ocrx_word' id='word_1_286' title='bbox 171 2467 406 2516; x_wconf 90' lang='lat' dir='ltr'><strong>Dominum)</strong></span> <span class='ocrx_word' id='word_1_287' title='bbox 436 2467 579 2516; x_wconf 86' lang='lat' dir='ltr'><strong>posita,</strong></span> <span class='ocrx_word' id='word_1_288' title='bbox 612 2477 655 2504; x_wconf 90' lang='lat' dir='ltr'><strong>ut</strong></span> <span class='ocrx_word' id='word_1_289' title='bbox 686 2468 865 2517; x_wconf 90' lang='lat' dir='ltr'><strong>loquitur</strong></span> <span class='ocrx_word' id='word_1_290' title='bbox 887 2469 1039 2516; x_wconf 86' lang='lat' dir='ltr'><strong>Ysaias,</strong></span> <span class='ocrx_word' id='word_1_291' title='bbox 1068 2478 1105 2506; x_wconf 88' lang='lat' dir='ltr'><strong>et</strong></span> <span class='ocrx_word' id='word_1_292' title='bbox 1128 2470 1177 2506; x_wconf 91' lang='lat' dir='ltr'><strong>ad</strong></span> <span class='ocrx_word' id='word_1_293' title='bbox 1201 2468 1482 2517; x_wconf 89' lang='lat' dir='ltr'><strong>specialiorem</strong></span> 
     </span>
    </p>
   </div>
   <div class='ocr_carea' id='block_1_11' title="bbox 166 2636 1484 2740">
    <p class='ocr_par' dir='ltr' id='par_1_19' title="bbox 166 2636 1484 2740">
     <span class='ocr_line' id='line_1_48' title="bbox 238 2636 1484 2674; baseline 0.002 -11"><span class='ocrx_word' id='word_1_294' title='bbox 238 2636 279 2670; x_wconf 86' lang='lat'><strong>16,</strong></span> <span class='ocrx_word' id='word_1_295' title='bbox 301 2643 340 2668; x_wconf 83' lang='lat'><strong>17.</strong></span> <span class='ocrx_word' id='word_1_296' title='bbox 360 2637 405 2663; x_wconf 88' lang='lat' dir='ltr'><strong>A:</strong></span> <span class='ocrx_word' id='word_1_297' title='bbox 431 2636 552 2664; x_wconf 84' lang='lat' dir='ltr'><strong>mz&#39;nera</strong></span> <span class='ocrx_word' id='word_1_298' title='bbox 572 2636 727 2664; x_wconf 82' lang='lat' dir='ltr'><strong>mendacii</strong></span> <span class='ocrx_word' id='word_1_299' title='bbox 743 2636 843 2664; x_wconf 88' lang='lat' dir='ltr'><strong>twice.</strong></span> <span class='ocrx_word' id='word_1_300' title='bbox 950 2637 997 2665; x_wconf 85' lang='lat'><strong>26.</strong></span> <span class='ocrx_word' id='word_1_301' title='bbox 1017 2639 1061 2665; x_wconf 92' lang='lat' dir='ltr'><strong>A:</strong></span> <span class='ocrx_word' id='word_1_302' title='bbox 1082 2637 1219 2666; x_wconf 82' lang='lat' dir='ltr'><strong>inseruu.</strong></span> <span class='ocrx_word' id='word_1_303' title='bbox 1309 2646 1353 2674; x_wconf 87' lang='lat'><strong>27.</strong></span> <span class='ocrx_word' id='word_1_304' title='bbox 1374 2640 1419 2666; x_wconf 90' lang='lat' dir='ltr'><strong>A:</strong></span> <span class='ocrx_word' id='word_1_305' title='bbox 1440 2640 1484 2667; x_wconf 81' lang='lat' dir='ltr'><strong>vi-</strong></span> 
     </span>
     <span class='ocr_line' id='line_1_49' title="bbox 166 2671 1482 2709; baseline 0.003 -12"><span class='ocrx_word' id='word_1_306' title='bbox 166 2671 290 2702; x_wconf 79' lang='lat' dir='ltr'><strong>vacius,-</strong></span> <span class='ocrx_word' id='word_1_307' title='bbox 315 2671 354 2698; x_wconf 89' lang='lat' dir='ltr'><strong>B:</strong></span> <span class='ocrx_word' id='word_1_308' title='bbox 376 2671 505 2698; x_wconf 84' lang='lat' dir='ltr'><strong>unicius.</strong></span> <span class='ocrx_word' id='word_1_309' title='bbox 614 2673 660 2699; x_wconf 84' lang='lat'><strong>28.</strong></span> <span class='ocrx_word' id='word_1_310' title='bbox 681 2671 905 2705; x_wconf 82' lang='lat' dir='ltr'><strong>occasionare;</strong></span> <span class='ocrx_word' id='word_1_311' title='bbox 930 2672 971 2699; x_wconf 89' lang='lat' dir='ltr'><strong>ita</strong></span> <span class='ocrx_word' id='word_1_312' title='bbox 1000 2672 1091 2700; x_wconf 89' lang='lat' dir='ltr'><strong>codd.</strong></span> <span class='ocrx_word' id='word_1_313' title='bbox 1200 2672 1245 2700; x_wconf 82' lang='lat'><strong>30.</strong></span> <span class='ocrx_word' id='word_1_314' title='bbox 1267 2674 1295 2701; x_wconf 89' lang='lat' dir='ltr'><strong>A</strong></span> <span class='ocrx_word' id='word_1_315' title='bbox 1314 2673 1345 2701; x_wconf 88' lang='lat' dir='ltr'><strong>in</strong></span> <span class='ocrx_word' id='word_1_316' title='bbox 1366 2682 1482 2709; x_wconf 67' lang='lat' dir='ltr'><strong>marg:</strong></span> 
     </span>
     <span class='ocr_line' id='line_1_50' title="bbox 168 2704 806 2740; baseline 0.002 -8"><span class='ocrx_word' id='word_1_317' title='bbox 168 2704 368 2740; x_wconf 76' lang='lat' dir='ltr'><strong>Augustinus.</strong></span> <span class='ocrx_word' id='word_1_318' title='bbox 441 2705 488 2733; x_wconf 84' lang='lat'><strong>36.</strong></span> <span class='ocrx_word' id='word_1_319' title='bbox 511 2706 629 2734; x_wconf 88' lang='lat' dir='ltr'><strong>Codd.:</strong></span> <span class='ocrx_word' id='word_1_320' title='bbox 651 2707 694 2733; x_wconf 84' lang='lat' dir='ltr'><strong>ad</strong></span> <span class='ocrx_word' id='word_1_321' title='bbox 713 2707 806 2734; x_wconf 82' lang='lat' dir='ltr'><strong>deest.</strong></span> 
     </span>
    </p>
   </div>
   <div class='ocr_carea' id='block_1_12' title="bbox 171 2789 1483 2879">
    <p class='ocr_par' dir='ltr' id='par_1_20' title="bbox 171 2789 1483 2879">
     <span class='ocr_line' id='line_1_51' title="bbox 239 2789 1483 2833; baseline 0.003 -13"><span class='ocrx_word' id='word_1_322' title='bbox 239 2799 292 2830; x_wconf 86' lang='lat'><strong>24.</strong></span> <span class='ocrx_word' id='word_1_323' title='bbox 318 2789 437 2823; x_wconf 85' lang='lat' dir='ltr'><strong>Matth.</strong></span> <span class='ocrx_word' id='word_1_324' title='bbox 463 2790 504 2830; x_wconf 88' lang='lat' dir='ltr'><strong>V,</strong></span> <span class='ocrx_word' id='word_1_325' title='bbox 548 2801 598 2831; x_wconf 80' lang='lat'><strong>14.</strong></span> <span class='ocrx_word' id='word_1_326' title='bbox 743 2792 797 2824; x_wconf 82' lang='lat'><strong>30.</strong></span> <span class='ocrx_word' id='word_1_327' title='bbox 822 2791 1018 2833; x_wconf 80' lang='lat' dir='ltr'><strong>Augustini,</strong></span> <span class='ocrx_word' id='word_1_328' title='bbox 1056 2792 1107 2824; x_wconf 90' lang='lat' dir='ltr'><strong>De</strong></span> <span class='ocrx_word' id='word_1_329' title='bbox 1139 2802 1242 2824; x_wconf 88' lang='lat' dir='ltr'><strong>serm.</strong></span> <span class='ocrx_word' id='word_1_330' title='bbox 1274 2793 1416 2824; x_wconf 89' lang='lat' dir='ltr'><strong>Domini</strong></span> <span class='ocrx_word' id='word_1_331' title='bbox 1449 2794 1483 2824; x_wconf 88' lang='lat' dir='ltr'><strong>in</strong></span> 
     </span>
     <span class='ocr_line' id='line_1_52' title="bbox 171 2835 566 2879; baseline 0.005 -13"><span class='ocrx_word' id='word_1_332' title='bbox 171 2842 300 2876; x_wconf 87' lang='lat' dir='ltr'><strong>monte,</strong></span> <span class='ocrx_word' id='word_1_333' title='bbox 327 2835 349 2867; x_wconf 92' lang='grc'><strong>1.</strong></span> <span class='ocrx_word' id='word_1_334' title='bbox 375 2846 403 2868; x_wconf 88' lang='lat' dir='ltr'><strong>c.</strong></span> <span class='ocrx_word' id='word_1_335' title='bbox 429 2847 461 2878; x_wconf 90' lang='lat' dir='ltr'><strong>p.</strong></span> <span class='ocrx_word' id='word_1_336' title='bbox 493 2846 566 2879; x_wconf 85' lang='lat'><strong>171.</strong></span> 
     </span>
    </p>
   </div>
  </div>
 </body>
</html>
