2003 3322
195 221 268 257 186
881 231 999 264 opus
1024 231 1359 264 EVANGELICUM
1616 220 1723 275 [CAP.
1743 229 1791 256 LI.

477 337 574 372 enim
599 349 711 373 casus
732 345 787 373 est
813 338 849 373 in
882 338 977 376 illo³.
1014 339 1119 374 Sicut
1151 339 1248 375 enim
1274 339 1338 388 qui
1350 339 1457 388 facit
1479 339 1790 376 consuetudinem

478 395 599 431 multa
633 395 738 444 loqui
768 408 918 433 necesse
961 404 1017 433 est
1051 404 1091 433 ut
1122 397 1332 446 aliquando
1367 398 1575 449 inportuna
1610 397 1792 446 loquatur

476 460 512 489 et
543 453 608 501 qui
629 453 735 502 facit
767 455 1079 491 consuetudinem
1097 456 1334 503 frequenter
1356 468 1471 493 manu
1495 468 1565 491 sua
1584 463 1792 504 percutere

477 523 627 548 necesse
664 519 720 547 est
752 519 792 547 ut
828 512 1035 561 aliquando
1074 513 1210 549 iniuste
1236 515 1451 562 percuciat,
1499 513 1553 549 sic
1585 514 1650 562 qui
1679 513 1792 550 habet

477 569 788 606 consuetudinem
828 570 963 606 iurare
1000 571 1036 606 in
1077 571 1192 606 rebus
1233 571 1379 608 idoneis
1408 573 1645 622 frequenter
1683 579 1718 608 et
1755 571 1824 607 inf>

479 627 593 663 rebus
614 628 822 678 superfluis
839 629 958 664 eciam
975 629 1105 665 nolens
1123 630 1396 666 consuetudine
1413 631 1589 667 trahente
1598 630 1790 679 periurat.

479 685 580 720 Nam
609 686 776 721 omnium
801 698 934 722 rerum
957 687 1282 733 consuetudinem,
1316 689 1469 736 quando
1493 687 1681 734 volumus,
1705 695 1794 723 tunc

478 743 629 791 quidem
649 744 840 792 facimus,
873 745 942 780 sed
963 757 1036 781 non
1060 745 1212 793 quando
1236 746 1426 793 volumus,
1450 754 1540 782 tunc
1570 745 1793 795 repellimus

479 813 574 837 eam.

223 865 346 915 pagjger
366 871 401 890 an
536 859 590 894 Et
633 860 758 908 qualis
802 867 858 896 est
910 867 1047 897 contra
1100 860 1273 897 iurantes
1316 861 1506 897 sentencia
1551 861 1639 908 Dei,
1685 861 1851 897 docet1o

207 900 397 962 uselzsastrfiesss
480 917 684 953 Salomon:
717 917 817 964 *Vir,
851 918 983 967 inquit,
1017 919 1180 954 multum
1214 919 1348 955 iurans
1370 931 1443 956 non
1471 920 1574 955 exiet
1589 919 1714 969 plaga
1749 919 1795 955 de

481 976 593 1011 domo
639 976 745 1012 eius.²
793 976 837 1011 Si
878 976 1002 1026 igitur
1039 989 1059 1012 a
1099 976 1314 1013 iurantibus
1353 978 1478 1027 plaga
1519 989 1591 1013 non
1637 977 1793 1023 recedit,

479 1035 669 1083 quomodo
713 1047 734 1069 a
776 1034 1071 1083 periurantibus
1114 1034 1322 1083 aliquando
1361 1035 1536 1071 recedit?
1587 1035 1662 1070 Dic
1700 1034 1796 1070 mihi

479 1092 602 1128 amice
633 1092 799 1128 iurando
822 1093 915 1140 quid
931 1092 1123 1142 proficis?
1155 1092 1256 1128 Nam
1291 1100 1326 1129 et
1356 1093 1391 1129 si
1421 1093 1675 1129 adversarius
1706 1099 1793 1128 tuus

480 1150 658 1187 crederet
681 1158 716 1186 te
741 1151 832 1187 bene
854 1150 1076 1186 iuraturum
1101 1162 1294 1199 nunquam
1318 1151 1452 1187 iurare
1474 1158 1510 1187 te
1531 1151 1790 1200 compelleret.
1812 1153 1847 1185 15

481 1208 558 1244 Sed
590 1209 676 1256 quia
711 1216 745 1244 te
771 1208 1072 1257 periuraturum
1107 1208 1316 1256 existimat,
1350 1209 1434 1245 i-deo
1467 1216 1503 1245 te
1534 1209 1668 1244 iurare
1690 1220 1792 1244 com-

476 1266 600 1316 pellit.
635 1267 689 1302 Et
719 1279 805 1302 cum
838 1266 1045 1313 iuraveris,
1079 1279 1150 1302 non
1185 1267 1295 1315 quasi
1324 1267 1359 1303 in
1393 1267 1556 1303 veritate
1588 1266 1796 1302 iuramenti

481 1324 537 1360 tui
563 1324 745 1373 placatus
777 1331 889 1372 tacet,
922 1325 990 1361 sed
1022 1325 1133 1373 quasi
1162 1324 1198 1360 in
1233 1325 1511 1374 dampnacione
1536 1324 1708 1374 periurii
1737 1324 1796 1360 tui

482 1382 750 1418 vindicaturus
782 1383 938 1419 recedit.
986 1383 1249 1420 Iuramentum
1284 1383 1380 1419 enim
1414 1395 1620 1432 numquam
1654 1383 1791 1418 bonum

481 1441 629 1477 exitum
663 1442 786 1477 habet.
840 1441 1007 1485 Quidam
1047 1441 1144 1476 enim
1186 1448 1221 1477 te
1258 1441 1437 1477 estimant
1474 1441 1645 1477 avaricie
1676 1452 1792 1476 causa
1809 1453 1850 1474 20

481 1500 645 1544 iurasse,
691 1499 846 1548 quidam
881 1506 1008 1535 autem
1042 1506 1077 1535 et
1103 1499 1332 1549 periurasse
1369 1500 1545 1545 credunt,
1590 1506 1716 1534 tamen
1757 1498 1793 1534 in

482 1556 656 1593 veritate.
709 1557 786 1601 Qui
815 1564 941 1598 autem
984 1557 1030 1593 de
1068 1564 1103 1593 te
1140 1558 1231 1593 bene
1264 1558 1456 1594 voluerint
1487 1557 1691 1606 suspicari,
1725 1556 1797 1592 etsi

477 1616 705 1665 periurasse
737 1622 773 1651 te
804 1627 877 1651 non
901 1616 1076 1662 credunt,
1111 1622 1237 1651 tamen
1262 1616 1297 1651 in
1322 1616 1484 1652 veritate
1507 1615 1656 1651 iurasse
1678 1614 1793 1664 affir-

482 1686 592 1710 mare
636 1685 708 1710 non
746 1680 920 1723 possunt.
974 1673 1098 1710 Nemo
1145 1680 1272 1710 autem
1318 1681 1447 1724 potest
1500 1673 1709 1722 defendere
1760 1679 1796 1708 te

482 1732 665 1782 religiose
686 1732 832 1782 egisse;
863 1731 1022 1780 ideoque
1050 1731 1183 1767 iurans
1205 1731 1367 1768 inimicis
1388 1732 1463 1768 tuis
1485 1731 1520 1767 in
1544 1731 1794 1780 opprobrium
1813 1732 1852 1764 25

482 1790 597 1836 uenis,
635 1790 768 1825 amicis
800 1790 873 1825 tuis
911 1789 946 1825 in
983 1789 1248 1838 suspicionem.
1295 1790 1373 1826 Sed
1393 1791 1507 1839 forte
1544 1789 1658 1825 dicis:
1696 1788 1799 1832 Quid

472 1848 639 1897 faciam.
679 1848 765 1884 Non
804 1848 900 1883 enim
941 1848 1035 1883 milzi
1071 1848 1193 1883 credit
1232 1860 1298 1883 nec
1331 1848 1411 1883 vult
1441 1848 1602 1883 credere
1634 1847 1706 1882 nisi
1741 1847 1796 1882 iu-

483 1918 637 1941 ravero.
683 1906 895 1954 Adquiesce
925 1906 1052 1956 magis
1069 1906 1272 1955 pecuniam
1292 1906 1462 1955 perdere
1484 1918 1596 1953 quam
1619 1905 1795 1950 salutem,

476 1964 695 2014 preciosior
713 1964 891 1999 videatur
913 1963 980 1999 tibi
1000 1963 1127 1999 anima
1153 1971 1216 1999 tua
1240 1976 1352 2012 quam
1377 1976 1439 2000 res
1462 1970 1537 1998 tua.
1564 1963 1606 1998 Si
1628 1975 1708 1998 rem
1724 1963 1794 1998 ali-

481 2034 594 2071 quam
622 2021 846 2071 perdideris
890 2021 1018 2058 vivere
1045 2029 1167 2070 potes.
1217 2022 1259 2057 Si
1296 2023 1420 2058 Deum
1451 2021 1673 2071 perdideris
1705 2032 1795 2069 quo·
1813 2022 1855 2054 30

482 2080 596 2116 modo
620 2079 753 2115 vives?
775 2079 833 2115 An
857 2079 978 2115 nescis
1000 2080 1101 2128 quod
1122 2079 1207 2129 quia
1231 2080 1432 2115 iuraturus
1455 2079 1614 2114 dimittis
1631 2086 1799 2128 propter

482 2138 558 2173 Dei
600 2138 777 2174 timorem
823 2137 1009 2173 maiorem
1054 2138 1283 2185 mercedem,
1328 2138 1443 2174 habes
1470 2148 1546 2186 pro
1579 2137 1645 2173 illo
1689 2137 1799 2186 quasi

481 2196 726 2232 elemosinam
771 2208 853 2231 eam
899 2196 1080 2243 dedisses,
1128 2196 1229 2245 quod
1272 2196 1357 2245 quia
1402 2208 1486 2231 cum
1531 2195 1678 2231 maiore
1719 2195 1796 2231 col-

484 2254 722 2290 luctuacione
744 2254 934 2302 facimus,
974 2267 1050 2303 pro
1084 2254 1149 2290 illo
1195 2254 1351 2304 dignius
1394 2265 1640 2289 coronamur.
1695 2253 1797 2289 Ecce

482 2312 604 2348 amice
626 2312 813 2348 admoneo
841 2319 876 2347 te
905 2324 950 2347 ne
978 2312 1168 2348 hominem
1191 2310 1400 2360 aliquando
1423 2312 1556 2346 iurare
1588 2310 1852 2360 compellasssb

482 2370 561 2406 sive
605 2370 806 2406 existimas
849 2382 933 2405 eum
979 2370 1070 2406 bene
1107 2370 1329 2405 iuraturum
1362 2370 1442 2405 sive
1473 2368 1673 2405 existimas
1711 2381 1794 2405 eum

485 2428 584 2464 male
623 2428 857 2475 iuraturum,
891 2428 959 2464 sed
991 2428 1118 2478 magis
1151 2429 1286 2464 recede
1318 2429 1364 2464 ab
1397 2440 1451 2473 eo,
1486 2427 1571 2476 quia
1605 2433 1639 2462 et
1670 2427 1704 2463 si
1734 2426 1798 2462 ille

484 2487 574 2522 bene
617 2486 821 2533 iuraverit,
883 2493 922 2521 tu
972 2486 1007 2521 in
1053 2493 1233 2534 quantum
1279 2487 1330 2521 ad
1374 2485 1646 2522 conscienciam
1692 2491 1796 2520 tuam

553 2641 582 2665 4,
603 2632 627 2660 5.
649 2631 792 2668 A:sczcit
812 2632 1069 2659 consuetudinem.
1161 2640 1187 2667 7.
1209 2633 1249 2658 A:
1270 2634 1342 2658 tunc
1362 2632 1456 2658 deest.
1550 2630 1585 2658 ·3.
1608 2630 1798 2665 aliquando,-

484 2669 527 2694 A:
550 2676 622 2695 non.
698 2668 738 2694 16.
760 2669 804 2694 A:
826 2666 934 2693 iurare
955 2667 1048 2693 deest.
1125 2674 1164 2701 ¹9-
1188 2667 1224 2693 13:
1246 2667 1324 2694 enim
1346 2667 1436 2693 deest.
1512 2673 1557 2692 20.
1581 2666 1618 2692 B:
1640 2665 1796 2692 existima-

484 2704 563 2729 bant.
640 2710 678 2736 21,
696 2709 737 2729 22.
754 2702 792 2729 B:
809 2701 936 2728 credunt
951 2717 981 2720 —
996 2702 1128 2728 veritate
1143 2702 1237 2728 deest.
1312 2700 1354 2728 32.
1367 2703 1410 2728 A:
1426 2701 1464 2728 de
1478 2701 1540 2727 illo.
1609 2698 1651 2727 33.
1667 2701 1709 2727 A:
1732 2708 1796 2726 eam

485 2738 578 2764 deest.
688 2736 728 2764 35.
762 2738 798 2764 15:
829 2736 1000 2772 aliquando
1030 2737 1123 2763 deest.
1237 2735 1285 2770 36,
1314 2734 1357 2770 37.
1388 2736 1424 2763 B:
1460 2736 1578 2762 estimes
1611 2743 1677 2762 eum
1709 2734 1795 2761 male.

485 2772 529 2799 38.
553 2772 588 2799 B:
612 2772 642 2798 in
663 2772 757 2798 deest.

558 2855 607 2876 11.
635 2844 738 2876 Eccli.
765 2844 880 2883 XXIII,
913 2854 962 2875 12.
