2003 3322
153 196 243 223 CAP.
265 186 393 240 xmv]
614 196 826 229 SECUNDA
854 198 980 229 PARS.

151 305 374 353 differenter
412 304 632 355 coniugium
672 304 940 340 maculaverat
966 304 1108 353 patris,
1154 304 1463 341 misericordiam

150 362 310 411 quesivit
341 369 376 398 et
401 374 478 411 per
507 362 687 412 graciam
719 362 795 397 Dei
826 362 978 398 invenit.

208 422 256 455 Et
308 419 372 456 hic
425 428 534 467 patet
579 432 623 455 ex
667 419 783 456 dictis
829 419 1068 456 Crisostorni
1114 421 1222 467 quod
1269 419 1464 467 contingit

153 478 310 514 fidelem
344 486 425 513 tam
468 479 516 513 ab
550 477 680 514 amico
713 490 834 525 quam
869 477 1033 513 inimico
1066 490 1183 525 quem
1221 477 1349 524 diligit
1382 486 1463 514 tam

119 537 255 574 5bona
301 535 454 572 maiora
502 548 624 583 quam
672 535 830 571 minora
874 536 1123 578 subtrahere,
1173 535 1267 583 quia
1313 537 1462 571 bonum

151 593 293 639 maius,
333 593 373 629 id
413 601 470 629 est
508 602 690 629 sanctum
732 602 769 629 et
806 593 1038 641 margarita,
1079 593 1259 629 subtrahi
1293 594 1411 629 debet
1444 607 1466 630 a

151 650 330 697 canibus,
376 659 419 687 ut
459 650 640 687 Christus
684 650 868 699 precipit,
914 651 1008 699 quia
1048 651 1215 687 canibus
1256 659 1293 687 et
1331 651 1464 699 porcis

150 721 230 744 non
249 709 461 756 proficeret
477 710 545 745 sed
562 708 688 757 magis
704 708 883 745 inficeret
899 718 936 745 et
954 710 1077 757 (quod
1095 709 1466 757 preponderancius

151 770 221 813 est)
250 766 414 803 ecclesie
444 766 633 803 militanti
664 776 840 812 noceret,
875 775 911 802 et
944 767 1149 803 conforme
1182 775 1240 803 est
1272 766 1464 803 iudicium

98 826 198 862 rode
251 824 366 861 bonis
419 824 615 871 minimis3
667 838 761 861 narn
815 825 902 872 ipsa
946 825 1095 861 donata
1139 837 1232 872 sepe
1282 824 1467 861 inimicos

151 881 299 918 Christi
348 891 385 918 et
428 895 498 918 sue
545 882 710 919 ecclesie
763 882 982 918 excitarent
1033 883 1082 918 ad
1130 883 1258 919 maius
1311 882 1466 919 facinus

151 941 477 987 perpetrandum.
526 942 619 976 Ideo
659 940 795 988 regula
834 942 951 976 debet
991 953 1074 976 esse
1119 940 1319 977 catholico
1360 943 1466 989 quod

150 997 275 1034 nichil
318 999 384 1034 det
429 998 559 1034 amico
607 999 668 1034 vel
711 997 876 1035 inimico
920 998 996 1034 nisi
1044 999 1152 1046 quod
1200 1000 1250 1035 ad
1295 999 1465 1035 salutem

151 1055 283 1092 anime
316 1056 417 1092 foret
450 1056 523 1092 sibi
557 1056 653 1092 utile
687 1065 723 1093 et
760 1057 968 1104 prodesset
1001 1056 1178 1101 ecclesie,
1221 1058 1326 1093 unde
1359 1056 1467 1093 utilis

99 1113 321 1154 15tribucio
360 1113 592 1161 negacionis
631 1114 838 1162 prudentis
877 1114 1123 1162 quafidelis
1164 1114 1358 1151 tribueret
1397 1115 1467 1151 tali

150 1171 436 1219 privacionem,
460 1185 508 1208 ne
531 1180 694 1208 noceret
718 1172 897 1217 ecclesie,
920 1172 1021 1208 foret
1042 1172 1215 1209 tribucio
1239 1172 1468 1221 evangelica

151 1229 393 1278 quibusdam
426 1231 646 1277 prudenter
679 1243 769 1266 cum
803 1229 966 1278 paribus
1000 1232 1240 1277 coaptanda.
1276 1233 1324 1267 Et
1357 1239 1468 1278 patet

150 1289 257 1336 quod
299 1289 533 1324 mandatum
569 1288 845 1336 evangelicum
879 1288 1047 1324 Matthei
1078 1289 1131 1324 V:
1172 1288 1288 1324 Omni
1327 1289 1471 1337 petenti

151 1353 185 1381 te
217 1346 353 1391 tribue,
386 1358 467 1382 non
501 1354 558 1382 est
591 1345 837 1382 contrarium
874 1346 966 1382 huic
998 1345 1072 1382 vie.

94 1421 135 1442 20
208 1403 397 1451 Sequitur
449 1403 488 1439 in
540 1403 653 1440 litera
702 1403 959 1440 Crisostomi:
1018 1404 1188 1440 Gentiles
1231 1411 1358 1440 autem
1410 1405 1470 1440 vel

150 1461 339 1497 hereticos
383 1462 447 1510 qui
496 1462 766 1498 verisimilibus
809 1462 1126 1511 persuasionibus
1179 1462 1467 1498 mendaciorum

151 1520 397 1568 circumsepti
425 1527 513 1555 sunt
545 1527 580 1555 et
612 1520 783 1556 conclusi
819 1520 855 1555 in
888 1520 1060 1556 claustro
1088 1520 1266 1569 perfidie,
1315 1521 1470 1569 pulsate

152 1589 215 1613 eos
249 1577 434 1613 doctrinis
466 1578 631 1614 assiduis
663 1585 697 1613 et
729 1578 877 1627 aperiet
908 1578 959 1614 eis
983 1579 1090 1613 Deus
1117 1578 1272 1614 solvens
1295 1579 1469 1614 claustra

146 1635 336 1685 perfidie,·
373 1643 409 1671 et
440 1635 625 1671 habebitis
657 1636 693 1671 in
726 1648 789 1671 eos
821 1636 1056 1686 ingressum,
1088 1636 1186 1671 sicut
1218 1643 1254 1671 et
1291 1636 1470 1672 Christus

96 1699 135 1731 25
154 1693 243 1728 dicit
275 1693 310 1728 in
340 1694 594 1729 Revelacione
613 1694 820 1729 Johanm's:
852 1694 954 1729 Ecce
986 1705 1059 1743 ego
1082 1700 1140 1730 sto
1163 1694 1215 1728 ad
1237 1694 1401 1730 hostium
1436 1701 1471 1730 et

147 1751 261 1799 pulso
294 1757 329 1786 et
360 1751 424 1799 qui
454 1752 654 1800 aperuerit
686 1751 791 1797 mihi,
830 1751 981 1787 intrabo
1021 1752 1073 1786 ad
1110 1752 1218 1786 illum
1258 1759 1292 1787 et
1330 1752 1470 1788 cenabo

153 1821 236 1845 cum
276 1821 318 1844 eo
357 1816 392 1844 et
431 1809 495 1845 ille
526 1821 686 1845 mecum.
721 1809 835 1859 Ergo
868 1822 940 1845 non
973 1810 1198 1846 temerando
1230 1817 1363 1845 sancta
1396 1810 1473 1845 Dei

154 1867 214 1902 vel
245 1874 473 1915 peccatores
512 1867 572 1902 vel
608 1867 773 1917 gentiles
813 1868 873 1903 vel
915 1867 1104 1903 hereticos
1150 1868 1331 1904 debemus
1375 1868 1472 1903 velle

151 1925 308 1961 salvare
349 1925 418 1960 sub
461 1925 613 1960 obtentu
661 1925 947 1970 misericordie;
991 1925 1061 1961 hoc
1099 1925 1196 1960 enim
1243 1926 1472 1961 temeritatis

97 1989 220 2029 30est,
266 1994 339 2018 non
383 1983 572 2029 bonitatis,
618 1983 687 2019 sed
719 1983 845 2018 Deum
877 1983 1029 2032 quidem
1077 1984 1244 2032 petendo
1283 1996 1360 2032 pro
1405 1984 1469 2029 eis,

153 2041 257 2089 ipsos
300 2047 426 2076 autem
473 2041 534 2076 vel
579 2041 773 2089 querendo
811 2041 846 2076 si
878 2041 1083 2090 perierunt
1125 2041 1184 2077 vel
1211 2041 1407 2090 pulsando
1439 2041 1473 2077 si

154 2098 276 2134 clausi
296 2105 395 2134 sunt.
430 2098 483 2133 Et
513 2105 601 2134 tunc
633 2111 701 2134 nos
732 2098 768 2134 si
798 2099 915 2148 digne
942 2099 1108 2147 petimus
1138 2106 1173 2134 et
1195 2099 1254 2134 illi
1278 2099 1472 2135 sanabiles

152 2163 240 2193 sunt
271 2168 322 2192 ex
354 2155 508 2191 canibus
539 2163 575 2192 et
600 2156 735 2204 porcis
767 2156 976 2192 immundis
1008 2156 1221 2204 reformati
1251 2157 1472 2206 efficientur

154 2213 325 2250 homines
355 2213 490 2259 sancti,
523 2221 559 2249 et
589 2214 644 2250 sic
676 2214 771 2249 iuste
803 2221 837 2249 et
870 2214 988 2264 digne
1018 2221 1151 2249 sancta
1180 2214 1472 2263 participabunt

99 2278 138 2313 35
155 2279 190 2307 et
221 2271 377 2307 audient
408 2279 558 2307 secreta
589 2272 775 2307 misteria.

213 2331 290 2365 Ista
311 2330 432 2365 verba
454 2328 692 2365 Crisostomi
716 2337 883 2376 possunt
905 2329 1018 2365 nobis
1043 2342 1064 2365 a
1086 2329 1245 2365 vinculo
1269 2329 1470 2366 diabolico

155 2386 290 2423 liberis
323 2386 522 2435 coaptari3
562 2386 618 2423 sic
652 2386 759 2423 enim
794 2388 986 2422 debemus
1024 2396 1198 2423 tractare
1237 2388 1470 2424 claustrales

156 2444 196 2480 in
235 2444 309 2480 hiis
347 2444 458 2481 novis
498 2444 709 2481 ordinibus
741 2444 976 2482 vinculatos.
1025 2446 1138 2481 Unde
1177 2454 1470 2493 consequenter

158 2502 253 2539 dicit
285 2502 576 2539 Crisostomus:
614 2502 749 2538 'Omnis
786 2503 853 2551 qui
877 2503 974 2552 petit
1006 2503 1143 2551 accipit
1184 2510 1220 2538 et
1251 2503 1313 2551 qui
1345 2503 1470 2551 querit

227 2679 246 2697 1.
268 2671 312 2697 A:
332 2670 582 2697 misericordiam
603 2670 704 2703 deest;
732 2670 754 2697 B
769 2670 799 2697 in
821 2678 916 2703 marg.
940 2670 1034 2697 addit,
1135 2668 1159 2696 3.
1181 2670 1209 2697 A
1230 2670 1259 2697 in
1283 2678 1397 2706 marga
1418 2670 1470 2698 Jo-

157 2705 286 2732 lzannes.
371 2703 411 2732 35.
433 2706 477 2731 A:
498 2704 684 2731 ministeria.
768 2704 815 2732 36.
836 2706 865 2732 A
885 2705 915 2731 in
937 2713 1052 2739 marg:
1073 2703 1241 2732 lohannes.
1322 2704 1368 2740 39.
1390 2706 1419 2732 A
1438 2705 1469 2732 in

157 2747 271 2774 marg:
296 2739 514 2767 Crisostomus.

229 2811 258 2843 3.
285 2811 307 2841 Ι.
336 2811 414 2842 Cor.
441 2812 481 2842 V.
580 2810 631 2842 25.
659 2811 769 2851 Apoc.
796 2810 848 2850 III,
878 2820 930 2841 20.

1673 201 1752 236 407

1493 428 1553 456 We
1574 438 1644 466 may
1664 431 1740 457 have

1507 468 1537 490 to
1560 465 1632 500 keep
1656 466 1730 492 back

1515 500 1596 533 good
1618 500 1721 534 things

1492 542 1566 560 even
1588 536 1667 562 troni
1690 543 1747 562 our

1559 569 1686 597 friends.

1526 998 1585 1025 We
1606 999 1717 1025 should

1511 1033 1579 1068 give
1600 1039 1630 1061 to
1651 1035 1722 1061 each

1483 1069 1553 1104 only
1576 1069 1657 1096 what
1679 1077 1748 1104 may

1496 1104 1586 1138 profit
1608 1104 1654 1131 his
1677 1105 1741 1130 sou]

1494 1139 1553 1165 and
1578 1143 1632 1166 not
1652 1139 1739 1166 harm

1518 1173 1568 1201 the
1589 1174 1724 1201 Church.

1493 1417 1552 1445 We
1574 1423 1656 1445 must
1677 1419 1747 1453 help

1514 1454 1644 1481 heretics
1665 1454 1724 1480 and

1526 1489 1654 1515 heathen
1680 1489 1717 1523 by

1497 1532 1607 1558 prayer
1627 1528 1656 1550 to
1679 1523 1748 1551 God

1537 1558 1585 1585 for
1606 1559 1703 1585 them.

1509 2342 1742 2379 Chrysostom⁷s

1484 2378 1591 2405 words
1610 2378 1697 2405 teach
1723 2387 1760 2405 us

1513 2413 1585 2439 how
1603 2416 1634 2439 to
1655 2417 1733 2440 treat

1519 2447 1570 2474 the
1590 2448 1732 2475 claustral

1566 2482 1685 2510 orders
