2003 3322
202 214 291 243 cAP.
310 205 381 259 Ν]
672 215 883 247 SECUNDA
910 214 1036 246 PARS.

262 325 339 361 Sed
376 324 423 360 sit
457 322 661 359 elemosina
694 329 757 357 tua
790 322 825 357 in
858 322 1056 368 absconso,
1100 334 1172 357 non
1206 329 1352 358 tantum
1386 322 1421 357 in
1454 323 1518 358 ab-

205 383 377 419 scondito
410 383 506 428 loco,
539 388 720 428 quantum
755 380 790 415 in
824 380 1045 415 abscondito
1078 379 1320 415 consciencie.
1356 380 1455 415 Nam
1489 380 1522 415 si

204 441 332 477 anima
367 440 466 475 inter
488 439 660 475 claustra
684 438 777 474 bone
799 437 1007 473 voluntatis
1029 438 1175 473 inclusa
1198 437 1259 484 sit,
1293 438 1519 486 corporales

205 506 314 535 actus
346 505 500 533 nostros
531 496 767 532 abscondere
800 507 1020 544 possumus,
1067 496 1101 532 si
1130 502 1255 530 autem
1290 496 1416 531 anima
1445 508 1520 544 per

173 559 325 592 5vanas
357 563 392 591 et
425 554 555 591 varias
586 553 845 603 cogitaciones
862 553 991 602 suerit
1020 561 1200 603 evagata,
1235 553 1329 588 nihil
1355 554 1517 601 prodest

205 622 313 650 actus
364 612 589 662 corporales
638 611 886 655 abscondere,
939 611 1024 659 quia
1069 612 1123 647 sic
1166 611 1436 647 abscondimus
1480 618 1519 646 ut

205 671 372 720 amplius
398 670 648 720 publicemus.

262 730 313 764 Et
347 735 462 778 pater
500 735 586 763 tuus
624 727 688 775 qui
724 727 824 762 videt
864 727 899 761 in
939 726 1161 762 abscondito
1202 726 1337 762 reddet
1377 726 1444 761 tibi
1481 726 1516 761 in

205 787 422 835 manifesta
470 786 561 821 Vide
597 785 683 832 quia
715 785 939 820 absconsum
974 784 1116 830 cordis,
1164 796 1235 819 non
1270 783 1344 819 loci
1372 784 1515 834 signat.

152 859 189 879 10
206 846 312 880 Deus
343 844 439 880 enim
474 843 508 878 in
549 843 733 878 absconso
766 842 896 878 cordis
927 849 995 888 est,
1028 854 1100 877 non
1133 841 1168 877 in
1202 842 1384 877 absconso
1418 842 1512 877 loco.

210 901 423 938 Considera
473 909 597 936 autem
651 900 736 948 quia
788 912 859 935 non
911 900 995 936 ideo
1047 899 1165 935 voluit
1218 911 1285 935 nos
1329 900 1436 935 Deus
1480 900 1515 934 in

205 961 387 996 absconso
409 959 562 1007 facere,
596 966 635 993 ut
667 970 738 993 non
771 965 959 1006 appareat
991 970 1086 1006 opus
1117 965 1304 1003 nostrum,
1349 957 1516 1005 alioquin

206 1018 356 1067 quando
386 1017 494 1052 dicit:
529 1016 592 1051 Sic
616 1016 739 1061 luceat
763 1015 889 1051 lumen
914 1023 1082 1051 vestrum
1108 1024 1146 1051 ut
1171 1015 1323 1051 videant
1346 1015 1517 1051 homines

207 1088 325 1126 opera
363 1082 491 1110 vestra
532 1082 567 1110 et
598 1073 844 1123 magnificent
871 1081 1026 1122 patrem
1061 1081 1230 1110 vestrum
1264 1073 1328 1121 qui
1359 1073 1394 1108 in
1427 1073 1517 1109 celis

153 1137 189 1168 15
206 1141 273 1172 est.
320 1133 397 1169 Sed
428 1140 466 1167 ut
500 1132 579 1181 ipse
610 1130 709 1168 illud
755 1132 942 1177 ostendat,
985 1144 1070 1166 nam
1115 1131 1278 1181 gracius
1309 1138 1363 1166 est
1407 1143 1517 1167 omne

206 1193 341 1228 bonum
376 1191 477 1238 quod
508 1203 529 1225 a
563 1190 669 1226 nobis
699 1190 949 1224 absconditur
979 1202 1000 1224 a
1025 1189 1108 1225 Deo
1131 1196 1255 1225 autem
1281 1189 1518 1234 ostenditur,-

207 1262 293 1285 nam
334 1248 368 1284 si
405 1256 443 1283 tu
483 1255 517 1283 te
550 1247 672 1296 ipsum
707 1247 887 1283 ostendas
914 1247 1032 1296 pauci
1061 1255 1146 1283 sunt
1181 1247 1245 1295 qui
1275 1254 1311 1283 te
1342 1247 1515 1292 laudant,

206 1308 246 1343 id
284 1313 349 1350 est,
404 1306 468 1355 qui
503 1317 575 1340 non
614 1305 833 1354 intelligunt
871 1305 971 1352 quod
1008 1313 1047 1340 tu
1088 1306 1209 1341 latere
1242 1304 1412 1353 poteris,·
1455 1305 1518 1352 qui

206 1372 330 1401 autem
365 1361 568 1405 intellexit,
603 1363 795 1412 vituperat
827 1363 967 1412 magis,
1008 1375 1080 1398 non
1120 1363 1275 1407 laudat,-
1319 1362 1353 1398 εἰ
1389 1370 1514 1398 autem

149 1435 191 1457 ρο
207 1423 315 1459 Deus
347 1429 382 1457 te
414 1421 602 1466 ostendat,
648 1432 756 1457 nemo
790 1421 995 1469 vituperat,
1040 1421 1113 1456 nisi
1132 1421 1247 1469 forte
1279 1421 1416 1467 malus,
1457 1421 1518 1456 cui

208 1480 382 1529 displicet
434 1480 562 1515 bonus.
619 1478 857 1528 Impossibile
908 1486 962 1514 est
1014 1478 1109 1514 enim
1155 1486 1194 1514 ut
1239 1479 1376 1514 bonum
1422 1490 1516 1527 opus

208 1537 370 1575 hominis
408 1537 444 1573 in
482 1536 703 1572 abscondito
743 1536 908 1571 dimittat
942 1536 1060 1581 Deus,
1105 1537 1173 1572 sed
1210 1536 1245 1571 in
1279 1536 1349 1571 hoc
1386 1537 1515 1572 seculo

207 1595 432 1644 manifestat
463 1606 546 1630 eum
580 1601 614 1629 et
645 1594 681 1629 in
714 1594 779 1629 illo
810 1594 1023 1643 glorificat,
1056 1594 1141 1642 quia
1173 1594 1306 1644 gloria
1340 1594 1416 1629 Dei
1445 1601 1512 1631 est.

209 1653 314 1689 Sicut
353 1660 478 1689 autem
517 1664 612 1701 opus
649 1652 745 1687 mali
779 1652 943 1687 hominis
980 1652 1031 1687 aa'
1067 1652 1238 1701 gloriam
1273 1651 1417 1687 diaboli
1447 1659 1513 1697 est,

153 1712 244 1747 251'71
289 1723 330 1747 eo
375 1710 471 1746 enim
520 1709 669 1745 malicie
712 1710 792 1746 eius
831 1710 953 1745 virtus
991 1710 1218 1756 ostenditur,
1271 1710 1324 1745 sic
1356 1717 1389 1745 et
1422 1721 1517 1758 opus

209 1770 346 1805 bonum
378 1768 509 1818 gloria
534 1767 610 1804 Dei
639 1775 705 1815 est,
738 1767 774 1803 in
807 1779 849 1803 eo
881 1768 978 1803 enim
1010 1768 1149 1817 gracia
1183 1768 1262 1804 eius
1291 1767 1515 1804 ostenditur.

211 1827 315 1862 Sicut
346 1838 443 1876 ergo
476 1826 650 1861 diabolus
682 1825 746 1874 qui
774 1826 957 1876 suggerit
988 1826 1131 1861 malum
1153 1825 1262 1874 fieri,
1296 1825 1376 1874 ipse
1398 1825 1518 1861 mani-

201 1885 328 1933 festat
351 1884 510 1929 malum,
543 1891 582 1919 ut
598 1890 707 1932 puta,
740 1883 819 1932 ipse
840 1884 1023 1934 suggerit
1054 1883 1289 1919 adulterium
1311 1885 1455 1932 facere
1486 1891 1519 1919 et

210 1943 289 1991 ipse
328 1941 550 1990 manifestat
588 1941 838 1985 adulterium,
883 1942 962 1990 ipse
991 1941 1173 1992 suggerit
1206 1941 1451 1977 homicidium
1486 1948 1520 1976 et

154 2004 195 2036 3⁷0
211 2001 290 2049 ipse
323 1999 495 2049 publicat
534 1999 794 2044 homicidium,
839 1999 893 2035 sic
926 2000 1033 2035 Deus
1072 1999 1135 2048 qui
1167 1999 1234 2034 dat
1265 1999 1401 2035 bonum
1424 1999 1523 2049 fieri

206 2058 378 2107 publicat
410 2069 519 2093 omne
550 2057 687 2092 bonum
722 2057 757 2092 in
791 2057 1008 2105 manifesto,
1041 2058 1081 2093 id
1113 2065 1179 2103 est,
1213 2056 1248 2092 in
1280 2058 1407 2093 seculo
1440 2057 1519 2103 illo,

210 2115 296 2164 quia
336 2115 395 2151 hic
434 2126 581 2150 merces
613 2115 759 2150 iusticie
790 2115 998 2163 manifesta
1032 2127 1103 2151 non
1133 2121 1259 2164 potest
1291 2127 1384 2160 esse,
1423 2122 1519 2164 puta

205 2185 281 2223 pro
319 2173 414 2208 bono
454 2184 581 2222 opere,
624 2172 659 2208 si
694 2180 729 2208 te
757 2172 903 2220 fecerit
942 2172 1094 2208 divitem
1134 2172 1310 2221 quoniam
1350 2172 1410 2208 hic
1448 2184 1520 2208 non

210 2231 333 2267 solum
378 2230 465 2266 boni
505 2231 574 2267 sed
616 2230 733 2265 eciam
780 2230 874 2265 mali
912 2230 1048 2266 divites
1084 2237 1183 2276 sunt,
1229 2230 1356 2280 magis
1394 2237 1519 2266 autem

154 2289 306 2325 35mali
350 2300 462 2337 quam
508 2287 607 2334 boni,
653 2287 736 2323 ideo
781 2299 928 2323 merces
971 2288 1116 2324 iusticie
1155 2288 1190 2323 in
1230 2288 1409 2323 divitibus
1447 2300 1519 2324 non

211 2353 388 2396 apparet,
421 2345 456 2381 si
485 2345 552 2381 tibi
582 2345 791 2381 tradiderit
812 2345 922 2395 filios
955 2353 989 2381 et
1008 2346 1120 2395 filias
1152 2358 1298 2391 eorum,
1331 2346 1450 2382 eciam
1484 2346 1518 2381 in

212 2404 285 2440 hiis
323 2403 429 2439 bonis
460 2403 723 2452 indifferenter
755 2403 843 2438 boni
873 2411 907 2439 et
940 2404 1039 2439 mali
1069 2403 1326 2450 inveniuntur,
1369 2411 1403 2439 et
1435 2404 1519 2440 ideo

213 2461 358 2497 iusticie
373 2473 518 2497 merces
533 2473 605 2496 non
618 2468 745 2509 potest
761 2473 841 2496 esse
855 2461 1073 2509 manifesta,
1089 2468 1123 2497 et
1139 2473 1248 2497 omne
1262 2462 1399 2496 bonum
1421 2462 1521 2510 quod

213 2525 268 2555 est
300 2519 335 2554 in
368 2519 438 2554 hoc
469 2519 596 2554 seculo
630 2518 884 2554 desiderabile
916 2519 1015 2554 inter
1046 2519 1162 2555 bonos
1195 2527 1229 2555 et
1261 2519 1385 2555 malos
1416 2531 1519 2555 conz-

153 2590 198 2621 40
213 2589 325 2613 mune
355 2584 424 2622 est,
457 2576 541 2612 ideo
573 2576 608 2612 si
637 2576 743 2612 bonis
776 2577 907 2612 datum
929 2577 1072 2625 suerit,
1105 2589 1178 2613 non
1201 2584 1387 2626 apparet;
1418 2577 1521 2613 illius

282 2723 308 2747 Γ).
321 2722 365 2748 A:
379 2722 541 2749 considera
556 2722 658 2755 igitur
668 2725 779 2749 autem.
845 2722 884 2749 18.
897 2722 1099 2757 A:p0tueris.
1165 2730 1208 2750 22.
1221 2723 1248 2749 A
1260 2722 1289 2749 in
1303 2730 1399 2756 marg.
1410 2732 1416 2749 :
1429 2722 1519 2750 Nota.

212 2754 256 2782 33.
271 2756 386 2783 Codd.:
400 2756 430 2782 si
441 2755 558 2792 teserit
569 2756 735 2784 dimittere.
809 2755 854 2791 34.
876 2758 919 2785 A:
940 2759 1040 2784 autem
1060 2757 1156 2785 twice.
1229 2756 1275 2784 36.
1291 2757 1334 2784 A:
1357 2757 1414 2784 tibi
1425 2757 1519 2784 deest.

286 2828 335 2860 13.
363 2827 481 2860 Matth.
506 2828 548 2869 V,
579 2827 628 2860 16.

1727 206 1803 242 255

1544 732 1575 759 In
1598 737 1708 760 secret:
1732 733 1794 759 that

1537 767 1563 793 is
1584 767 1613 794 in
1634 767 1684 794 the
1705 772 1800 794 secret

1567 802 1651 837 place
1672 802 1706 829 of
1722 802 1772 829 the

1624 837 1720 864 beart.

1544 2006 1641 2034 God’s
1663 2007 1799 2034 rewards

1559 2049 1608 2068 are
1629 2046 1681 2068 not
1702 2042 1791 2069 made

1554 2076 1698 2104 manifest
1719 2077 1799 2104 here.
