2003 3322
144 229 193 274 76
836 238 954 270 opus
979 239 1317 273 EVANGELICUM
1512 229 1619 284 [CAP.
1638 239 1747 269 xxm.

433 345 677 395 repudiatam
712 357 783 381 non
818 346 981 394 accipiat
1013 358 1190 383 uxorem.
1231 348 1308 392 Qui
1337 360 1434 398 ergo
1458 348 1566 384 illum
1591 360 1747 385 excom-

432 403 664 439 municatum
699 404 818 439 ullum
852 404 898 439 ab
933 404 1010 440 ullo
1044 405 1191 455 recipit,
1237 406 1323 441 iura
1362 407 1486 442 sancti
1521 408 1747 454 sacerdocii,

431 463 466 497 in
500 468 680 510 quantum
714 462 1016 498 christianorum
1039 476 1163 513 genus
1186 464 1345 499 electum
1370 472 1437 511 est⁷
1461 465 1625 502 excedit.
1660 466 1748 501 Hac

432 520 586 555 racione
624 519 824 569 episcopus
868 521 919 555 ad
958 532 1021 556 eos
1066 522 1200 569 quibus
1232 522 1267 557 in
1300 523 1565 571 speculacione
1598 523 1749 572 positus

431 585 498 624 est,
531 590 612 613 esse
644 578 764 613 debet.
815 577 994 614 Ceterum
1029 580 1152 627 qualis
1185 580 1220 615 in
1254 581 1456 630 semetipso
1488 593 1570 617 esse
1603 582 1780 628 debeat75

432 636 576 671 Paulus
608 636 806 684 apostolus
839 637 1009 685 exponit⁷
1044 644 1083 672 ut
1115 638 1167 673 ad
1190 639 1364 688 gradum
1398 639 1567 688 episcopi
1598 639 1749 675 veniens

430 695 478 730 sit
510 693 673 738 sobrius,
702 695 890 742 prudens,
924 702 1064 738 castus,
1096 696 1261 744 sapiens,
1295 697 1503 743 modestus,
1535 697 1748 746 hospitalis,

419 752 530 801 filios
570 751 712 787 liabens
751 753 936 799 subditos,
982 765 1064 788 cum
1112 754 1215 789 omni
1258 755 1445 801 castitate,
1491 755 1748 791 testimonium

432 810 573 845 liabens
606 810 743 845 bonum
776 810 822 845 ab
856 810 928 846 hiis
960 811 1024 859 qui
1043 812 1155 859 foris
1186 820 1286 859 sunt,
1330 813 1543 861 proferens
1576 813 1750 849 doctrine

419 868 582 917 fidelem
615 880 831 904 sermonem
865 876 953 904 ante
990 869 1264 918 episcopatum,
1313 883 1385 906 non
1425 871 1564 920 plures
1608 871 1750 907 liabens
1771 887 1808 907 10

432 938 578 962 uxores
622 938 734 974 quam
775 939 902 973 unam,
948 939 1020 962 non
1054 940 1279 977 percussor,
1325 941 1396 964 non
1436 929 1632 979 bilinguis,
1678 941 1749 965 non

432 984 617 1029 ebriosus,
651 997 724 1020 non
758 985 990 1035 neophytus,
1032 993 1072 1021 ut
1105 998 1180 1035 per
1222 986 1289 1022 lzec
1322 987 1402 1036 ipse
1428 987 1543 1036 prius
1575 987 1751 1023 ostendat

432 1043 467 1078 in
501 1054 617 1091 opere
649 1043 751 1091 quod
782 1043 882 1078 alios
915 1044 1024 1079 docet
1056 1044 1090 1079 in
1124 1056 1300 1080 sermone
1333 1045 1517 1080 doctrine.

495 1100 666 1136 Caveant
710 1113 807 1151 ergo
853 1101 1096 1152 negligentes
1141 1102 1310 1151 episcopi
1353 1104 1455 1151 quod
1499 1103 1534 1139 in
1580 1110 1752 1152 tempore

433 1159 597 1194 vindicte
648 1159 839 1195 Dominus
885 1171 961 1208 per
1012 1160 1247 1209 proplietam
1301 1161 1549 1210 conqueritur
1602 1161 1752 1197 dicens:
1772 1165 1808 1198 15

433 1217 618 1253 Pastores
663 1217 776 1253 multi
822 1217 996 1253 demoliti
1038 1225 1127 1254 sunt
1165 1218 1354 1267 populum
1399 1231 1538 1266 meum,
1593 1226 1627 1255 et
1678 1231 1751 1255 non

428 1275 639 1325 pascebant
668 1287 836 1325 gregem
869 1288 994 1312 meum
1022 1283 1204 1325 pastores
1235 1277 1304 1313 sed
1329 1277 1541 1326 pascebant
1571 1284 1753 1327 pastores

432 1333 668 1382 semetipsos.
734 1334 811 1369 Sed
855 1334 991 1383 pocius
1034 1342 1250 1383 procurent
1302 1335 1356 1370 hii
1407 1347 1499 1384 quos
1558 1335 1753 1372 constituit

434 1391 624 1427 Dominus
655 1404 775 1441 super
798 1392 1000 1440 familiam
1024 1404 1133 1428 suam
1155 1393 1252 1429 dare
1273 1393 1351 1429 illis
1373 1394 1496 1429 cibum
1520 1394 1555 1429 in
1580 1401 1753 1442 tempore

433 1462 500 1486 suo
523 1462 744 1485 mensuram
769 1450 898 1497 tritici,
918 1463 1062 1499 puram
1086 1451 1228 1487 scilicet
1250 1459 1285 1487 et
1301 1452 1511 1501 probatam
1536 1452 1752 1488 doctrinam
1770 1465 1811 1486 20

435 1515 619 1557 quatenus
648 1508 818 1545 veniente
845 1509 1012 1545 Domino
1036 1517 1261 1545 mereantur
1292 1510 1450 1546 audire:
1481 1510 1609 1560 Euge,
1642 1522 1754 1546 serve

435 1567 529 1602 hone
574 1573 609 1601 et
641 1567 791 1616 fidelis,
840 1567 925 1615 quia
970 1579 1090 1616 supra
1132 1580 1257 1616 pauca
1294 1568 1417 1616 suisti
1440 1568 1590 1617 fidelis,
1633 1580 1752 1617 supra

436 1625 556 1660 multa
589 1632 624 1660 te
655 1625 899 1672 constituam,
933 1625 1036 1661 intra
1069 1625 1104 1661 in
1136 1626 1326 1676 gaudium
1359 1626 1520 1662 Domini
1558 1626 1624 1662 tui.
1670 1627 1753 1662 Hec

435 1682 696 1730 Augustinus.

495 1741 596 1777 Cum
630 1749 766 1777 autem
798 1740 979 1777 Christus
1014 1741 1200 1789 dignatus
1234 1750 1291 1778 est
1324 1754 1506 1790 expresse
1538 1754 1681 1779 vocare
1714 1755 1754 1778 se
1771 1746 1810 1778 25

437 1799 567 1847 ipsum
615 1799 848 1847 episcopum
894 1799 1123 1836 animarum
1177 1808 1215 1836 et
1257 1813 1339 1836 non
1384 1813 1545 1848 papam,
1598 1799 1752 1837 utinam

438 1860 643 1893 Romanus
689 1857 902 1906 episcopus
947 1857 1027 1894 sive
1073 1871 1180 1906 papa
1231 1859 1456 1895 attenderet
1507 1858 1753 1895 sentenciam

438 1915 550 1952 istius
585 1915 770 1964 capituli3
806 1924 842 1952 et
875 1924 970 1952 tunc
1003 1916 1104 1952 forte
1127 1916 1278 1953 videret
1302 1918 1411 1965 quod
1444 1917 1492 1954 sit
1525 1929 1659 1953 servus
1682 1916 1754 1953 Dei

438 1983 602 2022 propter
635 1974 825 2011 delictum
859 1974 1078 2011 maximum
1115 1974 1390 2011 crudelissime
1422 1975 1661 2023 puniendus,

917 2122 1054 2163 CAP.
1090 2123 1280 2164 XXIII.
1772 2119 1814 2151 30

214 2234 293 2261 How
315 2237 364 2262 the
499 2219 688 2267 Sequitur
726 2220 767 2256 in
805 2228 933 2256 textu:
974 2220 1047 2256 Vos
1079 2220 1170 2256 estis
1207 2221 1278 2256 lux
1316 2221 1458 2255 mundi.
1509 2222 1637 2268 Super
1677 2233 1756 2268 quo

166 2270 302 2332 ῇξροζᾞῗξ
315 2279 415 2332 (Jf'ssgffe
441 2277 706 2325 Augustinus:
758 2279 960 2322 Quomodo
994 2278 1094 2314 dixit
1125 2278 1303 2327 superius
1333 2279 1394 2314 sal
1424 2286 1542 2322 terre,
1574 2278 1628 2314 sic
1660 2290 1757 2314 nunc

169 2340 403 2402 effisftsstagfdtllssw
443 2336 542 2371 dixit
575 2336 646 2372 lux·
677 2337 829 2381 mundi,-
861 2349 948 2372 nam
972 2348 1090 2384 neque
1111 2336 1288 2385 superius
1311 2337 1382 2372 ista
1405 2344 1513 2372 terra
1536 2336 1757 2386 accipienda

215 2394 231 2409 2:
373 2384 387 2402 C

235 2410 343 2437 world.
442 2401 497 2429 est
529 2406 641 2442 quam
666 2395 830 2443 pedibus
863 2395 1063 2444 corporeis
1095 2395 1303 2441 calcamus,
1335 2395 1403 2431 sed
1435 2395 1605 2431 homines
1627 2395 1692 2443 qui
1722 2395 1813 2444 ing5

441 2459 549 2487 terra
583 2453 755 2488 habitant
788 2453 848 2489 vel
879 2453 997 2489 eciam
1020 2460 1251 2502 peccatores
1273 2465 1435 2502 quorum
1469 2453 1691 2489 condiendis
1723 2459 1758 2488 et

514 2639 551 2658 12.
573 2633 617 2659 A:
648 2632 758 2659 ebrius.
904 2633 943 2660 16.
965 2634 1009 2660 A:
1039 2632 1242 2660 multitudine.
1386 2633 1425 2661 18.
1453 2634 1497 2661 A:
1525 2634 1632 2668 pocius
1664 2633 1758 2661 deest.

445 2664 483 2692 31.
505 2666 606 2702 Super
625 2674 721 2702 quos;
741 2668 768 2694 A
789 2667 818 2694 ii]
841 2676 953 2703 marg:
974 2668 1172 2704 Augustinus.

515 2761 546 2793 6.
573 2762 596 2792 Ι.
615 2761 706 2793 Tim.
726 2763 778 2802 III,
807 2773 836 2794 2.
942 2763 991 2795 16.
1017 2764 1077 2794 Ez.
1095 2764 1245 2803 XXXIV,
1272 2762 1303 2795 8.
1404 2774 1453 2807 ¹9·
1475 2763 1590 2795 Lucae
1607 2763 1677 2803 XII,
1703 2773 1759 2804 42.

448 2817 499 2838 22.
527 2807 645 2839 Matth.
671 2809 774 2849 XXV,
804 2811 856 2842 23.
972 2811 1025 2843 31.
1052 2809 1170 2841 Matth.
1197 2810 1237 2850 V,
1267 2818 1318 2851 14.
1440 2811 1493 2843 32.
1520 2810 1570 2841 De
1597 2820 1759 2842 sermone

446 2855 585 2885 Domini
613 2855 646 2885 in
673 2862 802 2895 monte,
831 2857 851 2888 l.
879 2867 906 2888 c.
934 2867 966 2898 p.
998 2866 1070 2898 171.
