2003 3322
217 201 305 228 CAP.
326 191 419 248 mr]
733 206 870 237 PRIMA
900 206 1024 237 PARS.

216 323 335 358 quam
371 310 553 346 Christus
586 310 758 347 instituit
791 319 828 347 et
860 311 919 347 sui
953 311 1125 359 apostoli
1158 312 1433 347 observarunt.
1476 314 1523 347 Et

213 367 485 415 patenciorem
505 367 794 415 blasphemiam
814 381 895 405 non
914 369 1059 414 audivi,
1083 378 1125 405 ut
1140 377 1248 416 patet
1271 370 1319 405 de
1338 377 1521 416 patrono,

214 426 261 462 de
300 426 435 473 regula
474 434 511 462 et
553 427 601 461 de
635 425 901 462 militantibus
939 426 978 463 in
1017 427 1091 463 hac
1137 435 1257 463 secta.
1310 428 1384 463 Iste
1428 439 1522 474 ergo

212 492 318 520 secte
351 482 482 530 primo
515 491 606 519 sunt
638 483 811 531 ypocrisi
845 484 1008 529 irretite,
1056 485 1231 521 secundo
1264 483 1430 520 notabili
1464 483 1521 520 in-

179 539 452 588 §gratitudine
475 541 607 589 quoad
626 541 842 588 Christum,
868 551 904 578 et
927 541 1051 579 tercio
1073 541 1262 578 facientes
1286 541 1519 578 divisionem

212 607 248 635 et
296 599 515 646 dampnum
563 598 602 633 in
648 599 813 635 ecclesia
861 611 904 636 ex
941 612 1012 636 sua
1059 599 1235 636 novitate
1274 608 1365 635 sunt
1402 598 1521 635 nimis

211 655 324 691 multi
356 655 396 691 in
428 655 660 704 triplicitate
694 655 768 693 ista
801 657 1050 705 dampnabili
1083 657 1320 705 pertinaces.
1368 659 1415 693 Et
1448 658 1520 694 hec

210 713 317 750 racio
350 726 474 761 quare
508 713 686 750 Christus
720 723 756 750 et
787 714 847 750 sui
888 714 958 751 filii
997 714 1170 763 graviter
1209 715 1340 751 ferunt
1377 715 1519 751 harum

209 779 407 807 sectarum
462 771 669 808 mendacia
722 781 959 820 sumptuosa
1012 781 1048 809 et
1099 781 1240 820 petunt
1284 771 1520 820 diligencius

157 829 493 865 10fundacionem
539 841 582 865 ex
627 829 707 865 suis
750 830 880 866 verbis
926 838 962 867 et
1008 830 1208 878 operibus,
1255 839 1298 866 ut
1344 838 1518 878 oportet.

210 886 366 923 Scimus
396 886 558 935 quidem
588 888 696 936 quod
730 887 913 924 diabolus
946 887 986 924 in
1018 887 1245 925 novissimis
1279 887 1417 924 diebus
1450 900 1520 935 per

208 957 320 981 suam
374 957 571 981 summam
627 946 824 982 cautelam
877 945 1027 982 scilicet
1086 944 1304 994 ypocrisim
1366 945 1519 982 seducit

209 1001 417 1050 plurimos,
464 1011 501 1038 et
545 1015 683 1039 omnes
722 1004 794 1039 hee
833 1012 1007 1052 quatuor
1052 1003 1091 1039 in
1129 1002 1303 1051 ypocrisi
1349 1003 1519 1040 maxime

209 1060 430 1106 elaborant,
478 1072 522 1096 ac
567 1060 597 1096 si
639 1059 852 1097 innuerent
893 1062 1000 1109 quod
1034 1060 1111 1097 nisi
1150 1060 1356 1097 christiani
1390 1070 1518 1098 sectas

155 1116 192 1148 15
209 1130 300 1154 suas
332 1117 544 1154 induerent
581 1118 642 1154 vel
682 1118 821 1154 saltem
867 1118 1000 1155 debito
1039 1118 1233 1167 obsequio
1272 1119 1519 1155 honorarent

209 1184 373 1223 propter
405 1175 655 1212 sanctitatem
690 1184 795 1213 secte
826 1188 906 1212 non
941 1185 1032 1212 sunt
1071 1178 1118 1213 de
1156 1188 1324 1213 numero
1364 1177 1517 1213 salvan-

209 1234 364 1269 dorum.
419 1235 524 1269 Deus
568 1233 597 1269 si
644 1233 736 1270 velit
785 1242 989 1271 convertat
1034 1236 1083 1271 ad
1128 1234 1361 1282 religionem
1403 1247 1515 1271 suam

208 1290 416 1339 pristinam
453 1291 546 1327 istas
580 1299 720 1328 sectas,

711 1427 848 1468 CAP.
880 1427 1005 1468 LXI.

150 1538 190 1559 20
263 1521 451 1570 Sequitur
474 1521 513 1558 in
538 1521 793 1570 exposicione
826 1522 942 1558 huius
966 1523 1093 1559 sancti
1119 1523 1251 1560 Latini
1274 1523 1349 1560 sic:
1384 1525 1515 1572 Itaque

205 1580 419 1628 accipiatur
441 1580 613 1616 inimicos
636 1592 716 1616 esse
740 1580 960 1630 diligendos
982 1588 1016 1616 et
1039 1581 1352 1629 benefaciendum
1377 1581 1430 1618 eis
1452 1582 1516 1630 qui

205 1649 272 1673 nos
294 1638 456 1673 oderunt
478 1645 512 1674 et
535 1638 723 1674 orandum
742 1650 818 1686 pro
841 1638 895 1674 eis
917 1638 981 1686 qui
1002 1651 1070 1675 nos
1086 1646 1356 1687 persecuntur,
1380 1646 1419 1674 ut
1436 1652 1513 1688 pro

204 1695 428 1743 quibusdam
462 1696 580 1732 eciam
610 1695 792 1743 fratrum
827 1696 997 1745 peccatis
1037 1696 1283 1746 intelligatur
1321 1709 1393 1732 non
1433 1709 1514 1733 esse

199 1760 422 1802 preceptum
457 1760 496 1789 ut
528 1765 693 1799 oremus,
726 1766 771 1790 ne
796 1766 870 1802 per
901 1754 1140 1803 impericiam
1175 1761 1347 1790 nostram
1382 1755 1511 1790 divina

147 1815 186 1847 25
204 1811 396 1859 scriptura
430 1811 658 1860 (quodfieri
687 1823 759 1847 non
784 1812 929 1860 potest)
962 1824 983 1847 a
1015 1824 1055 1848 se
1087 1812 1290 1848 dissentire
1321 1812 1509 1848 videatur.

1732 199 1807 233 225

1554 433 1621 460 The
1642 438 1720 461 sects
1741 442 1791 461 are

1576 468 1719 496 involved
1739 468 1770 496 in

1589 503 1764 540 hypocrisy.

1576 1530 1759 1565 Angustiae.

262 1869 339 1904 Sed
370 1875 497 1904 utrum
529 1869 626 1904 sicut
653 1881 729 1917 pro
761 1869 985 1917 quibusdam
1019 1881 1091 1905 non
1124 1877 1179 1906 est
1211 1871 1414 1917 orandum,
1460 1871 1511 1906 ita
1528 1874 1585 1902 We
1606 1884 1655 1903 are
1676 1881 1728 1903 not
1750 1877 1799 1904 bid

204 1926 322 1962 eciam
356 1934 489 1962 contra
533 1926 683 1974 aliquos
721 1927 910 1962 orandum
949 1927 1011 1973 sit,
1058 1939 1131 1964 non
1178 1927 1273 1963 satis
1315 1928 1510 1977 apparuit.

208 1984 452 2020 Generaliter
483 1984 581 2020 enini
617 1984 757 2020 dictum
792 1992 866 2020 est:
910 1985 1130 2021 Benedicite
1167 1992 1201 2020 et
1239 1985 1355 2021 nolite
1392 1986 1509 2021 male-

203 2041 342 2085 dicere,
375 2049 410 2077 et
440 2042 557 2077 illud:
589 2042 744 2078 Nemini
774 2043 917 2078 malum
943 2054 1020 2091 pro
1048 2043 1150 2078 malo
1184 2043 1397 2079 reddentes.
1432 2043 1509 2079 Pro

147 2104 187 2136 30
203 2111 274 2148 quo
307 2106 432 2136 autem
466 2111 538 2135 non
571 2111 675 2143 oras,
708 2112 780 2135 non
814 2100 932 2136 eciam
967 2107 1101 2136 contra
1125 2100 1231 2136 illum
1256 2113 1358 2137 oras.
1395 2101 1510 2137 Potes

202 2157 306 2192 enim·
341 2157 473 2193 videre
516 2164 660 2193 certam
693 2157 772 2193 eius
803 2169 943 2205 penam
983 2165 1018 2194 et
1051 2158 1204 2207 penitus
1243 2158 1403 2194 salutem
1446 2159 1508 2194 de-

201 2222 413 2263 speratam,
445 2222 480 2251 et
507 2227 578 2251 non
601 2215 689 2264 quia
714 2215 830 2251 odisti
850 2227 946 2258 eum,
979 2215 1063 2251 ideo
1091 2228 1167 2265 pro
1200 2216 1266 2251 illo
1299 2228 1371 2252 non
1404 2228 1509 2262 oras,

201 2272 269 2308 sed
301 2272 386 2320 quia
417 2272 535 2308 sentis
565 2279 601 2308 te
632 2272 726 2308 nihil
742 2284 859 2321 posse
876 2273 1068 2322 proficere
1099 2281 1134 2309 et
1162 2274 1380 2309 oracionem
1404 2281 1507 2309 tuam

203 2342 273 2365 non
307 2330 363 2365 vis
395 2329 533 2378 repelli
563 2343 584 2365 a
617 2330 823 2366 iustissimo
856 2330 992 2368 iudice.
1040 2331 1116 2367 Sed
1147 2331 1239 2379 quid
1275 2331 1432 2381 agimus
1464 2332 1510 2367 de

145 2390 184 2423 35
202 2387 276 2423 hiis
319 2394 451 2423 contra
496 2399 588 2436 quos
632 2395 785 2424 oratum
830 2400 851 2423 a
894 2389 1035 2424 sanctis
1079 2389 1307 2437 accepimus,
1352 2401 1423 2425 non
1470 2396 1509 2424 ut

202 2445 528 2495 corrigerentur?
570 2458 655 2480 nam
699 2446 769 2481 hoc
803 2447 920 2481 modo
948 2446 1085 2494 pocius
1110 2458 1188 2494 pro
1226 2446 1318 2495 ipsis
1355 2454 1507 2482 oratum

201 2510 256 2538 est
276 2504 345 2539 sed
371 2503 423 2538 ad
450 2503 556 2538 illam
589 2503 760 2538 ultimam
795 2503 1124 2552 dampnacionem,
1157 2516 1229 2540 non
1251 2504 1347 2540 sicut
1375 2511 1507 2541 contra

269 2668 297 2693 4,
311 2658 336 2686 5.
356 2659 385 2686 Α
400 2658 429 2686 in
452 2667 564 2694 marg:
587 2667 608 2686 1.
625 2665 651 2686 2.
668 2667 700 2694 3.
773 2668 817 2686 ρο.
839 2660 908 2687 Ain
923 2668 1036 2695 marga
1052 2659 1252 2696 Augustinus.
1327 2661 1366 2688 25.
1390 2660 1505 2688 Codd.:

199 2701 259 2721 non
281 2694 372 2721 deest.
394 2694 519 2721 Addidi.
592 2694 639 2721 26.
660 2697 703 2721 A:
725 2694 903 2729 quibusdam
922 2694 1018 2722 eciam
1029 2693 1177 2731 fratrem.

271 2763 324 2784 20.
351 2754 383 2785 S.
409 2754 593 2795 Augustini
619 2754 670 2785 De
697 2764 857 2785 sermone
884 2754 1024 2786 Domini
1051 2755 1085 2786 in
1110 2762 1240 2794 monte,
1260 2756 1289 2798 ¹l.
1315 2766 1342 2786 c.
1370 2766 1402 2797 p.
1434 2755 1505 2798 198.

205 2799 255 2831 28.
282 2800 384 2832 Rom.
411 2800 486 2840 Xll,
512 2811 560 2840 14.
658 2810 710 2844 29·
738 2801 781 2831 ib.
814 2811 862 2842 17.
960 2801 1012 2835 30.
1040 2801 1061 2832 Ι.
1089 2801 1178 2833 Petri
1206 2801 1258 2841 III,
1285 2814 1313 2844 ι),

1331 2860 1366 2891 15

1537 1915 1568 1937 to
1590 1918 1664 1946 pray
1683 1911 1732 1938 for
1750 1912 1800 1946 all,

1548 1945 1601 1972 but
1620 1945 1739 1985 neither
1757 1951 1789 1973 to

1558 1987 1633 2016 pray
1652 1986 1772 2015 against

1629 2022 1698 2051 any.
