2003 3322
184 211 273 240 CAP.
292 203 362 257 IV.]
663 215 877 247 SECUNDA
903 215 1030 247 PARS.

243 322 321 358 Sed
360 321 424 358 hic
467 329 525 358 est
557 321 779 358 cavendum
813 320 1059 369 principium
1093 321 1201 369 quod
1237 320 1362 369 magis
1395 322 1500 358 bona

1708 219 1787 256 247

1550 330 1751 358 Ceremonies

1580 369 1665 393 must
1685 365 1721 392 be

185 387 223 415 et
268 378 431 416 utiliora
470 379 624 416 homini
661 392 742 415 non
780 380 829 415 ab
870 378 957 427 ipso
995 388 1145 415 temere
1182 387 1498 427 postponantur3
1527 400 1728 427 subordinate
1748 404 1779 427 to

186 436 350 485 quidam
384 436 491 474 enim
520 437 608 485 plus
636 438 861 485 ponderant
884 437 982 473 tales
1005 436 1105 473 ritus
1129 436 1196 485 qui
1219 435 1327 473 licite
1351 436 1499 473 dimitti

185 503 374 542 poterunt
424 507 545 543 quam
598 495 834 531 mandatum
880 494 1044 531 Domini
1088 495 1149 531 vel
1194 494 1498 531 observanciam

152 553 481 589 §mandatorum
515 554 564 588 Et
595 552 637 588 in
659 552 734 589 isto
758 552 872 589 devio
903 560 960 589 est
989 551 1271 589 catheclismus
1302 564 1497 589 errorum.

186 611 397 647 Servemus
442 623 536 658 ergo
583 609 896 647 consuetudines
940 609 1072 646 licitas
1116 610 1383 656 introductas,
1428 611 1498 646 sed

184 681 265 705 non
304 677 386 705 tam
426 668 563 705 sedule
603 677 647 704 ut
685 668 864 714 virtutes,
909 669 978 705 sed
1017 667 1048 704 si
1087 667 1253 705 virtutes
1287 668 1499 717 requirunt

184 725 293 774 ipsas
325 725 459 763 omitti
490 726 550 763 vel
582 725 623 762 in
655 725 793 775 aliquo
825 725 987 774 variari,
1029 727 1223 763 debemus
1257 727 1346 777 hoc,
1367 726 1499 763 facere

183 792 349 832 propter
386 784 464 821 vite
502 784 805 821 observanciam
846 784 1045 830 virtuose3
1091 793 1129 821 et
1173 797 1254 821 non
1298 796 1499 832 ponamus

131 841 262 878 10vim
301 850 455 879 tantam
488 841 529 878 in
561 842 646 878 istis
688 841 932 888 cerimoniis,
971 841 1075 879 sicut
1107 842 1283 879 fecerant
1323 841 1499 890 pharisei

184 908 222 936 et
253 899 404 936 faciunt
428 899 545 936 hodie
568 899 633 936 isti
656 900 748 937 novi
770 899 931 937 ordines
955 899 1188 937 introducti.
1223 901 1315 937 [deo
1341 899 1500 936 videtur

185 957 425 1006 quibusdam
460 959 569 1006 quod
601 959 652 994 ad
685 957 792 1007 ipsos
827 957 1089 1006 consequitur
1118 959 1293 1007 quedam
1316 957 1498 1006 pronitas

185 1016 234 1052 ad
266 1015 483 1063 ypocrisim
509 1015 859 1052 committendam.
893 1018 993 1052 Nam
1019 1015 1288 1065 desponsacio
1311 1029 1383 1052 sua
1407 1028 1497 1052 cum

185 1073 386 1110 habitibus
426 1082 463 1111 et
495 1073 583 1110 aliis
616 1073 696 1110 suis
729 1073 1022 1111 tradicionibus
1055 1073 1152 1111 dicit
1185 1087 1277 1111 cum
1311 1073 1499 1122 phariseo

131 1133 166 1166 ιδ
186 1133 290 1168 Luce
328 1133 461 1178 XVIII,
493 1143 554 1169 11:
598 1132 707 1168 Deus
744 1132 811 1168 tibi
840 1132 1002 1182 gracias
1033 1145 1125 1183 ago,
1165 1133 1268 1181 quod
1305 1145 1377 1168 non
1415 1145 1500 1168 sum

183 1189 281 1225 sicut
319 1190 438 1226 ceteri
475 1190 685 1226 hominum.
731 1189 816 1226 Nisi
856 1190 963 1226 enim
1000 1189 1089 1238 ipsa
1129 1190 1218 1238 plus
1257 1190 1501 1238 proficerent

185 1259 251 1284 eos
275 1260 396 1296 quam
420 1247 584 1284 libertas
617 1248 759 1285 talium
794 1260 870 1296 que
894 1257 952 1284 est
974 1247 1015 1284 in
1043 1256 1152 1285 secta
1176 1248 1338 1295 Christi,
1364 1260 1501 1296 super-

184 1305 262 1341 flue
307 1314 389 1342 tam
430 1305 566 1342 stricte
607 1314 645 1342 et
683 1306 754 1342 sub
794 1314 906 1343 tanta
944 1318 1047 1354 pena
1086 1307 1135 1343 ab
1176 1306 1252 1343 illis
1290 1306 1498 1343 ordinibus

184 1372 449 1402 servarentur.
492 1365 585 1400 Ideo
624 1363 764 1400 dicunt
802 1364 1050 1412 blaspheme,
1090 1363 1195 1401 sicut
1232 1372 1394 1412 oportet
1432 1376 1499 1400 eos

128 1433 169 1454 20
185 1420 317 1458 dicere
355 1422 463 1470 quod
502 1430 610 1458 secta
648 1434 720 1458 sua
759 1430 815 1458 est
854 1421 1074 1470 perfeccior
1106 1430 1214 1459 secta
1247 1421 1415 1469 Christi3
1462 1430 1499 1458 et

185 1491 229 1515 ex
261 1479 338 1516 ista
371 1479 500 1516 heresi
533 1479 761 1528 germinant
793 1479 869 1516 alie
901 1479 1022 1516 nimis
1055 1492 1207 1528 graves.
1241 1479 1499 1517 Menciuntur

184 1537 501 1585 quintupliciter,
533 1537 634 1574 sicut
659 1537 849 1574 mentitus
872 1538 1002 1575 fuerat
1025 1538 1248 1586 phariseus.
1282 1540 1383 1574 Nam
1407 1546 1499 1574 sunt

185 1603 368 1643 raptores
400 1607 473 1643 per
505 1595 763 1633 mendacium
798 1597 846 1632 de
878 1595 1184 1633 mendicacione
1207 1595 1370 1642 Christi,
1405 1605 1498 1632 sunt

185 1652 387 1690 homicide
419 1666 492 1702 pro
526 1654 756 1690 defensione
784 1653 844 1690 sui
873 1653 1040 1701 ordinis,
1074 1662 1165 1691 sunt
1188 1653 1360 1691 adulteri
1383 1653 1499 1702 spiri-

128 1712 167 1745 25
183 1711 325 1758 tuales,
371 1712 739 1760 quomodocunque
783 1711 901 1748 fuerit
946 1713 994 1748 de
1038 1712 1237 1749 adulterio
1283 1711 1497 1760 corporali,

185 1768 279 1817 quia
312 1768 552 1806 dimittendo
585 1769 814 1807 libertatern
847 1769 945 1818 legis
979 1769 1142 1807 Domini
1174 1778 1266 1807 sunt
1296 1783 1386 1807 cum
1417 1769 1498 1806 suis

182 1826 293 1863 vanis
321 1826 608 1864 tradicionibus
632 1827 882 1876 desponsati3
917 1836 954 1865 et
987 1837 1184 1876 quantum
1219 1829 1269 1865 ad
1302 1829 1401 1864 duas
1429 1829 1498 1864 ob-

184 1884 409 1922 servancias
432 1886 540 1934 quod
563 1885 743 1923 ieiunant
766 1885 825 1923 bis
857 1885 898 1922 in
927 1887 1095 1923 sabbato
1127 1894 1164 1922 et
1188 1887 1297 1934 quod
1321 1885 1498 1923 decimas

184 1943 280 1979 dant
324 1944 371 1980 de
414 1951 597 1991 tempore
641 1944 680 1980 in
726 1944 858 1981 medio
896 1943 1084 1981 noccium
1122 1943 1343 1992 vigilando,
1389 1952 1498 1992 patet

127 2002 169 2034 30
183 1999 278 2037 alibi
311 2002 420 2050 quod
452 2001 527 2038 ista
560 2001 708 2039 ficticia
741 2011 799 2039 est
831 2002 949 2050 plena
981 2001 1170 2051 ypocrisi.

718 2161 857 2203 CAP.
891 2161 971 2203 IV.

240 2267 486 2316 Augustinus
545 2276 679 2305 autem
742 2268 1003 2317 prosequitur
1055 2277 1206 2305 textum
1260 2277 1496 2317 sequentem

184 2325 377 2374 evangelii
408 2327 480 2361 sub
513 2325 588 2362 hiis
619 2325 769 2363 verbis:
809 2326 906 2362 Cum
925 2326 1035 2375 sacis
1057 2326 1321 2370 elemosinam,
1354 2326 1497 2376 inquit,

184 2383 264 2419 noli
292 2383 381 2419 tuba
414 2395 553 2420 canere
584 2391 672 2420 ante
703 2392 750 2427 te,
783 2384 880 2420 sicut
903 2385 1093 2435 ypocrite
1115 2385 1276 2433 faciunt
1307 2384 1342 2421 in
1374 2397 1496 2437 syna-

127 2441 301 2492 3Sgogis
339 2448 375 2477 et
406 2441 442 2477 in
476 2441 580 2489 vicis,
621 2449 661 2478 ut
699 2442 1004 2492 honorificentur
1035 2443 1081 2479 ab
1116 2443 1343 2479 hominibus.
1391 2442 1497 2490 Noli,

252 2620 280 2648 8.
296 2621 334 2649 B:
355 2621 497 2649 debemus
515 2629 594 2659 ergo
606 2620 733 2657 facere.
826 2630 867 2650 10.
887 2623 932 2650 A:
951 2622 1094 2657 pharisei
1108 2622 1208 2650 twice.
1301 2623 1342 2650 16.
1364 2622 1404 2650 B:
1424 2630 1496 2658 per-

172 2653 318 2690 ficerent.
408 2664 448 2684 21.
469 2656 508 2684 B:
530 2658 633 2693 magis
650 2665 777 2694 graves.
876 2656 916 2685 25.
937 2658 982 2685 A:
1004 2665 1186 2694 quocunque
1204 2658 1497 2693 quomodocunque;

182 2690 224 2717 ib.
243 2691 288 2718 A:
310 2690 348 2718 de
364 2691 488 2719 alterio.
560 2690 604 2719 32.
624 2692 654 2720 A
672 2691 704 2719 in
725 2700 839 2727 marg.:
859 2690 1061 2729 Augustinus.

255 2774 307 2806 32.
334 2775 368 2806 S.
386 2775 613 2817 Augustinus,
640 2776 692 2808 De
718 2786 881 2807 sermone
906 2775 1048 2808 Domini
1068 2776 1104 2807 in
1121 2782 1250 2816 monte,
1278 2775 1298 2807 l.
1319 2785 1346 2807 c.
1366 2785 1398 2817 p.
1420 2784 1496 2807 202.

185 2821 238 2854 33.
263 2820 383 2853 Matth.
410 2821 466 2862 VI,
494 2831 525 2855 2.

1543 434 1711 462 obedience
1730 439 1761 462 to

1612 468 1693 497 God.

1537 1487 1714 1550 ngocrisy
1735 1487 1770 1516 of

1556 1527 1566 1550 t
1591 1531 1606 1550 e
1626 1521 1745 1550 orders.

1556 2286 1740 2322 Augustine.
