2003 3322
172 220 251 247 210

191 692 303 724 Uniust
325 693 424 719 blows

186 735 237 754 are
259 727 421 754 forbidden

204 762 256 788 but
277 767 329 788 not
349 762 407 788 due

216 796 399 824 correction.

185 2021 375 2049 Retributiou
396 2022 421 2049 is

213 2056 272 2089 just
292 2057 322 2083 in
344 2057 393 2083 the

166 2099 281 2129 proper
301 2100 365 2127 way
380 2091 439 2118 and

263 2130 346 2154 tlme·

861 225 979 257 opus
1004 226 1340 259 EVANGELICUM
1541 218 1648 271 [CAP.
1669 228 1761 256 μνη.

459 333 585 369 eciam
618 333 784 380 racioni,
823 333 979 370 videtur
1013 346 1096 370 6556
1128 336 1177 371 ab
1210 334 1298 382 ipso
1333 335 1396 372 hic
1428 336 1642 384 prohibita,
1677 351 1770 386 ergo

458 392 585 427 multo
625 391 752 439 magis
791 404 1031 439 quecunque
1070 392 1148 428 alia
1186 393 1390 440 percussio
1432 407 1508 442 que
1548 404 1605 431 est
1645 396 1769 444 magis

458 451 661 488 contraria
694 450 867 496 racioni3
914 459 951 486 et
984 449 1039 487 sic
1072 463 1191 486 nemo
1224 452 1486 499 suspenderet
1518 453 1578 489 vel
1610 453 1770 500 puniret

457 510 593 557 alium,
639 519 676 546 et
715 509 892 557 perirent
930 521 1068 545 omnes
1108 508 1214 556 leges
1254 509 1429 546 humane
1474 511 1542 546 sed
1588 519 1624 547 et
1668 524 1770 559 pena

457 568 616 605 talionis
661 569 754 605 data
799 567 839 603 in
883 567 968 614 lege
1011 565 1135 603 veteri
1179 566 1282 603 foret
1334 575 1541 616 tamquam
1596 569 1770 606 heretica

457 627 806 674 condempnenda.

515 684 588 720 Hic
622 683 767 721 dicitur
800 682 1030 719 adversario
1062 681 1159 730 legis
1193 681 1341 718 Christi
1374 684 1480 730 quod
1520 695 1680 720 necesse
1713 694 1770 721 est

456 744 580 790 legem
599 742 670 779 Dei
694 741 891 789 integram
911 753 994 777 esse
1012 752 1144 777 veram
1164 735 1167 792 J
1185 739 1287 776 sicut
1310 748 1347 776 et
1370 740 1518 788 scripta
1537 750 1768 778 sanctorum

457 802 683 846 doctorum,
724 801 772 835 de
805 807 957 847 quanto
991 806 1213 834 consonant
1251 797 1343 834 huic
1375 798 1465 846 legi,
1506 807 1542 835 et
1574 798 1629 836 sie
1662 813 1769 836 com—

456 858 647 906 pendiose
680 858 884 905 loquendo
916 856 1047 893 omnis
1079 855 1228 891 iniusta
1251 856 1454 903 percussio
1483 865 1520 893 et
1548 858 1674 893 solum
1701 858 1767 895 illa

458 925 515 953 est
545 916 608 952 hic
631 915 848 964 prohibita,
883 923 919 951 et
952 913 1009 950 sic
1031 926 1104 950 nec
1127 913 1330 961 percussio
1355 926 1573 961 puerorum
1597 915 1637 951 in
1661 917 1767 953 scola

457 974 701 1011 discencium
735 986 808 1010 nec
841 972 1015 1009 filiorum
1055 985 1077 1008 a
1120 971 1301 1019 patribus
1340 971 1629 1010 instructorum
1668 973 1769 1010 sicut

457 1046 530 1070 nec
563 1045 665 1081 pena
699 1030 859 1069 talionis
892 1032 942 1067 ad
974 1043 1135 1066 sensum
1169 1029 1332 1066 Domini
1365 1039 1422 1066 est
1455 1030 1519 1068 hic
1552 1031 1768 1079 prohibita.

457 1093 535 1128 Sed
580 1090 674 1139 quia
724 1088 921 1136 contingit
969 1089 1163 1136 superbos
1215 1088 1396 1124 crudeles
1449 1088 1636 1136 ignorare
1685 1098 1767 1126 tam

457 1158 589 1186 mente
623 1161 745 1197 quam
786 1159 905 1195 opere
939 1159 1015 1195 que
1048 1145 1254 1194 percussio
1292 1146 1394 1182 foret
1433 1146 1550 1194 iusta,
1596 1147 1686 1184 ideo
1727 1157 1769 1184 ut

456 1206 626 1244 salubris
665 1206 947 1254 amplectenda
986 1213 1043 1240 est
1081 1203 1157 1240 ista
1200 1204 1417 1249 sentencia,
1462 1205 1612 1242 scilicet
1659 1207 1768 1253 quod

456 1278 575 1302 nemo
609 1266 726 1300 debet
758 1263 834 1300 nisi
868 1263 1087 1311 prudenter
1110 1270 1319 1310 percutere
1342 1264 1538 1299 servando
1562 1263 1768 1300 humiliter

457 1325 539 1360 Deo
572 1322 810 1368 vindictam3
856 1330 894 1358 et
932 1320 1050 1357 istam
1092 1328 1235 1368 reputo
1275 1332 1358 1356 esse
1397 1320 1636 1368 generaliter
1680 1334 1767 1358 sen-

454 1381 627 1417 tenciam
662 1380 778 1416 huius
810 1378 952 1417 sancti.
987 1381 1035 1415 Et
1067 1387 1262 1427 quantum
1287 1379 1337 1414 ad
1360 1378 1603 1415 occisionem
1633 1380 1764 1416 furum

455 1448 492 1476 et
524 1439 623 1476 alias
656 1451 779 1487 penas
811 1439 1029 1475 secundum
1064 1437 1192 1485 legem
1227 1437 1446 1473 humanam
1480 1437 1652 1474 inflictas
1685 1438 1766 1475 suis

454 1497 827 1545 transgressoribus,
879 1508 960 1532 non
1008 1504 1066 1531 est
1110 1503 1244 1531 nostre
1296 1494 1496 1531 facultatis
1548 1495 1766 1532 iustificare

453 1568 594 1592 omnes
627 1555 714 1591 illas
747 1556 816 1591 sed
848 1567 970 1590 unum
1005 1553 1152 1589 scimus
1185 1553 1294 1600 quod
1326 1565 1427 1601 pene
1459 1553 1557 1589 tales
1591 1566 1765 1591 consone

453 1613 530 1661 legi
564 1613 636 1649 Dei
669 1622 761 1649 sunt
793 1612 894 1648 iuste
928 1621 965 1649 et
998 1610 1076 1648 alie
1114 1618 1205 1647 sunt
1244 1609 1403 1647 iniuste.
1448 1612 1524 1647 Sed
1565 1611 1653 1659 quis
1692 1611 1765 1648 scit

453 1670 692 1719 generaliter
725 1670 924 1707 discutere
957 1681 1034 1718 que
1073 1677 1165 1705 sunt
1203 1668 1293 1705 ille?
1344 1671 1393 1705 Et
1441 1669 1513 1705 hec
1558 1678 1614 1706 est
1657 1669 1765 1706 racio

454 1741 577 1777 quare
610 1741 795 1766 securum
828 1729 929 1765 foret
962 1726 1226 1764 christianum
1261 1735 1298 1762 et
1330 1728 1580 1764 sacerdotem
1613 1727 1764 1775 specia-

452 1787 542 1824 liter
587 1787 643 1823 uti
681 1786 835 1823 sincere
882 1795 919 1822 et
963 1785 1115 1833 integre
1154 1785 1239 1832 lege
1273 1784 1358 1832 Dei,
1399 1784 1492 1833 quia
1532 1785 1647 1821 multi
1684 1798 1764 1822 non

454 1844 663 1893 ambigunt
707 1844 803 1893 quin
847 1857 952 1893 papa
996 1852 1033 1879 et
1077 1855 1218 1879 ornnes
1257 1842 1317 1878 sui
1357 1842 1542 1891 discipuli
1581 1843 1765 1880 nesciunt

454 1902 690 1951 regulariter
713 1915 790 1951 que
821 1903 926 1951 leges
959 1910 1051 1938 sunt
1083 1913 1257 1937 consone
1279 1900 1355 1948 legi
1378 1901 1463 1937 Dei.
1499 1903 1645 1937 Penam
1671 1914 1763 1949 ergo

453 1960 613 1998 talionis
645 1968 805 2009 oportet
836 1972 880 1996 ex
912 1960 990 1996 fide
1023 1960 1241 1996 concedere
1266 1971 1337 2006 pro
1360 1971 1432 1995 suo
1464 1967 1647 2007 tempore
1680 1971 1763 1996 esse

454 2019 613 2055 iustam.
648 2020 726 2055 Sed
749 2017 813 2054 hic
836 2018 942 2055 acuit
964 2015 1217 2054 adversarius
1240 2016 1336 2064 legis
1361 2016 1521 2062 Christi,
1547 2029 1637 2053 cum
1661 2030 1763 2065 pena

453 2076 613 2113 talionis
646 2089 719 2124 pro
751 2085 932 2124 tempore
964 2075 1061 2123 legis
1082 2074 1225 2111 veteris
1257 2074 1330 2111 fuit
1362 2074 1465 2111 iusta
1499 2083 1536 2110 et
1568 2087 1672 2111 nunc
1706 2084 1763 2112 est

454 2134 601 2171 iniusta
646 2144 766 2183 atque
811 2133 999 2180 heretica,
1044 2132 1201 2169 videtur
1240 2144 1283 2168 ex
1322 2132 1569 2169 diffinicione
1615 2133 1762 2169 Christi

453 2194 581 2241 legem
615 2192 687 2229 Dei
719 2204 874 2229 versam
915 2204 998 2228 esse
1037 2191 1076 2227 in
1108 2191 1252 2227 falsum
1293 2199 1329 2226 et
1369 2190 1554 2236 heresim,
1595 2199 1632 2226 et
1670 2203 1760 2227 cum

453 2250 589 2287 omnia
633 2263 709 2299 que
753 2250 912 2286 fuerunt
944 2250 1004 2286 vel
1038 2258 1154 2286 erunt
1192 2257 1294 2294 sunt,
1343 2247 1550 2284 manifeste
1594 2248 1762 2285 infertur

453 2311 562 2358 quod
594 2310 652 2345 lex
687 2308 757 2345 Dei
791 2317 847 2345 est
880 2307 1033 2344 racioni
1067 2306 1267 2343 contraria
1299 2306 1395 2355 quia
1427 2307 1537 2343 falsa.

511 2368 588 2404 Sed
634 2366 726 2403 huic
778 2366 1006 2402 adversario
1060 2366 1325 2412 respondetur
1375 2365 1633 2401 concedendo
1685 2365 1760 2401 hoc

453 2425 638 2461 ultimum
673 2425 788 2460 fidele
821 2423 1078 2472 principium,
1123 2422 1274 2459 scilicet
1315 2424 1421 2470 quod
1459 2435 1559 2470 pena
1600 2421 1761 2458 talionis

454 2491 511 2519 est
542 2483 646 2518 iusta
670 2495 742 2530 pro
768 2494 840 2518 suo
863 2491 1058 2529 tempore,
1093 2482 1160 2516 sed
1194 2493 1266 2516 nec
1299 2479 1430 2516 inveni
1455 2481 1561 2528 quod
1594 2480 1680 2527 ipsa
1712 2479 1761 2516 sit

453 2540 730 2577 universaliter
762 2541 855 2576 data
887 2540 1019 2588 quoad
1042 2551 1234 2587 personas
1267 2539 1327 2575 vel
1351 2551 1473 2586 penas
1505 2546 1573 2574 aut
1605 2537 1760 2573 indiffe-

1787 574 1802 605 5

1815 746 1895 789 376d

1787 873 1826 894 10

1788 1150 1824 1182 15

1782 1449 1824 1470 20

1777 2308 1817 2341 35

453 2607 585 2635 renter
617 2607 653 2635 et
685 2597 960 2635 universaliter
982 2597 1117 2646 quoad
1150 2606 1318 2644 tempus.
1355 2597 1446 2633 Ideo
1470 2595 1651 2633 Christus
1680 2608 1759 2632 non
1773 2607 1819 2638 40

524 2802 548 2821 2.
570 2795 612 2820 A:
633 2793 807 2827 procussio.
900 2800 925 2825 7.
948 2793 974 2818 A
995 2792 1024 2818 iu
1046 2799 1161 2824 marg.:
1182 2791 1361 2825 Responsio.
1459 2791 1485 2817 8.
1509 2790 1547 2816 B:
1568 2789 1646 2816 sicut
1667 2788 1758 2815 deest.

454 2828 500 2856 30.
522 2831 548 2855 Α
570 2829 597 2855 in
621 2835 733 2861 marg:
758 2827 910 2854 Obieccio.
1004 2825 1045 2853 33.
1068 2827 1110 2852 A:
1133 2826 1230 2861 legem
1253 2825 1379 2851 Clu-ists.
1478 2823 1512 2851 36
1545 2825 1571 2851 Α
1594 2824 1621 2850 in
1645 2831 1757 2857 marga

453 2863 631 2898 Responsio.
