2062 3327
222 245 273 280 26

235 1351 260 1377 It
280 1351 311 1378 is¹
325 1353 374 1378 the
395 1356 490 1378 worst

241 1387 275 1413 of
292 1387 377 1421 signs
399 1387 487 1413 when

241 1422 289 1447 the
311 1422 412 1457 clergy
433 1430 482 1448 are

247 1457 335 1491 given
356 1462 386 1484 to
408 1465 481 1484 war.

249 1700 327 1728 This
348 1701 406 1728 aud
428 1702 477 1728 the

252 1736 341 1771 grccd
363 1737 397 1764 of
415 1737 477 1763 sule

245 1779 294 1798 are
315 1779 384 1798 now
407 1779 477 1798 seen

249 1807 277 1833 in
299 1806 482 1834 Antichrist.

917 252 1036 284 opus
1060 253 1396 285 EVANGELICUM
1612 242 1718 296 [CAP.
1738 251 1819 279 V111.

508 360 610 397 ciam
635 359 806 394 multum
829 358 949 395 distat
973 360 1021 395 ab
1045 358 1257 396 habicione
1276 359 1387 408 regni
1410 361 1587 397 celorum
1612 364 1664 406 (et
1686 369 1821 397 tamen

509 416 690 455 Christus
735 416 844 465 prius
894 416 1007 453 dixit:
1051 418 1165 453 Beati
1201 430 1396 467 pauperes
1448 418 1600 468 spiritu,
1645 419 1821 468 quoniam

508 477 679 525 ipsorum
703 483 758 512 est
787 487 951 525 regnum
984 476 1183 523 celorum),
1216 475 1273 512 sic
1303 475 1418 513 mites
1449 476 1634 513 videntur
1667 476 1824 513 mundi-

509 534 636 571 alibus
660 546 744 570 esse
767 546 789 570 a
811 533 1063 582 possessione
1086 542 1190 571 terre
1214 533 1385 571 maxime
1409 534 1604 582 elongati3
1628 543 1665 571 et
1688 543 1823 571 tamen

510 592 691 629 Christus
725 591 919 628 certificat
966 593 1074 640 quod
1106 591 1181 640 ipsi
1214 591 1475 640 possidebunt
1508 601 1671 630 terram.
1718 594 1857 629 Con-5

510 659 717 699 questores
768 658 902 686 autem
953 663 1169 699 regnorum
1215 659 1252 686 et
1295 659 1493 687 terrarum
1539 650 1655 687 huius
1703 650 1825 687 seculi

511 717 601 745 sunt
640 708 787 745 austeri
829 716 865 744 et
898 709 1079 745 crudeles
1113 708 1262 745 directe
1296 708 1487 745 contrarii
1526 708 1619 745 huic
1658 708 1824 745 miticie:

511 767 601 803 ideo
633 766 792 803 videtur
824 766 1098 803 mundialibus
1143 768 1252 815 quod
1285 766 1341 802 illi
1375 775 1467 803 sunt
1500 766 1671 803 maxime
1703 766 1825 803 indis-

512 824 631 873 positi
679 825 729 861 ad
776 833 924 860 terram
971 824 1089 861 istam
1134 824 1230 861 satis
1272 824 1473 861 modicam
1520 824 1825 873 possidendam;

512 896 602 920 cum
642 882 772 919 viator
804 895 886 918 non
918 882 1027 930 prius
1060 883 1169 919 sedet
1202 882 1242 919 in
1281 882 1414 931 quiete
1453 895 1522 919 sue
1561 881 1826 920 habitacionis
1846 897 1885 918 10

513 942 728 986 mundane,
777 949 993 989 antequam
1040 940 1081 977 in
1126 941 1230 977 bello
1275 953 1315 977 se
1360 941 1579 978 exercuerit
1624 950 1661 977 et
1695 949 1827 977 osten-

511 998 613 1035 derit
645 1011 717 1035 suo
751 998 978 1036 adversario
1011 1000 1121 1048 quod
1165 1000 1248 1035 vult
1292 1008 1426 1036 tenere
1458 999 1498 1035 id
1532 1000 1641 1047 quod
1673 998 1827 1035 obtinet

511 1070 552 1094 se
584 1056 722 1094 invito.
758 1058 842 1093 Hec
890 1069 984 1105 ergo
1028 1065 1086 1094 est
1129 1057 1239 1093 racio
1274 1056 1422 1094 Christi
1467 1070 1591 1105 quare
1624 1056 1825 1094 connectit

512 1117 620 1164 quod
660 1115 776 1152 mites
814 1115 1079 1163 possidebunt
1118 1123 1281 1152 terram.
1321 1116 1413 1152 Ideo
1453 1115 1548 1152 dicit
1582 1114 1828 1163 Augustinus

512 1173 579 1210 ubi
612 1186 753 1221 supra:
789 1173 985 1209 Rixentur
1018 1174 1181 1210 immites
1213 1181 1247 1209 et
1281 1174 1460 1210 dimicent
1486 1186 1563 1223 pro
1596 1173 1762 1209 terrenis
1794 1177 1885 1209 et1'3

510 1244 586 1281 pro
620 1232 732 1267 rebus
764 1232 1054 1280 temporalibus.
1089 1232 1202 1268 Beati
1232 1239 1357 1267 autem
1392 1232 1513 1278 mites,
1547 1232 1724 1280 quoniam
1758 1231 1832 1280 ipsi

508 1290 759 1340 possidebunt
791 1297 938 1325 terram
973 1291 1020 1326 de
1051 1302 1123 1338 qua
1156 1290 1270 1326 evelli
1299 1302 1371 1326 non
1400 1297 1574 1339 possunt.

572 1349 687 1385 Unde
720 1347 938 1396 pessimum
961 1347 1117 1396 signum
1152 1356 1208 1384 est
1242 1349 1350 1396 quod
1374 1348 1501 1384 clerus
1525 1361 1546 1384 a
1569 1360 1673 1395 papa
1706 1359 1830 1395 usque

515 1407 564 1443 ad
615 1405 826 1454 episcopos
872 1415 909 1442 et
953 1415 1113 1443 curatos
1158 1405 1329 1442 intendit
1373 1405 1429 1442 sic
1477 1405 1634 1442 actibus
1678 1404 1830 1441 bellicis

514 1473 706 1512 appetens
768 1464 823 1500 sic
884 1464 1108 1501 dominium
1165 1464 1357 1500 seculare.
1438 1464 1603 1512 Signum
1667 1463 1829 1512 quidem
1848 1477 1890 1497 20

515 1522 674 1559 evidens
715 1531 772 1559 est
805 1524 915 1570 quod
953 1524 1162 1571 perturbat
1201 1535 1340 1570 pacem
1381 1521 1533 1559 brachii
1573 1520 1762 1558 secularis
1795 1529 1832 1557 et

515 1582 622 1629 quod
646 1580 769 1617 nichil
792 1580 1009 1628 possidebit
1033 1581 1073 1616 in
1096 1590 1199 1617 terra
1223 1579 1447 1617 vivencium
1474 1588 1639 1628 propter
1661 1581 1830 1616 abusum

515 1648 595 1675 tam
631 1639 878 1675 contrarium
914 1638 1079 1675 domino
1111 1641 1203 1675 Jesu
1243 1638 1417 1675 Christo.

572 1699 694 1733 Notat
727 1705 862 1733 autem
897 1697 1079 1734 Christus
1124 1696 1240 1733 istam
1286 1698 1503 1733 secundam
1538 1695 1829 1732 beatitudinem

515 1768 605 1791 cum
640 1755 789 1792 verbali
822 1755 997 1791 termino
1030 1756 1077 1791 de
1110 1756 1257 1801 futuro,
1291 1755 1384 1803 quia
1416 1754 1505 1791 talis
1529 1754 1611 1790 rixa
1644 1754 1706 1790 cui
1740 1757 1888 1790 con-25

514 1812 705 1850 trariatur
738 1813 889 1849 miticia
920 1826 1000 1850 non
1033 1822 1091 1849 est
1122 1812 1162 1849 in
1206 1813 1355 1861 patria;
1400 1812 1491 1849 ideo
1524 1812 1619 1848 dicit
1651 1812 1832 1848 Christus

516 1872 623 1920 quod
656 1871 730 1921 ipsi
755 1872 1005 1921 possidebunt
1037 1879 1184 1907 terram
1218 1871 1432 1908 vivencium
1465 1870 1506 1907 in
1538 1871 1730 1907 futurum.
1784 1872 1832 1906 Et

518 1929 580 1966 hic
604 1938 771 1977 possunt
790 1929 898 1978 tangi
923 1931 1069 1966 abusus
1085 1929 1320 1966 Antichristi
1336 1928 1402 1978 qui
1428 1928 1611 1965 dicentur
1633 1927 1831 1976 posterius

517 1987 699 2024 diffusius
726 2000 799 2024 suo
822 1989 923 2024 loco.
961 1988 1143 2025 Christus
1168 1987 1287 2033 enim,
1315 1988 1479 2035 quando
1505 1986 1690 2023 meritum
1726 1994 1831 2023 secte

517 2058 585 2083 sue
624 2045 697 2082 fuit
744 2045 1007 2093 incognitum,
1053 2045 1146 2082 vixit
1179 2046 1302 2082 vitam
1338 2058 1493 2082 summe
1541 2056 1761 2093 pauperem
1795 2053 1832 2081 et
1849 2047 1890 2079 30

518 2103 890 2152 exproprietariam.
934 2104 1205 2140 Antichristus
1238 2112 1370 2140 autem
1418 2103 1457 2139 in
1492 2104 1568 2139 fine
1602 2111 1830 2150 temporum

518 2164 681 2211 quando
705 2162 888 2199 diabolus
912 2162 1039 2210 magis
1063 2162 1218 2199 seducit
1242 2163 1451 2208 mundum,
1485 2161 1525 2198 id
1559 2169 1628 2207 est,
1662 2160 1833 2197 viatores

518 2234 587 2269 per
603 2221 795 2266 seculum,
812 2220 965 2269 appetit
981 2233 1137 2257 summe
1153 2220 1388 2257 seculariter
1402 2218 1616 2256 dominari.
1631 2221 1833 2267 Tempore

518 2278 679 2327 quidem
697 2278 844 2315 Christi
861 2278 1105 2315 Samaritani
1120 2287 1365 2327 negaverunt
1381 2277 1454 2314 sibi
1476 2286 1513 2314 et
1528 2277 1608 2314 suis
1624 2271 1830 2329 dicipulis}
1874 2278 1954 2312 356⁸

519 2336 743 2385 hospicium
792 2345 830 2373 et
868 2336 1070 2374 vescibilia
1116 2340 1174 2381 (ut
1205 2345 1313 2385 patet
1350 2338 1453 2372 Luce
1486 2337 1563 2382 IX),
1609 2336 1678 2371 sed
1711 2335 1832 2371 modo
1851 2336 1890 2370 35

519 2396 680 2443 quando
713 2394 920 2431 christiani
953 2403 1043 2431 sunt
1087 2394 1203 2443 proni
1248 2396 1298 2431 ad
1347 2395 1525 2431 dandum
1558 2392 1834 2430 sacerdotibus

519 2452 770 2501 temporalia,
823 2461 915 2489 sunt
966 2453 1093 2501 magis
1144 2452 1260 2500 proni
1319 2454 1368 2488 ad
1424 2451 1713 2500 acquirendum
1761 2449 1833 2486 sibi

519 2511 715 2559 dominia3
761 2519 798 2547 et
842 2511 897 2548 sic
942 2519 999 2547 est
1037 2512 1084 2547 de
1128 2510 1213 2547 aliis
1246 2510 1434 2547 abusibus
1468 2509 1646 2556 infinitis,
1694 2517 1734 2544 ut
1766 2507 1833 2544 ubi

591 2668 610 2685 ι.
632 2659 676 2686 A:
698 2660 728 2685 et
746 2659 847 2690 deest:
871 2659 891 2685 Β
913 2659 1009 2686 addit.
1089 2657 1127 2685 13.
1149 2659 1190 2684 A:
1212 2665 1309 2692 quare
1331 2656 1479 2684 convenit.
1555 2664 1596 2689 14.
1619 2655 1646 2681 A
1667 2654 1696 2681 in
1720 2662 1833 2688 marg:

521 2693 720 2729 Augustinus,
841 2701 879 2726 17.
903 2694 999 2727 Aug:
1017 2693 1098 2729 pelli
1116 2701 1175 2720 non
1193 2694 1330 2727 possunt.
1449 2699 1489 2724 ις).
1511 2691 1557 2717 A:
1580 2689 1714 2716 intendit
1732 2689 1838 2728 dees-t:-

521 2729 560 2755 ib.
582 2729 610 2755 A
631 2728 659 2755 in
682 2736 795 2762 marg:
817 2728 985 2755 Jolmimes.
1083 2727 1129 2761 34.
1153 2727 1190 2754 B:
1213 2726 1371 2762 discipulis
1392 2726 1484 2753 deest.
1582 2724 1625 2760 37,
1646 2723 1690 2751 38.
1712 2724 1756 2751 A:
1777 2723 1835 2750 sthi

522 2763 668 2790 dominici.

595 2845 623 2866 2.
651 2834 770 2865 Matth.
796 2835 838 2875 V,
866 2836 895 2874 3,
928 2846 976 2867 10.
1107 2834 1156 2866 15.
1183 2834 1380 2875 Augustini,
1413 2833 1465 2864 De
1491 2842 1653 2863 sermone
1680 2830 1834 2870 Domini,

522 2881 544 2912 l.
572 2892 598 2912 c.
626 2890 704 2923 pag.
735 2879 808 2923 167.
