2003 3322
168 225 216 261 38
226 225 248 260 8
881 231 1000 264 opus
1026 231 1364 264 EVANGELICUM
1515 220 1623 274 [CAP.
1644 229 1782 258 xxx1x.

207 353 244 372 or
262 349 293 372 to
306 345 403 384 'those
460 336 642 373 veritatis
702 336 931 384 evangelice
989 349 1067 385 que
1125 337 1370 374 confortaret
1428 350 1497 374 cor
1555 350 1671 373 suurn
1735 339 1785 374 ad

198 380 352 441 whomlgg
373 386 406 405 ²¹⁵
462 394 685 431 Dominum
731 395 800 430 sed
850 402 1016 443 propter
1065 394 1377 443 ineptitudinem
1429 395 1489 431 sui
1540 395 1690 443 ingenii
1749 405 1787 432 et

209 449 402 477 sensualists.
461 452 760 489 involucionem
816 451 856 489 in
905 452 1075 489 crimine
1120 453 1431 501 parvipendunt.
1485 452 1643 490 Priores
1695 462 1787 489 sunt

462 511 678 547 salivantes
723 519 768 547 ut
813 522 933 547 canes
978 510 1109 547 rabidi
1154 520 1192 547 et
1237 511 1385 547 multos
1439 510 1787 548 communicantes

464 581 554 605 cum
589 569 644 605 eis
678 569 888 615 mordent3
921 568 1012 605 ideo
1045 577 1138 604 sunt
1171 568 1400 617 specialiter
1432 569 1611 617 fugiendi
1641 577 1679 605 et
1701 570 1821 605 bre-5

462 627 563 663 viter
595 635 681 663 tota
714 626 942 675 proprietas
976 639 1123 663 canum
1156 626 1388 663 huiusmodi
1414 635 1471 663 est
1492 626 1638 664 talibus
1661 627 1788 675 appli-

464 686 606 731 canda,
647 684 749 721 sicut
791 693 875 721 tota
920 684 1147 732 proprietas
1192 697 1409 733 porcorum
1454 684 1523 733 qui
1571 694 1787 734 quantum-

463 755 624 791 cunque
667 742 895 790 preciosum
937 742 1135 779 cibarium
1173 743 1343 791 pedibus
1381 743 1561 780 lacerant
1599 752 1636 779 et
1682 755 1788 780 ever-

462 810 552 837 tunt
585 809 642 837 est
677 800 864 837 secundis
896 800 1148 849 indispositis
1181 801 1438 850 applicanda.

193 871 420 909 Butwewust
519 859 664 895 Tereia
706 867 804 895 nota
843 870 887 895 ex
925 858 1055 895 verbis
1094 859 1307 907 Augustini
1347 868 1405 896 est
1443 858 1519 895 ista
1559 859 1667 907 quod
1706 871 1788 895 non
1808 874 1847 894 10

167 905 445 976 notprreefggsslrgnfgom
462 926 629 965 propter
661 917 762 953 tales
796 929 913 953 canes
948 925 985 953 et
1017 929 1162 965 porcos
1196 917 1436 954 commixtos
1470 929 1561 953 cum
1586 916 1788 953 auditorio

176 974 438 1044 ὃξὲῦέὣὸξῃὲῠὲξΐ
462 977 569 1011 bono
609 984 701 1011 sunt
740 983 877 1011 sancte
916 974 1135 1023 margarite
1169 975 1396 1023 evangelice
1427 974 1664 1023 simpliciter
1697 975 1788 1011 reti-

227 1045 385 1072 audience.
462 1034 601 1079 cende,
643 1045 734 1069 cum
770 1032 952 1069 Christus
993 1033 1134 1069 habuit
1172 1033 1420 1070 auditorium
1461 1045 1505 1069 ex
1544 1032 1691 1069 talibus
1731 1033 1789 1069 sic

463 1090 726 1127 commixtum
752 1099 789 1127 et
808 1100 944 1127 tamen
968 1090 1182 1128 seminavit
1204 1091 1410 1128 auditorio
1425 1091 1524 1128 tales
1542 1091 1790 1139 evangelicas

462 1149 714 1197 margaritas,
739 1158 782 1185 ut
797 1158 907 1197 patet
925 1150 1013 1185 Joh.
1029 1151 1092 1195 VI,
1113 1149 1175 1196 53,
1193 1151 1355 1198 quando
1379 1149 1495 1185 dixit:
1520 1149 1607 1185 Nisi
1628 1150 1789 1185 mandu-
1811 1153 1847 1185 15

462 1208 645 1243 caveritis
680 1219 836 1243 carnem
861 1207 944 1258 filii
971 1207 1135 1244 hominis
1166 1215 1201 1244 et
1232 1208 1404 1244 biberitis
1435 1208 1516 1243 eius
1546 1207 1791 1258 sanguinem,

463 1278 536 1302 non
571 1265 758 1301 habebitis
791 1266 910 1301 vitam
945 1266 981 1301 in
1016 1266 1136 1302 vobis.
1178 1267 1256 1302 Sed
1282 1269 1339 1311 (ut
1362 1264 1611 1313 Augustinus
1635 1265 1790 1312 asserit)

463 1323 647 1360 Christus
686 1336 768 1360 non
809 1323 1032 1371 predicavit
1064 1323 1211 1360 talibus
1245 1323 1411 1360 canibus
1444 1323 1524 1360 sive
1556 1323 1690 1371 porcis
1723 1324 1791 1359 sed

464 1381 604 1430 capaci
637 1381 857 1428 auditorio,
891 1391 934 1418 ut
967 1381 1135 1418 ecclesia
1167 1394 1238 1430 per
1271 1382 1348 1418 hoc
1381 1383 1640 1430 postmodum
1674 1381 1791 1429 spiri-

464 1440 629 1476 tualiter
670 1439 880 1476 edificetur
925 1449 962 1476 et
1001 1440 1198 1477 inhabiles
1237 1439 1524 1477 racionabilius
1571 1441 1792 1488 condemp-
1809 1454 1851 1474 20

466 1507 624 1534 nentur.
659 1500 707 1534 Et
730 1507 841 1546 patet
865 1499 974 1547 quod
1002 1498 1043 1534 in
1072 1498 1376 1546 predicantibus
1407 1497 1627 1546 requiritur
1655 1498 1792 1545 regula

466 1555 597 1592 divine
637 1556 869 1604 prudencie,
910 1565 953 1592 ut
986 1556 1205 1605 quantitas,
1247 1555 1433 1605 qualitas,
1474 1555 1721 1592 diuturnitas
1755 1564 1792 1592 et

466 1623 597 1651 cetere
642 1614 951 1651 circumstancie
996 1614 1106 1651 verbi
1160 1614 1377 1663 evangelici
1423 1614 1626 1651 auditorio
1672 1626 1793 1662 coap-

467 1681 613 1717 tentur,
648 1672 743 1720 quia
766 1676 825 1720 (ut
858 1673 981 1709 fidem
997 1672 1193 1721 capimus)
1217 1673 1400 1709 Christus
1429 1685 1638 1721 nunquam
1662 1672 1794 1720 predi-

469 1730 587 1776 cavit,
611 1730 815 1778 opposuit,
840 1731 1049 1779 respondit
1064 1732 1126 1767 vel
1141 1731 1280 1777 tacuit,
1306 1730 1382 1767 nisi
1406 1732 1572 1779 quando
1595 1730 1794 1766 notabiles
1811 1735 1850 1767 25

471 1798 508 1825 et
553 1797 689 1825 sancte
736 1788 1046 1825 circumstancie
1100 1790 1407 1839 concurrebant,
1458 1797 1502 1825 ut
1545 1788 1794 1837 Augustinus

472 1846 643 1894 explicat
677 1848 724 1882 de
758 1846 1017 1895 quibusdam.

220 1913 280 1941 We
301 1912 413 1951 should
529 1906 578 1940 Et
611 1917 655 1940 ex
687 1904 755 1941 illo
790 1906 971 1953 exemplo
1004 1904 1153 1953 triplici
1186 1904 1397 1953 Augustini
1432 1904 1596 1953 capiunt
1628 1904 1791 1953 quidam

211 1948 421 2017 pssglqassssgeassffd
474 1962 611 1998 fideles
651 1964 816 1999 modum
853 1963 1047 2011 querendi
1088 1963 1207 2000 fidem
1249 1963 1488 2000 catholicam
1533 1975 1554 1999 a
1594 1962 1675 1999 suis
1715 1962 1795 2011 epi-

196 2017 437 2079 f1'lifssgsscfflffitliics
473 2020 617 2068 scopis,
652 2033 674 2056 a
696 2021 885 2057 fratribus
914 2030 951 2057 et
974 2021 1150 2069 prelatis,
1176 2022 1338 2069 quando
1371 2022 1419 2057 ab
1454 2021 1508 2057 eis
1532 2029 1718 2069 querunt,
1753 2030 1795 2056 ut
1812 2026 1853 2058 30

276 2087 362 2114 faith.
475 2078 654 2114 debitum
690 2079 856 2128 aliquod
889 2080 1126 2128 temporale,
1162 2088 1383 2116 asserentes
1416 2079 1549 2127 primo
1572 2079 1682 2127 quod
1714 2092 1796 2115 non

476 2137 609 2172 minus
643 2146 829 2173 tenentur
863 2137 1043 2186 episcopi
1076 2137 1209 2174 dicere
1239 2137 1316 2173 illis
1341 2137 1545 2174 racionem
1569 2136 1679 2173 verbi
1704 2136 1795 2173 fidei

475 2207 596 2243 quam
656 2194 712 2231 illi
764 2204 952 2232 tenentur
1004 2197 1174 2232 reddere
1226 2195 1308 2232 suis
1364 2194 1561 2244 episcopis
1614 2194 1793 2231 debitum

474 2253 715 2300 temporale3
751 2262 789 2289 et
821 2253 1091 2290 communiter
1124 2253 1263 2290 dicunt
1296 2254 1486 2290 fratribus
1519 2253 1627 2301 quod
1661 2252 1797 2289 dicant

475 2310 529 2346 eis
574 2312 646 2347 sub
692 2311 822 2359 sigillo
869 2324 940 2348 suo
979 2312 1156 2359 generali
1198 2312 1318 2348 fidem
1359 2324 1472 2348 suam
1514 2312 1563 2347 de
1601 2310 1798 2359 quiditate
1815 2316 1853 2348 35

475 2369 604 2404 hostie
638 2378 885 2416 consecrate,
926 2370 1020 2418 quia
1053 2369 1094 2405 in
1128 2369 1204 2406 isto
1237 2379 1330 2406 sunt
1363 2369 1538 2417 suspecti
1572 2370 1619 2404 de
1653 2368 1795 2405 heresi.

475 2429 522 2462 Et
555 2427 654 2463 tales
688 2436 901 2475 peccantes
925 2427 1138 2476 tripliciter
1162 2429 1383 2464 secundum
1415 2440 1576 2464 sensum
1602 2426 1797 2474 evangelii

476 2486 621 2520 debent
645 2485 758 2521 renui
774 2494 983 2534 tamquam
1002 2485 1149 2522 ethnici
1165 2495 1202 2521 et
1218 2486 1436 2533 publicani,
1462 2498 1552 2522 cum
1577 2486 1795 2520 secundum

476 2542 703 2579 doctrinam
739 2543 887 2579 Christi
928 2543 967 2579 in
1000 2545 1181 2580 Johanne
1215 2545 1296 2579 Ave
1328 2557 1399 2580 non
1440 2544 1574 2579 debeat
1612 2543 1664 2578 eis
1703 2543 1799 2584 dici,-

477 2609 513 2636 et
546 2602 763 2648 Apostolus
803 2603 970 2638 mandat
1008 2602 1085 2638 Tit.
1128 2601 1289 2638 ultimo:
1336 2602 1561 2637 Hereticmn
1607 2601 1796 2637 hominem
1812 2616 1857 2646 40

548 2754 588 2775 ο.
611 2747 649 2774 B:
683 2748 892 2783 amplicanda.
1003 2756 1010 2775 1
1037 2769 1043 2775 .
1075 2749 1102 2775 A
1132 2748 1160 2774 in
1193 2756 1308 2782 marga
1343 2756 1375 2782 3.
1486 2746 1527 2775 23.
1561 2747 1597 2774 ss:
1626 2747 1797 2774 adiutorio.

479 2780 525 2811 30.
546 2779 585 2808 31.
607 2783 651 2809 A:
672 2783 721 2809 vel
739 2782 880 2809 debitum.
954 2781 996 2810 32.
1015 2784 1058 2810 A:
1075 2783 1213 2810 racione.
1289 2782 1334 2810 30.
1352 2785 1394 2809 A:
1412 2782 1559 2812 debeant,-
1581 2782 1617 2808 ss:
1640 2782 1797 2808 debemur.

551 2843 602 2884 39.
632 2843 667 2873 ΙΙ.
695 2842 772 2874 Joh.
807 2854 854 2873 10.
951 2854 1006 2883 40.
1034 2843 1101 2874 Tit.
1130 2844 1182 2882 ΙΙΙ,
1216 2854 1264 2873 10.
