<?xml version="1.0" encoding="UTF-8"?>
<!DOCTYPE html PUBLIC "-//W3C//DTD XHTML 1.0 Transitional//EN"
    "http://www.w3.org/TR/xhtml1/DTD/xhtml1-transitional.dtd">
<html xmlns="http://www.w3.org/1999/xhtml" xml:lang="en" lang="en">
 <head>
  <title>
</title>
<meta http-equiv="Content-Type" content="text/html;charset=utf-8" />
  <meta name='ocr-system' content='tesseract 3.04.00' />
  <meta name='ocr-capabilities' content='ocr_page ocr_carea ocr_par ocr_line ocrx_word'/>
</head>
<body>
  <div class='ocr_page' id='page_1' title='image "./opusevangelicum12wycl/opusevangelicum12wycl_0176.png"; bbox 0 0 2003 3322; ppageno 0'>
   <div class='ocr_carea' id='block_1_1' title="bbox 193 219 267 255">
    <p class='ocr_par' dir='ltr' id='par_1_1' title="bbox 193 219 267 255">
     <span class='ocr_line' id='line_1_1' title="bbox 193 219 267 255; baseline 0.014 -1"><span class='ocrx_word' id='word_1_1' title='bbox 193 219 267 255; x_wconf 83' lang='lat'><em>166</em></span> 
     </span>
    </p>
   </div>
   <div class='ocr_carea' id='block_1_2' title="bbox 216 2248 453 2389">
    <p class='ocr_par' dir='ltr' id='par_1_2' title="bbox 216 2248 453 2275">
     <span class='ocr_line' id='line_1_2' title="bbox 216 2248 453 2275; baseline 0 0"><span class='ocrx_word' id='word_1_2' title='bbox 216 2248 294 2275; x_wconf 86' lang='lat' dir='ltr'><em>How</em></span> <span class='ocrx_word' id='word_1_3' title='bbox 316 2248 376 2275; x_wconf 85' lang='lat' dir='ltr'><em>this</em></span> <span class='ocrx_word' id='word_1_4' title='bbox 397 2256 453 2275; x_wconf 84' lang='lat' dir='ltr'><em>can</em></span> 
     </span>
    </p>

    <p class='ocr_par' dir='ltr' id='par_1_3' title="bbox 223 2282 449 2310">
     <span class='ocr_line' id='line_1_3' title="bbox 223 2282 449 2310; baseline -0.004 0"><span class='ocrx_word' id='word_1_5' title='bbox 223 2284 258 2310; x_wconf 87' lang='lat' dir='ltr'><em>be</em></span> <span class='ocrx_word' id='word_1_6' title='bbox 279 2282 449 2310; x_wconf 79' lang='lat' dir='ltr'><em>reconciled</em></span> 
     </span>
    </p>

    <p class='ocr_par' dir='ltr' id='par_1_4' title="bbox 223 2317 451 2389">
     <span class='ocr_line' id='line_1_4' title="bbox 223 2317 451 2345; baseline -0.004 0"><span class='ocrx_word' id='word_1_7' title='bbox 223 2318 297 2345; x_wconf 83' lang='lat' dir='ltr'><em>with</em></span> <span class='ocrx_word' id='word_1_8' title='bbox 319 2317 451 2345; x_wconf 78' lang='lat' dir='ltr'><em>Christ⁷s</em></span> 
     </span>
     <span class='ocr_line' id='line_1_5' title="bbox 279 2353 396 2389; baseline 0 -10"><span class='ocrx_word' id='word_1_9' title='bbox 279 2353 396 2389; x_wconf 82' lang='lat' dir='ltr'><em>saying,</em></span> 
     </span>
    </p>
   </div>
   <div class='ocr_carea' id='block_1_3' title="bbox 879 214 1793 268">
    <p class='ocr_par' dir='ltr' id='par_1_5' title="bbox 879 214 1793 268">
     <span class='ocr_line' id='line_1_6' title="bbox 879 214 1793 268; baseline -0.008 -11"><span class='ocrx_word' id='word_1_10' title='bbox 879 225 998 257; x_wconf 80' lang='lat' dir='ltr'>OPUS</span> <span class='ocrx_word' id='word_1_11' title='bbox 1024 225 1361 258; x_wconf 77' lang='lat' dir='ltr'>EVANGELICUM</span> <span class='ocrx_word' id='word_1_12' title='bbox 1556 214 1663 268; x_wconf 77' lang='lat' dir='ltr'><em>[CAP.</em></span> <span class='ocrx_word' id='word_1_13' title='bbox 1684 224 1793 252; x_wconf 67' lang='lat' dir='ltr'><em>mm.</em></span> 
     </span>
    </p>
   </div>
   <div class='ocr_carea' id='block_1_4' title="bbox 472 331 1859 2465">
    <p class='ocr_par' dir='ltr' id='par_1_6' title="bbox 472 331 1859 2234">
     <span class='ocr_line' id='line_1_7' title="bbox 477 331 1794 381; baseline 0 -12"><span class='ocrx_word' id='word_1_14' title='bbox 477 333 578 369; x_wconf 84' lang='lat' dir='ltr'><em>nolle</em></span> <span class='ocrx_word' id='word_1_15' title='bbox 611 332 824 368; x_wconf 79' lang='lat' dir='ltr'><em>discidium.</em></span> <span class='ocrx_word' id='word_1_16' title='bbox 871 332 924 367; x_wconf 85' lang='lat' dir='ltr'><em>Et</em></span> <span class='ocrx_word' id='word_1_17' title='bbox 956 331 1040 367; x_wconf 86' lang='lat' dir='ltr'><em>ideo</em></span> <span class='ocrx_word' id='word_1_18' title='bbox 1074 332 1265 367; x_wconf 77' lang='lat' dir='ltr'><em>Dominus</em></span> <span class='ocrx_word' id='word_1_19' title='bbox 1298 332 1377 381; x_wconf 85' lang='lat' dir='ltr'><em>ipse</em></span> <span class='ocrx_word' id='word_1_20' title='bbox 1417 332 1492 368; x_wconf 87' lang='lat' dir='ltr'><em>alio</em></span> <span class='ocrx_word' id='word_1_21' title='bbox 1527 333 1611 369; x_wconf 88' lang='lat' dir='ltr'><em>loco</em></span> <span class='ocrx_word' id='word_1_22' title='bbox 1646 333 1692 369; x_wconf 89' lang='lat' dir='ltr'><em>de</em></span> <span class='ocrx_word' id='word_1_23' title='bbox 1724 335 1794 370; x_wconf 83' lang='lat' dir='ltr'><em>hoc</em></span> 
     </span>
     <span class='ocr_line' id='line_1_8' title="bbox 475 389 1791 440; baseline -0.001 -13"><span class='ocrx_word' id='word_1_24' title='bbox 475 392 758 440; x_wconf 72' lang='lat' dir='ltr'><em>interrogatus,</em></span> <span class='ocrx_word' id='word_1_25' title='bbox 791 389 843 425; x_wconf 89' lang='lat' dir='ltr'><em>ita</em></span> <span class='ocrx_word' id='word_1_26' title='bbox 868 389 1087 438; x_wconf 78' lang='lat' dir='ltr'><em>respondit:</em></span> <span class='ocrx_word' id='word_1_27' title='bbox 1119 390 1206 425; x_wconf 88' lang='lat' dir='ltr'><em>Hoc</em></span> <span class='ocrx_word' id='word_1_28' title='bbox 1230 390 1392 440; x_wconf 75' lang='lat' dir='ltr'><em>Moyses</em></span> <span class='ocrx_word' id='word_1_29' title='bbox 1411 398 1580 439; x_wconf 88' lang='lat' dir='ltr'><em>propter</em></span> <span class='ocrx_word' id='word_1_30' title='bbox 1602 391 1791 427; x_wconf 88' lang='lat' dir='ltr'><em>duriciam</em></span> 
     </span>
     <span class='ocr_line' id='line_1_9' title="bbox 475 447 1796 497; baseline -0.001 -12"><span class='ocrx_word' id='word_1_31' title='bbox 475 448 605 486; x_wconf 90' lang='lat' dir='ltr'><em>cordis</em></span> <span class='ocrx_word' id='word_1_32' title='bbox 654 447 774 483; x_wconf 78' lang='lat' dir='ltr'><em>vestri</em></span> <span class='ocrx_word' id='word_1_33' title='bbox 807 447 920 496; x_wconf 87' lang='lat' dir='ltr'><em>fecit.</em></span> <span class='ocrx_word' id='word_1_34' title='bbox 976 447 1230 491; x_wconf 80' lang='lat' dir='ltr'><em>Quantunzvis</em></span> <span class='ocrx_word' id='word_1_35' title='bbox 1275 448 1372 483; x_wconf 88' lang='lat' dir='ltr'><em>enim</em></span> <span class='ocrx_word' id='word_1_36' title='bbox 1421 449 1540 484; x_wconf 88' lang='lat' dir='ltr'><em>durus</em></span> <span class='ocrx_word' id='word_1_37' title='bbox 1579 457 1688 495; x_wconf 86' lang='lat' dir='ltr'><em>esset,</em></span> <span class='ocrx_word' id='word_1_38' title='bbox 1733 450 1796 497; x_wconf 91' lang='lat' dir='ltr'><em>qui</em></span> 
     </span>
     <span class='ocr_line' id='line_1_10' title="bbox 476 505 1797 556; baseline 0 -14"><span class='ocrx_word' id='word_1_39' title='bbox 476 507 589 543; x_wconf 78' lang='lat' dir='ltr'><em>vellet</em></span> <span class='ocrx_word' id='word_1_40' title='bbox 634 505 828 541; x_wconf 81' lang='lat' dir='ltr'><em>dimittere</em></span> <span class='ocrx_word' id='word_1_41' title='bbox 871 517 1051 548; x_wconf 72' lang='lat' dir='ltr'><em>uxorem,</em></span> <span class='ocrx_word' id='word_1_42' title='bbox 1103 517 1187 541; x_wconf 90' lang='lat' dir='ltr'><em>cum</em></span> <span class='ocrx_word' id='word_1_43' title='bbox 1232 505 1427 555; x_wconf 74' lang='lat' dir='ltr'><em>cogitaret</em></span> <span class='ocrx_word' id='word_1_44' title='bbox 1471 506 1598 541; x_wconf 84' lang='lat' dir='ltr'><em>libello</em></span> <span class='ocrx_word' id='word_1_45' title='bbox 1645 507 1797 556; x_wconf 81' lang='lat' dir='ltr'><em>repudii</em></span> 
     </span>
     <span class='ocr_line' id='line_1_11' title="bbox 475 563 1827 612; baseline -0.002 -12"><span class='ocrx_word' id='word_1_46' title='bbox 475 565 546 601; x_wconf 84' lang='lat' dir='ltr'><em>sibi</em></span> <span class='ocrx_word' id='word_1_47' title='bbox 578 564 668 599; x_wconf 89' lang='lat' dir='ltr'><em>dato</em></span> <span class='ocrx_word' id='word_1_48' title='bbox 701 563 777 599; x_wconf 87' lang='lat' dir='ltr'><em>iam</em></span> <span class='ocrx_word' id='word_1_49' title='bbox 810 563 890 599; x_wconf 89' lang='lat' dir='ltr'><em>sine</em></span> <span class='ocrx_word' id='word_1_50' title='bbox 907 563 1083 612; x_wconf 90' lang='lat' dir='ltr'><em>periculo</em></span> <span class='ocrx_word' id='word_1_51' title='bbox 1117 575 1200 598; x_wconf 91' lang='lat' dir='ltr'><em>eam</em></span> <span class='ocrx_word' id='word_1_52' title='bbox 1219 575 1335 612; x_wconf 90' lang='lat' dir='ltr'><em>posse</em></span> <span class='ocrx_word' id='word_1_53' title='bbox 1368 563 1485 599; x_wconf 88' lang='lat' dir='ltr'><em>alteri</em></span> <span class='ocrx_word' id='word_1_54' title='bbox 1515 564 1656 600; x_wconf 82' lang='lat' dir='ltr'><em>nubere</em></span> <span class='ocrx_word' id='word_1_55' title='bbox 1669 565 1827 612; x_wconf 82' lang='lat' dir='ltr'><em>facile5</em></span> 
     </span>
     <span class='ocr_line' id='line_1_12' title="bbox 472 620 1795 672; baseline -0.001 -14"><span class='ocrx_word' id='word_1_56' title='bbox 472 623 714 672; x_wconf 78' lang='lat' dir='ltr'><em>placaretur.</em></span> <span class='ocrx_word' id='word_1_57' title='bbox 764 621 955 657; x_wconf 86' lang='lat' dir='ltr'><em>Dominus</em></span> <span class='ocrx_word' id='word_1_58' title='bbox 999 621 1123 671; x_wconf 77' lang='lat' dir='ltr'><em>igitur</em></span> <span class='ocrx_word' id='word_1_59' title='bbox 1166 621 1217 656; x_wconf 89' lang='lat' dir='ltr'><em>ad</em></span> <span class='ocrx_word' id='word_1_60' title='bbox 1260 620 1357 655; x_wconf 89' lang='lat' dir='ltr'><em>illud</em></span> <span class='ocrx_word' id='word_1_61' title='bbox 1401 622 1709 671; x_wconf 83' lang='lat' dir='ltr'><em>confirmandum</em></span> <span class='ocrx_word' id='word_1_62' title='bbox 1755 630 1795 658; x_wconf 92' lang='lat' dir='ltr'><em>ut</em></span> 
     </span>
     <span class='ocr_line' id='line_1_13' title="bbox 478 678 1795 728; baseline 0 -12"><span class='ocrx_word' id='word_1_63' title='bbox 478 693 550 716; x_wconf 89' lang='lat' dir='ltr'><em>non</em></span> <span class='ocrx_word' id='word_1_64' title='bbox 573 680 700 728; x_wconf 91' lang='lat' dir='ltr'><em>facile</em></span> <span class='ocrx_word' id='word_1_65' title='bbox 744 690 849 714; x_wconf 81' lang='lat' dir='ltr'><em>uxor</em></span> <span class='ocrx_word' id='word_1_66' title='bbox 893 678 1112 714; x_wconf 84' lang='lat' dir='ltr'><em>dimittatur</em></span> <span class='ocrx_word' id='word_1_67' title='bbox 1153 679 1276 714; x_wconf 89' lang='lat' dir='ltr'><em>solam</em></span> <span class='ocrx_word' id='word_1_68' title='bbox 1322 691 1478 715; x_wconf 88' lang='lat' dir='ltr'><em>causam</em></span> <span class='ocrx_word' id='word_1_69' title='bbox 1510 680 1795 728; x_wconf 82' lang='lat' dir='ltr'><em>fornicacionis</em></span> 
     </span>
     <span class='ocr_line' id='line_1_14' title="bbox 478 736 1796 786; baseline -0.001 -12"><span class='ocrx_word' id='word_1_70' title='bbox 478 738 648 786; x_wconf 82' lang='lat' dir='ltr'><em>excepit:</em></span> <span class='ocrx_word' id='word_1_71' title='bbox 692 744 841 773; x_wconf 90' lang='lat' dir='ltr'><em>ceteras</em></span> <span class='ocrx_word' id='word_1_72' title='bbox 885 748 976 772; x_wconf 77' lang='lat' dir='ltr'><em>vero</em></span> <span class='ocrx_word' id='word_1_73' title='bbox 1022 736 1218 772; x_wconf 76' lang='lat' dir='ltr'><em>molestias</em></span> <span class='ocrx_word' id='word_1_74' title='bbox 1257 736 1291 772; x_wconf 92' lang='lat' dir='ltr'><em>si</em></span> <span class='ocrx_word' id='word_1_75' title='bbox 1334 748 1404 784; x_wconf 87' lang='lat' dir='ltr'><em>que</em></span> <span class='ocrx_word' id='word_1_76' title='bbox 1437 737 1553 785; x_wconf 89' lang='lat' dir='ltr'><em>forte</em></span> <span class='ocrx_word' id='word_1_77' title='bbox 1597 737 1796 774; x_wconf 79' lang='lat' dir='ltr'><em>extiterint</em></span> 
     </span>
     <span class='ocr_line' id='line_1_15' title="bbox 478 794 1793 845; baseline 0 -14"><span class='ocrx_word' id='word_1_78' title='bbox 478 796 577 831; x_wconf 86' lang='lat' dir='ltr'><em>iubet</em></span> <span class='ocrx_word' id='word_1_79' title='bbox 604 808 680 844; x_wconf 92' lang='lat' dir='ltr'><em>pro</em></span> <span class='ocrx_word' id='word_1_80' title='bbox 703 794 790 845; x_wconf 87' lang='lat' dir='ltr'><em>fide</em></span> <span class='ocrx_word' id='word_1_81' title='bbox 821 794 1020 844; x_wconf 77' lang='lat' dir='ltr'><em>coniugali</em></span> <span class='ocrx_word' id='word_1_82' title='bbox 1041 802 1075 830; x_wconf 90' lang='lat' dir='ltr'><em>et</em></span> <span class='ocrx_word' id='word_1_83' title='bbox 1093 806 1169 843; x_wconf 88' lang='lat' dir='ltr'><em>pro</em></span> <span class='ocrx_word' id='word_1_84' title='bbox 1201 794 1377 830; x_wconf 87' lang='lat' dir='ltr'><em>castitate</em></span> <span class='ocrx_word' id='word_1_85' title='bbox 1399 795 1571 843; x_wconf 90' lang='lat' dir='ltr'><em>fortiter</em></span> <span class='ocrx_word' id='word_1_86' title='bbox 1601 795 1793 831; x_wconf 83' lang='lat' dir='ltr'><em>sustineri.</em></span> 
     </span>
     <span class='ocr_line' id='line_1_16' title="bbox 477 852 1853 902; baseline 0 -13"><span class='ocrx_word' id='word_1_87' title='bbox 477 854 530 889; x_wconf 90' lang='lat' dir='ltr'><em>Et</em></span> <span class='ocrx_word' id='word_1_88' title='bbox 574 854 746 889; x_wconf 79' lang='lat' dir='ltr'><em>nzeclzum</em></span> <span class='ocrx_word' id='word_1_89' title='bbox 793 853 911 888; x_wconf 88' lang='lat' dir='ltr'><em>eciam</em></span> <span class='ocrx_word' id='word_1_90' title='bbox 958 852 1048 888; x_wconf 89' lang='lat' dir='ltr'><em>dicit</em></span> <span class='ocrx_word' id='word_1_91' title='bbox 1093 852 1231 896; x_wconf 78' lang='lat' dir='ltr'><em>virum,</em></span> <span class='ocrx_word' id='word_1_92' title='bbox 1287 853 1350 900; x_wconf 89' lang='lat' dir='ltr'><em>qui</em></span> <span class='ocrx_word' id='word_1_93' title='bbox 1393 864 1476 888; x_wconf 88' lang='lat' dir='ltr'><em>eam</em></span> <span class='ocrx_word' id='word_1_94' title='bbox 1524 853 1682 889; x_wconf 80' lang='lat' dir='ltr'><em>duxerit</em></span> <span class='ocrx_word' id='word_1_95' title='bbox 1726 865 1853 902; x_wconf 88' lang='lat' dir='ltr'><em>que1o</em></span> 
     </span>
     <span class='ocr_line' id='line_1_17' title="bbox 478 910 1793 959; baseline 0 -12"><span class='ocrx_word' id='word_1_96' title='bbox 478 925 499 947; x_wconf 95' lang='lat' dir='ltr'><em>a</em></span> <span class='ocrx_word' id='word_1_97' title='bbox 534 911 617 947; x_wconf 76' lang='lat' dir='ltr'><em>viro</em></span> <span class='ocrx_word' id='word_1_98' title='bbox 649 911 776 947; x_wconf 87' lang='lat' dir='ltr'><em>soluta</em></span> <span class='ocrx_word' id='word_1_99' title='bbox 810 918 875 946; x_wconf 88' lang='lat' dir='ltr'><em>est.</em></span> <span class='ocrx_word' id='word_1_100' title='bbox 927 910 1041 946; x_wconf 86' lang='lat' dir='ltr'><em>Cuius</em></span> <span class='ocrx_word' id='word_1_101' title='bbox 1081 910 1138 945; x_wconf 88' lang='lat' dir='ltr'><em>rei</em></span> <span class='ocrx_word' id='word_1_102' title='bbox 1169 910 1314 946; x_wconf 89' lang='lat' dir='ltr'><em>Paulus</em></span> <span class='ocrx_word' id='word_1_103' title='bbox 1359 911 1556 959; x_wconf 89' lang='lat' dir='ltr'><em>apostolus</em></span> <span class='ocrx_word' id='word_1_104' title='bbox 1589 911 1793 947; x_wconf 88' lang='lat' dir='ltr'><em>terminum</em></span> 
     </span>
     <span class='ocr_line' id='line_1_18' title="bbox 479 968 1796 1017; baseline -0.001 -12"><span class='ocrx_word' id='word_1_105' title='bbox 479 969 656 1014; x_wconf 83' lang='lat' dir='ltr'><em>ostendit,</em></span> <span class='ocrx_word' id='word_1_106' title='bbox 690 968 777 1017; x_wconf 91' lang='lat' dir='ltr'><em>quia</em></span> <span class='ocrx_word' id='word_1_107' title='bbox 810 968 957 1004; x_wconf 86' lang='lat' dir='ltr'><em>tamdiu</em></span> <span class='ocrx_word' id='word_1_108' title='bbox 991 968 1273 1003; x_wconf 77' lang='lat' dir='ltr'><em>obseruandum</em></span> <span class='ocrx_word' id='word_1_109' title='bbox 1300 968 1391 1004; x_wconf 91' lang='lat' dir='ltr'><em>dicit</em></span> <span class='ocrx_word' id='word_1_110' title='bbox 1419 969 1601 1016; x_wconf 82' lang='lat' dir='ltr'><em>quamdiu</em></span> <span class='ocrx_word' id='word_1_111' title='bbox 1625 969 1685 1004; x_wconf 84' lang='lat' dir='ltr'><em>vir</em></span> <span class='ocrx_word' id='word_1_112' title='bbox 1718 969 1796 1005; x_wconf 87' lang='lat' dir='ltr'><em>eius</em></span> 
     </span>
     <span class='ocr_line' id='line_1_19' title="bbox 480 1026 1793 1071; baseline -0.001 -8"><span class='ocrx_word' id='word_1_113' title='bbox 480 1027 582 1063; x_wconf 82' lang='lat' dir='ltr'><em>vivit.</em></span> <span class='ocrx_word' id='word_1_114' title='bbox 636 1027 719 1071; x_wconf 80' lang='lat' dir='ltr'><em>Quo</em></span> <span class='ocrx_word' id='word_1_115' title='bbox 759 1034 912 1062; x_wconf 89' lang='lat' dir='ltr'><em>mortuo</em></span> <span class='ocrx_word' id='word_1_116' title='bbox 959 1027 1025 1061; x_wconf 88' lang='lat' dir='ltr'><em>dat</em></span> <span class='ocrx_word' id='word_1_117' title='bbox 1069 1026 1234 1062; x_wconf 82' lang='lat' dir='ltr'><em>nubendi</em></span> <span class='ocrx_word' id='word_1_118' title='bbox 1276 1026 1484 1062; x_wconf 87' lang='lat' dir='ltr'><em>licenciam.</em></span> <span class='ocrx_word' id='word_1_119' title='bbox 1539 1027 1654 1062; x_wconf 88' lang='lat' dir='ltr'><em>Hanc</em></span> <span class='ocrx_word' id='word_1_120' title='bbox 1697 1027 1793 1062; x_wconf 87' lang='lat' dir='ltr'><em>enim</em></span> 
     </span>
     <span class='ocr_line' id='line_1_20' title="bbox 479 1084 1794 1134; baseline -0.001 -13"><span class='ocrx_word' id='word_1_121' title='bbox 479 1085 597 1121; x_wconf 89' lang='lat' dir='ltr'><em>eciam</em></span> <span class='ocrx_word' id='word_1_122' title='bbox 632 1085 712 1134; x_wconf 86' lang='lat' dir='ltr'><em>ipse</em></span> <span class='ocrx_word' id='word_1_123' title='bbox 750 1084 869 1120; x_wconf 89' lang='lat' dir='ltr'><em>tenuit</em></span> <span class='ocrx_word' id='word_1_124' title='bbox 907 1084 1086 1134; x_wconf 78' lang='lat' dir='ltr'><em>regulam</em></span> <span class='ocrx_word' id='word_1_125' title='bbox 1120 1091 1156 1119; x_wconf 90' lang='lat' dir='ltr'><em>et</em></span> <span class='ocrx_word' id='word_1_126' title='bbox 1188 1084 1223 1119; x_wconf 91' lang='lat' dir='ltr'><em>in</em></span> <span class='ocrx_word' id='word_1_127' title='bbox 1257 1095 1300 1119; x_wconf 91' lang='lat' dir='ltr'><em>ea</em></span> <span class='ocrx_word' id='word_1_128' title='bbox 1334 1096 1406 1119; x_wconf 92' lang='lat' dir='ltr'><em>non</em></span> <span class='ocrx_word' id='word_1_129' title='bbox 1439 1097 1548 1120; x_wconf 85' lang='lat' dir='ltr'><em>suum</em></span> <span class='ocrx_word' id='word_1_130' title='bbox 1582 1084 1794 1131; x_wconf 90' lang='lat' dir='ltr'><em>consilium,</em></span> 
     </span>
     <span class='ocr_line' id='line_1_21' title="bbox 478 1141 1851 1191; baseline -0.001 -12"><span class='ocrx_word' id='word_1_131' title='bbox 478 1143 575 1179; x_wconf 88' lang='lat' dir='ltr'><em>sicut</em></span> <span class='ocrx_word' id='word_1_132' title='bbox 607 1143 726 1179; x_wconf 88' lang='lat' dir='ltr'><em>eciam</em></span> <span class='ocrx_word' id='word_1_133' title='bbox 760 1142 795 1177; x_wconf 92' lang='lat' dir='ltr'><em>in</em></span> <span class='ocrx_word' id='word_1_134' title='bbox 830 1141 1021 1178; x_wconf 85' lang='lat' dir='ltr'><em>nonnullis</em></span> <span class='ocrx_word' id='word_1_135' title='bbox 1060 1142 1233 1185; x_wconf 83' lang='lat' dir='ltr'><em>monitis;</em></span> <span class='ocrx_word' id='word_1_136' title='bbox 1276 1142 1344 1177; x_wconf 89' lang='lat' dir='ltr'><em>sed</em></span> <span class='ocrx_word' id='word_1_137' title='bbox 1377 1149 1603 1191; x_wconf 80' lang='lat' dir='ltr'><em>preceptum</em></span> <span class='ocrx_word' id='word_1_138' title='bbox 1639 1142 1851 1178; x_wconf 81' lang='lat' dir='ltr'><em>Domini15</em></span> 
     </span>
     <span class='ocr_line' id='line_1_22' title="bbox 480 1199 1797 1250; baseline -0.001 -14"><span class='ocrx_word' id='word_1_139' title='bbox 480 1200 639 1237; x_wconf 88' lang='lat' dir='ltr'><em>iubentis</em></span> <span class='ocrx_word' id='word_1_140' title='bbox 671 1200 848 1246; x_wconf 80' lang='lat' dir='ltr'><em>ostendit,</em></span> <span class='ocrx_word' id='word_1_141' title='bbox 882 1212 967 1236; x_wconf 90' lang='lat' dir='ltr'><em>cum</em></span> <span class='ocrx_word' id='word_1_142' title='bbox 1001 1199 1075 1235; x_wconf 89' lang='lat' dir='ltr'><em>ait:</em></span> <span class='ocrx_word' id='word_1_143' title='bbox 1106 1199 1176 1235; x_wconf 90' lang='lat' dir='ltr'><em>Eis</em></span> <span class='ocrx_word' id='word_1_144' title='bbox 1208 1208 1334 1235; x_wconf 91' lang='lat' dir='ltr'><em>autem</em></span> <span class='ocrx_word' id='word_1_145' title='bbox 1359 1200 1422 1247; x_wconf 90' lang='lat' dir='ltr'><em>qui</em></span> <span class='ocrx_word' id='word_1_146' title='bbox 1449 1200 1484 1235; x_wconf 91' lang='lat' dir='ltr'><em>in</em></span> <span class='ocrx_word' id='word_1_147' title='bbox 1508 1200 1686 1250; x_wconf 73' lang='lat' dir='ltr'><em>coniugio</em></span> <span class='ocrx_word' id='word_1_148' title='bbox 1709 1208 1797 1236; x_wconf 89' lang='lat' dir='ltr'><em>sunt</em></span> 
     </span>
     <span class='ocr_line' id='line_1_23' title="bbox 475 1257 1795 1308; baseline -0.001 -14"><span class='ocrx_word' id='word_1_149' title='bbox 475 1258 662 1308; x_wconf 85' lang='lat' dir='ltr'><em>precipio,</em></span> <span class='ocrx_word' id='word_1_150' title='bbox 708 1271 781 1294; x_wconf 90' lang='lat' dir='ltr'><em>non</em></span> <span class='ocrx_word' id='word_1_151' title='bbox 827 1270 898 1308; x_wconf 78' lang='lat' dir='ltr'><em>ego</em></span> <span class='ocrx_word' id='word_1_152' title='bbox 945 1258 1014 1293; x_wconf 88' lang='lat' dir='ltr'><em>sed</em></span> <span class='ocrx_word' id='word_1_153' title='bbox 1046 1257 1248 1304; x_wconf 84' lang='lat' dir='ltr'><em>Dominus,</em></span> <span class='ocrx_word' id='word_1_154' title='bbox 1294 1258 1493 1293; x_wconf 88' lang='lat' dir='ltr'><em>mulierem</em></span> <span class='ocrx_word' id='word_1_155' title='bbox 1538 1270 1559 1293; x_wconf 92' lang='lat' dir='ltr'><em>a</em></span> <span class='ocrx_word' id='word_1_156' title='bbox 1601 1258 1683 1294; x_wconf 80' lang='lat' dir='ltr'><em>viro</em></span> <span class='ocrx_word' id='word_1_157' title='bbox 1723 1271 1795 1294; x_wconf 89' lang='lat' dir='ltr'><em>non</em></span> 
     </span>
     <span class='ocr_line' id='line_1_24' title="bbox 482 1315 1796 1364; baseline 0.001 -13"><span class='ocrx_word' id='word_1_158' title='bbox 482 1317 699 1361; x_wconf 86' lang='lat' dir='ltr'><em>discedere;</em></span> <span class='ocrx_word' id='word_1_159' title='bbox 736 1317 837 1364; x_wconf 90' lang='lat' dir='ltr'><em>quod</em></span> <span class='ocrx_word' id='word_1_160' title='bbox 874 1316 908 1352; x_wconf 77' lang='lat' dir='ltr'><em>si</em></span> <span class='ocrx_word' id='word_1_161' title='bbox 945 1315 1163 1351; x_wconf 87' lang='lat' dir='ltr'><em>discesserit</em></span> <span class='ocrx_word' id='word_1_162' title='bbox 1196 1327 1353 1351; x_wconf 88' lang='lat' dir='ltr'><em>manere</em></span> <span class='ocrx_word' id='word_1_163' title='bbox 1385 1316 1581 1364; x_wconf 90' lang='lat' dir='ltr'><em>innuptam</em></span> <span class='ocrx_word' id='word_1_164' title='bbox 1616 1323 1682 1351; x_wconf 93' lang='lat' dir='ltr'><em>aut</em></span> <span class='ocrx_word' id='word_1_165' title='bbox 1714 1315 1796 1352; x_wconf 78' lang='lat' dir='ltr'><em>viro</em></span> 
     </span>
     <span class='ocr_line' id='line_1_25' title="bbox 480 1373 1800 1419; baseline -0.001 -9"><span class='ocrx_word' id='word_1_166' title='bbox 480 1387 548 1411; x_wconf 89' lang='lat' dir='ltr'><em>suo</em></span> <span class='ocrx_word' id='word_1_167' title='bbox 583 1374 842 1419; x_wconf 87' lang='lat' dir='ltr'><em>reconciliari,</em></span> <span class='ocrx_word' id='word_1_168' title='bbox 875 1381 911 1409; x_wconf 92' lang='lat' dir='ltr'><em>et</em></span> <span class='ocrx_word' id='word_1_169' title='bbox 943 1373 1003 1408; x_wconf 78' lang='lat' dir='ltr'><em>vir</em></span> <span class='ocrx_word' id='word_1_170' title='bbox 1025 1385 1190 1409; x_wconf 87' lang='lat' dir='ltr'><em>uxorem</em></span> <span class='ocrx_word' id='word_1_171' title='bbox 1215 1386 1287 1410; x_wconf 91' lang='lat' dir='ltr'><em>non</em></span> <span class='ocrx_word' id='word_1_172' title='bbox 1312 1373 1492 1409; x_wconf 85' lang='lat' dir='ltr'><em>dimittat.</em></span> <span class='ocrx_word' id='word_1_173' title='bbox 1533 1373 1659 1409; x_wconf 90' lang='lat' dir='ltr'><em>Credo</em></span> <span class='ocrx_word' id='word_1_174' title='bbox 1682 1373 1800 1410; x_wconf 84' lang='lat' dir='ltr'><em>simili</em></span> 
     </span>
     <span class='ocr_line' id='line_1_26' title="bbox 473 1431 1856 1481; baseline -0.002 -13"><span class='ocrx_word' id='word_1_175' title='bbox 473 1433 616 1481; x_wconf 88' lang='lat' dir='ltr'><em>forma</em></span> <span class='ocrx_word' id='word_1_176' title='bbox 664 1440 715 1478; x_wconf 85' lang='lat' dir='ltr'><em>ut,</em></span> <span class='ocrx_word' id='word_1_177' title='bbox 759 1432 794 1468; x_wconf 89' lang='lat' dir='ltr'><em>si</em></span> <span class='ocrx_word' id='word_1_178' title='bbox 836 1431 1025 1467; x_wconf 86' lang='lat' dir='ltr'><em>dimiserit</em></span> <span class='ocrx_word' id='word_1_179' title='bbox 1069 1443 1247 1476; x_wconf 84' lang='lat' dir='ltr'><em>uxorem,</em></span> <span class='ocrx_word' id='word_1_180' title='bbox 1297 1444 1369 1467; x_wconf 90' lang='lat' dir='ltr'><em>non</em></span> <span class='ocrx_word' id='word_1_181' title='bbox 1416 1432 1531 1467; x_wconf 91' lang='lat' dir='ltr'><em>ducat</em></span> <span class='ocrx_word' id='word_1_182' title='bbox 1568 1432 1686 1467; x_wconf 89' lang='lat' dir='ltr'><em>aliam</em></span> <span class='ocrx_word' id='word_1_183' title='bbox 1733 1439 1799 1467; x_wconf 90' lang='lat' dir='ltr'><em>aut</em></span> <span class='ocrx_word' id='word_1_184' title='bbox 1815 1443 1856 1464; x_wconf 87' lang='lat'><em>20</em></span> 
     </span>
     <span class='ocr_line' id='line_1_27' title="bbox 483 1489 1796 1538; baseline -0.001 -12"><span class='ocrx_word' id='word_1_185' title='bbox 483 1490 755 1526; x_wconf 88' lang='lat' dir='ltr'><em>reconcilietur</em></span> <span class='ocrx_word' id='word_1_186' title='bbox 786 1489 916 1527; x_wconf 87' lang='lat' dir='ltr'><em>uxori.</em></span> <span class='ocrx_word' id='word_1_187' title='bbox 950 1489 1060 1524; x_wconf 89' lang='lat' dir='ltr'><em>Fieri</em></span> <span class='ocrx_word' id='word_1_188' title='bbox 1090 1489 1187 1525; x_wconf 89' lang='lat' dir='ltr'><em>enim</em></span> <span class='ocrx_word' id='word_1_189' title='bbox 1207 1496 1336 1538; x_wconf 88' lang='lat' dir='ltr'><em>potest</em></span> <span class='ocrx_word' id='word_1_190' title='bbox 1368 1497 1408 1525; x_wconf 90' lang='lat' dir='ltr'><em>ut</em></span> <span class='ocrx_word' id='word_1_191' title='bbox 1441 1489 1610 1525; x_wconf 89' lang='lat' dir='ltr'><em>dimittat</em></span> <span class='ocrx_word' id='word_1_192' title='bbox 1632 1501 1796 1526; x_wconf 82' lang='lat' dir='ltr'><em>uxorem</em></span> 
     </span>
     <span class='ocr_line' id='line_1_28' title="bbox 483 1547 1795 1597; baseline -0.001 -13"><span class='ocrx_word' id='word_1_193' title='bbox 483 1561 599 1585; x_wconf 90' lang='lat' dir='ltr'><em>causa</em></span> <span class='ocrx_word' id='word_1_194' title='bbox 621 1547 907 1597; x_wconf 86' lang='lat' dir='ltr'><em>fornicacionis</em></span> <span class='ocrx_word' id='word_1_195' title='bbox 939 1559 1052 1595; x_wconf 90' lang='lat' dir='ltr'><em>quam</em></span> <span class='ocrx_word' id='word_1_196' title='bbox 1085 1547 1276 1583; x_wconf 89' lang='lat' dir='ltr'><em>Dominus</em></span> <span class='ocrx_word' id='word_1_197' title='bbox 1309 1555 1510 1596; x_wconf 88' lang='lat' dir='ltr'><em>exceptam</em></span> <span class='ocrx_word' id='word_1_198' title='bbox 1552 1559 1632 1583; x_wconf 86' lang='lat' dir='ltr'><em>esse</em></span> <span class='ocrx_word' id='word_1_199' title='bbox 1665 1547 1795 1583; x_wconf 80' lang='lat' dir='ltr'><em>voluit.</em></span> 
     </span>
     <span class='ocr_line' id='line_1_29' title="bbox 482 1605 1797 1654; baseline 0 -13"><span class='ocrx_word' id='word_1_200' title='bbox 482 1607 563 1642; x_wconf 89' lang='lat' dir='ltr'><em>lam</em></span> <span class='ocrx_word' id='word_1_201' title='bbox 599 1618 690 1642; x_wconf 77' lang='lat' dir='ltr'><em>vero</em></span> <span class='ocrx_word' id='word_1_202' title='bbox 723 1606 757 1642; x_wconf 89' lang='lat' dir='ltr'><em>si</em></span> <span class='ocrx_word' id='word_1_203' title='bbox 788 1617 854 1642; x_wconf 92' lang='lat' dir='ltr'><em>nec</em></span> <span class='ocrx_word' id='word_1_204' title='bbox 886 1606 944 1641; x_wconf 87' lang='lat' dir='ltr'><em>illi</em></span> <span class='ocrx_word' id='word_1_205' title='bbox 980 1605 1121 1640; x_wconf 84' lang='lat' dir='ltr'><em>nubere</em></span> <span class='ocrx_word' id='word_1_206' title='bbox 1158 1605 1382 1642; x_wconf 89' lang='lat' dir='ltr'><em>conceditur</em></span> <span class='ocrx_word' id='word_1_207' title='bbox 1421 1605 1504 1641; x_wconf 81' lang='lat' dir='ltr'><em>viro</em></span> <span class='ocrx_word' id='word_1_208' title='bbox 1545 1605 1629 1641; x_wconf 80' lang='lat' dir='ltr'><em>vivo</em></span> <span class='ocrx_word' id='word_1_209' title='bbox 1671 1619 1692 1641; x_wconf 90' lang='lat' dir='ltr'><em>a</em></span> <span class='ocrx_word' id='word_1_210' title='bbox 1726 1617 1797 1654; x_wconf 85' lang='lat' dir='ltr'><em>quo</em></span> 
     </span>
     <span class='ocr_line' id='line_1_30' title="bbox 483 1663 1797 1712; baseline -0.002 -12"><span class='ocrx_word' id='word_1_211' title='bbox 483 1664 639 1700; x_wconf 84' lang='lat' dir='ltr'><em>recessit</em></span> <span class='ocrx_word' id='word_1_212' title='bbox 684 1675 801 1712; x_wconf 87' lang='lat' dir='ltr'><em>neque</em></span> <span class='ocrx_word' id='word_1_213' title='bbox 844 1663 929 1699; x_wconf 82' lang='lat' dir='ltr'><em>huic</em></span> <span class='ocrx_word' id='word_1_214' title='bbox 974 1663 1139 1698; x_wconf 85' lang='lat' dir='ltr'><em>alteram</em></span> <span class='ocrx_word' id='word_1_215' title='bbox 1185 1664 1324 1699; x_wconf 91' lang='lat' dir='ltr'><em>ducere</em></span> <span class='ocrx_word' id='word_1_216' title='bbox 1377 1663 1463 1698; x_wconf 79' lang='lat' dir='ltr'><em>viva</em></span> <span class='ocrx_word' id='word_1_217' title='bbox 1515 1675 1641 1699; x_wconf 86' lang='lat' dir='ltr'><em>uxore</em></span> <span class='ocrx_word' id='word_1_218' title='bbox 1685 1675 1797 1710; x_wconf 88' lang='lat' dir='ltr'><em>quam</em></span> 
     </span>
     <span class='ocr_line' id='line_1_31' title="bbox 484 1721 1856 1770; baseline -0.001 -14"><span class='ocrx_word' id='word_1_219' title='bbox 484 1722 641 1768; x_wconf 83' lang='lat' dir='ltr'><em>dimisit,</em></span> <span class='ocrx_word' id='word_1_220' title='bbox 675 1722 794 1757; x_wconf 89' lang='lat' dir='ltr'><em>multo</em></span> <span class='ocrx_word' id='word_1_221' title='bbox 828 1721 950 1757; x_wconf 89' lang='lat' dir='ltr'><em>minus</em></span> <span class='ocrx_word' id='word_1_222' title='bbox 974 1721 1047 1769; x_wconf 85' lang='lat' dir='ltr'><em>fas</em></span> <span class='ocrx_word' id='word_1_223' title='bbox 1075 1729 1130 1757; x_wconf 91' lang='lat' dir='ltr'><em>est</em></span> <span class='ocrx_word' id='word_1_224' title='bbox 1152 1721 1285 1757; x_wconf 89' lang='lat' dir='ltr'><em>illicita</em></span> <span class='ocrx_word' id='word_1_225' title='bbox 1309 1734 1393 1757; x_wconf 88' lang='lat' dir='ltr'><em>cum</em></span> <span class='ocrx_word' id='word_1_226' title='bbox 1417 1721 1642 1769; x_wconf 80' lang='lat' dir='ltr'><em>quibuslibet</em></span> <span class='ocrx_word' id='word_1_227' title='bbox 1662 1729 1799 1770; x_wconf 86' lang='lat' dir='ltr'><em>stupra</em></span> <span class='ocrx_word' id='word_1_228' title='bbox 1817 1722 1856 1754; x_wconf 84' lang='lat'><em>25</em></span> 
     </span>
     <span class='ocr_line' id='line_1_32' title="bbox 483 1779 1801 1829; baseline -0.001 -14"><span class='ocrx_word' id='word_1_229' title='bbox 483 1780 733 1816; x_wconf 85' lang='lat' dir='ltr'><em>committere.</em></span> <span class='ocrx_word' id='word_1_230' title='bbox 787 1779 980 1815; x_wconf 84' lang='lat' dir='ltr'><em>Beaciora</em></span> <span class='ocrx_word' id='word_1_231' title='bbox 1019 1790 1112 1814; x_wconf 87' lang='lat' dir='ltr'><em>sane</em></span> <span class='ocrx_word' id='word_1_232' title='bbox 1150 1779 1329 1829; x_wconf 76' lang='lat' dir='ltr'><em>coniugia</em></span> <span class='ocrx_word' id='word_1_233' title='bbox 1369 1779 1575 1814; x_wconf 88' lang='lat' dir='ltr'><em>iudicanda</em></span> <span class='ocrx_word' id='word_1_234' title='bbox 1613 1787 1701 1815; x_wconf 89' lang='lat' dir='ltr'><em>sunt</em></span> <span class='ocrx_word' id='word_1_235' title='bbox 1731 1791 1801 1827; x_wconf 89' lang='lat' dir='ltr'><em>que</em></span> 
     </span>
     <span class='ocr_line' id='line_1_33' title="bbox 483 1837 1799 1887; baseline -0.001 -14"><span class='ocrx_word' id='word_1_236' title='bbox 483 1837 563 1874; x_wconf 86' lang='lat' dir='ltr'><em>sive</em></span> <span class='ocrx_word' id='word_1_237' title='bbox 583 1837 682 1887; x_wconf 87' lang='lat' dir='ltr'><em>filiis</em></span> <span class='ocrx_word' id='word_1_238' title='bbox 709 1837 946 1886; x_wconf 87' lang='lat' dir='ltr'><em>procreatis,</em></span> <span class='ocrx_word' id='word_1_239' title='bbox 989 1837 1069 1873; x_wconf 78' lang='lat' dir='ltr'><em>sive</em></span> <span class='ocrx_word' id='word_1_240' title='bbox 1113 1837 1231 1872; x_wconf 87' lang='lat' dir='ltr'><em>eciam</em></span> <span class='ocrx_word' id='word_1_241' title='bbox 1275 1837 1346 1873; x_wconf 90' lang='lat' dir='ltr'><em>ista</em></span> <span class='ocrx_word' id='word_1_242' title='bbox 1380 1845 1535 1872; x_wconf 87' lang='lat' dir='ltr'><em>terrena</em></span> <span class='ocrx_word' id='word_1_243' title='bbox 1563 1837 1678 1886; x_wconf 89' lang='lat' dir='ltr'><em>prole</em></span> <span class='ocrx_word' id='word_1_244' title='bbox 1711 1849 1799 1873; x_wconf 89' lang='lat' dir='ltr'><em>con—</em></span> 
     </span>
     <span class='ocr_line' id='line_1_34' title="bbox 485 1894 1801 1944; baseline -0.001 -13"><span class='ocrx_word' id='word_1_245' title='bbox 485 1903 628 1944; x_wconf 90' lang='lat' dir='ltr'><em>tempta</em></span> <span class='ocrx_word' id='word_1_246' title='bbox 681 1895 956 1931; x_wconf 84' lang='lat' dir='ltr'><em>continenciam</em></span> <span class='ocrx_word' id='word_1_247' title='bbox 1009 1894 1109 1930; x_wconf 90' lang='lat' dir='ltr'><em>inter</em></span> <span class='ocrx_word' id='word_1_248' title='bbox 1167 1906 1207 1931; x_wconf 79' lang='lat' dir='ltr'><em>se</em></span> <span class='ocrx_word' id='word_1_249' title='bbox 1254 1895 1349 1943; x_wconf 88' lang='lat' dir='ltr'><em>pari</em></span> <span class='ocrx_word' id='word_1_250' title='bbox 1399 1906 1582 1930; x_wconf 89' lang='lat' dir='ltr'><em>consensu</em></span> <span class='ocrx_word' id='word_1_251' title='bbox 1639 1906 1801 1931; x_wconf 75' lang='lat' dir='ltr'><em>servare</em></span> 
     </span>
     <span class='ocr_line' id='line_1_35' title="bbox 479 1953 1799 2003; baseline -0.001 -14"><span class='ocrx_word' id='word_1_252' title='bbox 479 1953 690 2003; x_wconf 90' lang='lat' dir='ltr'><em>potuerint,</em></span> <span class='ocrx_word' id='word_1_253' title='bbox 736 1953 821 2001; x_wconf 88' lang='lat' dir='ltr'><em>quia</em></span> <span class='ocrx_word' id='word_1_254' title='bbox 866 1964 983 2001; x_wconf 88' lang='lat' dir='ltr'><em>neque</em></span> <span class='ocrx_word' id='word_1_255' title='bbox 1034 1960 1171 1988; x_wconf 89' lang='lat' dir='ltr'><em>contra</em></span> <span class='ocrx_word' id='word_1_256' title='bbox 1215 1953 1313 1988; x_wconf 88' lang='lat' dir='ltr'><em>illud</em></span> <span class='ocrx_word' id='word_1_257' title='bbox 1350 1960 1575 2001; x_wconf 85' lang='lat' dir='ltr'><em>preceptum</em></span> <span class='ocrx_word' id='word_1_258' title='bbox 1617 1953 1681 2003; x_wconf 90' lang='lat' dir='ltr'><em>fit,</em></span> <span class='ocrx_word' id='word_1_259' title='bbox 1728 1964 1799 2001; x_wconf 90' lang='lat' dir='ltr'><em>quo</em></span> 
     </span>
     <span class='ocr_line' id='line_1_36' title="bbox 484 2010 1859 2060; baseline -0.001 -13"><span class='ocrx_word' id='word_1_260' title='bbox 484 2011 675 2047; x_wconf 88' lang='lat' dir='ltr'><em>Dominus</em></span> <span class='ocrx_word' id='word_1_261' title='bbox 709 2011 850 2046; x_wconf 91' lang='lat' dir='ltr'><em>dimitti</em></span> <span class='ocrx_word' id='word_1_262' title='bbox 881 2011 1081 2060; x_wconf 75' lang='lat' dir='ltr'><em>coniugem</em></span> <span class='ocrx_word' id='word_1_263' title='bbox 1123 2018 1246 2055; x_wconf 79' lang='lat' dir='ltr'><em>vetat‚·</em></span> <span class='ocrx_word' id='word_1_264' title='bbox 1292 2023 1365 2046; x_wconf 91' lang='lat' dir='ltr'><em>non</em></span> <span class='ocrx_word' id='word_1_265' title='bbox 1406 2010 1503 2046; x_wconf 89' lang='lat' dir='ltr'><em>enim</em></span> <span class='ocrx_word' id='word_1_266' title='bbox 1545 2010 1702 2046; x_wconf 88' lang='lat' dir='ltr'><em>dimittit</em></span> <span class='ocrx_word' id='word_1_267' title='bbox 1739 2010 1802 2059; x_wconf 91' lang='lat' dir='ltr'><em>qui</em></span> <span class='ocrx_word' id='word_1_268' title='bbox 1817 2013 1859 2045; x_wconf 81' lang='lat'><em>30</em></span> 
     </span>
     <span class='ocr_line' id='line_1_37' title="bbox 485 2068 1801 2117; baseline -0.002 -11"><span class='ocrx_word' id='word_1_269' title='bbox 485 2082 569 2106; x_wconf 89' lang='lat' dir='ltr'><em>cum</em></span> <span class='ocrx_word' id='word_1_270' title='bbox 609 2081 652 2104; x_wconf 90' lang='lat' dir='ltr'><em>ea</em></span> <span class='ocrx_word' id='word_1_271' title='bbox 700 2081 772 2104; x_wconf 91' lang='lat' dir='ltr'><em>non</em></span> <span class='ocrx_word' id='word_1_272' title='bbox 815 2069 1030 2105; x_wconf 85' lang='lat' dir='ltr'><em>carnaliter</em></span> <span class='ocrx_word' id='word_1_273' title='bbox 1072 2069 1140 2104; x_wconf 89' lang='lat' dir='ltr'><em>sed</em></span> <span class='ocrx_word' id='word_1_274' title='bbox 1182 2068 1439 2117; x_wconf 86' lang='lat' dir='ltr'><em>spiritualiter</em></span> <span class='ocrx_word' id='word_1_275' title='bbox 1491 2069 1582 2104; x_wconf 78' lang='lat' dir='ltr'><em>vivit</em></span> <span class='ocrx_word' id='word_1_276' title='bbox 1626 2076 1661 2104; x_wconf 90' lang='lat' dir='ltr'><em>et</em></span> <span class='ocrx_word' id='word_1_277' title='bbox 1704 2069 1801 2104; x_wconf 86' lang='lat' dir='ltr'><em>illud</em></span> 
     </span>
     <span class='ocr_line' id='line_1_38' title="bbox 484 2126 1801 2176; baseline -0.002 -13"><span class='ocrx_word' id='word_1_278' title='bbox 484 2135 669 2163; x_wconf 74' lang='lat' dir='ltr'><em>servatur</em></span> <span class='ocrx_word' id='word_1_279' title='bbox 699 2127 801 2175; x_wconf 91' lang='lat' dir='ltr'><em>quod</em></span> <span class='ocrx_word' id='word_1_280' title='bbox 827 2139 902 2176; x_wconf 88' lang='lat' dir='ltr'><em>per</em></span> <span class='ocrx_word' id='word_1_281' title='bbox 932 2126 1160 2175; x_wconf 88' lang='lat' dir='ltr'><em>Apostolum</em></span> <span class='ocrx_word' id='word_1_282' title='bbox 1195 2126 1355 2162; x_wconf 85' lang='lat' dir='ltr'><em>dicitur:</em></span> <span class='ocrx_word' id='word_1_283' title='bbox 1402 2127 1602 2175; x_wconf 85' lang='lat' dir='ltr'><em>Reliquum</em></span> <span class='ocrx_word' id='word_1_284' title='bbox 1649 2134 1717 2173; x_wconf 84' lang='lat' dir='ltr'><em>est,</em></span> <span class='ocrx_word' id='word_1_285' title='bbox 1761 2134 1801 2161; x_wconf 89' lang='lat' dir='ltr'><em>ut</em></span> 
     </span>
     <span class='ocr_line' id='line_1_39' title="bbox 486 2184 1484 2234; baseline -0.001 -14"><span class='ocrx_word' id='word_1_286' title='bbox 486 2185 549 2234; x_wconf 88' lang='lat' dir='ltr'><em>qui</em></span> <span class='ocrx_word' id='word_1_287' title='bbox 580 2186 717 2220; x_wconf 80' lang='lat' dir='ltr'><em>liabent</em></span> <span class='ocrx_word' id='word_1_288' title='bbox 750 2196 909 2231; x_wconf 86' lang='lat' dir='ltr'><em>uxores,</em></span> <span class='ocrx_word' id='word_1_289' title='bbox 942 2185 1051 2232; x_wconf 81' lang='lat' dir='ltr'><em>quasi</em></span> <span class='ocrx_word' id='word_1_290' title='bbox 1082 2197 1154 2220; x_wconf 92' lang='lat' dir='ltr'><em>non</em></span> <span class='ocrx_word' id='word_1_291' title='bbox 1189 2185 1368 2220; x_wconf 81' lang='lat' dir='ltr'><em>hahentes</em></span> <span class='ocrx_word' id='word_1_292' title='bbox 1399 2184 1484 2220; x_wconf 89' lang='lat' dir='ltr'><em>sint.</em></span> 
     </span>
    </p>

    <p class='ocr_par' dir='ltr' id='par_1_7' title="bbox 488 2242 1857 2465">
     <span class='ocr_line' id='line_1_40' title="bbox 544 2242 1803 2292; baseline -0.001 -14"><span class='ocrx_word' id='word_1_293' title='bbox 544 2243 647 2278; x_wconf 88' lang='lat' dir='ltr'><em>Illud</em></span> <span class='ocrx_word' id='word_1_294' title='bbox 691 2243 819 2292; x_wconf 80' lang='lat' dir='ltr'><em>magis</em></span> <span class='ocrx_word' id='word_1_295' title='bbox 857 2243 954 2278; x_wconf 87' lang='lat' dir='ltr'><em>solet</em></span> <span class='ocrx_word' id='word_1_296' title='bbox 985 2242 1199 2278; x_wconf 87' lang='lat' dir='ltr'><em>sollicitare</em></span> <span class='ocrx_word' id='word_1_297' title='bbox 1236 2242 1404 2277; x_wconf 89' lang='lat' dir='ltr'><em>animum</em></span> <span class='ocrx_word' id='word_1_298' title='bbox 1440 2242 1700 2291; x_wconf 78' lang='lat' dir='ltr'><em>parvulorum</em></span> <span class='ocrx_word' id='word_1_299' title='bbox 1740 2242 1803 2290; x_wconf 87' lang='lat' dir='ltr'><em>qui</em></span> 
     </span>
     <span class='ocr_line' id='line_1_41' title="bbox 488 2300 1857 2350; baseline -0.001 -14"><span class='ocrx_word' id='word_1_300' title='bbox 488 2308 613 2336; x_wconf 87' lang='lat' dir='ltr'><em>tamen</em></span> <span class='ocrx_word' id='word_1_301' title='bbox 652 2301 858 2336; x_wconf 89' lang='lat' dir='ltr'><em>secundum</em></span> <span class='ocrx_word' id='word_1_302' title='bbox 902 2308 1088 2349; x_wconf 83' lang='lat' dir='ltr'><em>precepta</em></span> <span class='ocrx_word' id='word_1_303' title='bbox 1139 2300 1286 2336; x_wconf 81' lang='lat' dir='ltr'><em>Christi</em></span> <span class='ocrx_word' id='word_1_304' title='bbox 1328 2300 1403 2335; x_wconf 77' lang='lat' dir='ltr'><em>iam</em></span> <span class='ocrx_word' id='word_1_305' title='bbox 1449 2300 1576 2335; x_wconf 78' lang='lat' dir='ltr'><em>vivere</em></span> <span class='ocrx_word' id='word_1_306' title='bbox 1617 2300 1857 2350; x_wconf 71' lang='lat' dir='ltr'><em>gestiunt‚35</em></span> 
     </span>
     <span class='ocr_line' id='line_1_42' title="bbox 488 2358 1803 2407; baseline -0.001 -14"><span class='ocrx_word' id='word_1_307' title='bbox 488 2359 588 2407; x_wconf 89' lang='lat' dir='ltr'><em>quod</em></span> <span class='ocrx_word' id='word_1_308' title='bbox 631 2358 707 2394; x_wconf 90' lang='lat' dir='ltr'><em>alio</em></span> <span class='ocrx_word' id='word_1_309' title='bbox 754 2359 836 2394; x_wconf 87' lang='lat' dir='ltr'><em>loco</em></span> <span class='ocrx_word' id='word_1_310' title='bbox 876 2358 956 2407; x_wconf 87' lang='lat' dir='ltr'><em>ipse</em></span> <span class='ocrx_word' id='word_1_311' title='bbox 995 2358 1184 2394; x_wconf 88' lang='lat' dir='ltr'><em>Dominus</em></span> <span class='ocrx_word' id='word_1_312' title='bbox 1224 2358 1335 2394; x_wconf 92' lang='lat' dir='ltr'><em>dicit:</em></span> <span class='ocrx_word' id='word_1_313' title='bbox 1386 2358 1564 2406; x_wconf 81' lang='lat' dir='ltr'><em>Quisquis</em></span> <span class='ocrx_word' id='word_1_314' title='bbox 1609 2358 1709 2393; x_wconf 80' lang='lat' dir='ltr'><em>venit</em></span> <span class='ocrx_word' id='word_1_315' title='bbox 1751 2358 1803 2393; x_wconf 87' lang='lat' dir='ltr'><em>ad</em></span> 
     </span>
     <span class='ocr_line' id='line_1_43' title="bbox 489 2416 1803 2465; baseline -0.001 -13"><span class='ocrx_word' id='word_1_316' title='bbox 489 2428 548 2452; x_wconf 88' lang='lat' dir='ltr'><em>me</em></span> <span class='ocrx_word' id='word_1_317' title='bbox 579 2424 615 2452; x_wconf 85' lang='lat' dir='ltr'><em>et</em></span> <span class='ocrx_word' id='word_1_318' title='bbox 647 2429 718 2452; x_wconf 87' lang='lat' dir='ltr'><em>non</em></span> <span class='ocrx_word' id='word_1_319' title='bbox 758 2416 838 2452; x_wconf 89' lang='lat' dir='ltr'><em>odit</em></span> <span class='ocrx_word' id='word_1_320' title='bbox 865 2423 1019 2465; x_wconf 88' lang='lat' dir='ltr'><em>patrem</em></span> <span class='ocrx_word' id='word_1_321' title='bbox 1055 2428 1167 2452; x_wconf 88' lang='lat' dir='ltr'><em>suum</em></span> <span class='ocrx_word' id='word_1_322' title='bbox 1213 2423 1248 2451; x_wconf 86' lang='lat' dir='ltr'><em>et</em></span> <span class='ocrx_word' id='word_1_323' title='bbox 1287 2423 1451 2451; x_wconf 87' lang='lat' dir='ltr'><em>matrem</em></span> <span class='ocrx_word' id='word_1_324' title='bbox 1491 2423 1526 2451; x_wconf 90' lang='lat' dir='ltr'><em>et</em></span> <span class='ocrx_word' id='word_1_325' title='bbox 1563 2427 1726 2452; x_wconf 85' lang='lat' dir='ltr'><em>uxorem</em></span> <span class='ocrx_word' id='word_1_326' title='bbox 1768 2422 1803 2451; x_wconf 89' lang='lat' dir='ltr'><em>et</em></span> 
     </span>
    </p>
   </div>
   <div class='ocr_carea' id='block_1_5' title="bbox 479 2606 1801 2745">
    <p class='ocr_par' dir='ltr' id='par_1_8' title="bbox 479 2606 1801 2745">
     <span class='ocr_line' id='line_1_44' title="bbox 558 2606 1801 2642; baseline -0.001 -8"><span class='ocrx_word' id='word_1_327' title='bbox 558 2615 583 2640; x_wconf 82' lang='lat'><em>2,</em></span> <span class='ocrx_word' id='word_1_328' title='bbox 606 2606 629 2634; x_wconf 70' lang='lat'><em>3.</em></span> <span class='ocrx_word' id='word_1_329' title='bbox 651 2608 694 2635; x_wconf 88' lang='lat' dir='ltr'><em>A:</em></span> <span class='ocrx_word' id='word_1_330' title='bbox 716 2607 867 2634; x_wconf 83' lang='lat' dir='ltr'><em>duriciam</em></span> <span class='ocrx_word' id='word_1_331' title='bbox 887 2609 1030 2634; x_wconf 78' lang='lat' dir='ltr'><em>vestram.</em></span> <span class='ocrx_word' id='word_1_332' title='bbox 1141 2607 1165 2634; x_wconf 88' lang='lat'><em>5.</em></span> <span class='ocrx_word' id='word_1_333' title='bbox 1187 2607 1231 2634; x_wconf 87' lang='lat' dir='ltr'><em>A:</em></span> <span class='ocrx_word' id='word_1_334' title='bbox 1252 2607 1312 2633; x_wconf 83' lang='lat' dir='ltr'><em>sibi</em></span> <span class='ocrx_word' id='word_1_335' title='bbox 1329 2607 1423 2634; x_wconf 77' lang='lat' dir='ltr'><em>deest.</em></span> <span class='ocrx_word' id='word_1_336' title='bbox 1533 2607 1561 2640; x_wconf 69' lang='grc' dir='ltr'><em>(ἰ,</em></span> <span class='ocrx_word' id='word_1_337' title='bbox 1583 2615 1608 2642; x_wconf 80' lang='lat'><em>7.</em></span> <span class='ocrx_word' id='word_1_338' title='bbox 1632 2606 1670 2633; x_wconf 78' lang='lat' dir='ltr'><em>B:</em></span> <span class='ocrx_word' id='word_1_339' title='bbox 1692 2609 1721 2634; x_wconf 79' lang='lat' dir='ltr'><em>et</em></span> <span class='ocrx_word' id='word_1_340' title='bbox 1740 2614 1801 2633; x_wconf 87' lang='lat' dir='ltr'><em>non</em></span> 
     </span>
     <span class='ocr_line' id='line_1_45' title="bbox 479 2641 1799 2677; baseline 0 -9"><span class='ocrx_word' id='word_1_341' title='bbox 479 2641 592 2677; x_wconf 65' lang='lat' dir='ltr'><em>fac-He.</em></span> <span class='ocrx_word' id='word_1_342' title='bbox 678 2642 704 2669; x_wconf 73' lang='lat'><em>8.</em></span> <span class='ocrx_word' id='word_1_343' title='bbox 728 2642 765 2668; x_wconf 83' lang='lat' dir='ltr'><em>B:</em></span> <span class='ocrx_word' id='word_1_344' title='bbox 787 2642 964 2669; x_wconf 80' lang='lat' dir='ltr'><em>extiterunt.</em></span> <span class='ocrx_word' id='word_1_345' title='bbox 1052 2649 1089 2669; x_wconf 82' lang='lat'><em>12.</em></span> <span class='ocrx_word' id='word_1_346' title='bbox 1113 2642 1150 2668; x_wconf 82' lang='lat' dir='ltr'><em>B:</em></span> <span class='ocrx_word' id='word_1_347' title='bbox 1173 2642 1227 2676; x_wconf 87' lang='lat' dir='ltr'><em>qui</em></span> <span class='ocrx_word' id='word_1_348' title='bbox 1244 2641 1371 2668; x_wconf 75' lang='lat' dir='ltr'><em>tamdiu.</em></span> <span class='ocrx_word' id='word_1_349' title='bbox 1464 2641 1500 2668; x_wconf 84' lang='lat'><em>15.</em></span> <span class='ocrx_word' id='word_1_350' title='bbox 1522 2643 1565 2668; x_wconf 89' lang='lat' dir='ltr'><em>A:</em></span> <span class='ocrx_word' id='word_1_351' title='bbox 1588 2641 1685 2668; x_wconf 80' lang='lat' dir='ltr'><em>eciam</em></span> <span class='ocrx_word' id='word_1_352' title='bbox 1706 2642 1799 2668; x_wconf 82' lang='lat' dir='ltr'><em>deest.</em></span> 
     </span>
     <span class='ocr_line' id='line_1_46' title="bbox 491 2675 1801 2712; baseline -0.001 -8"><span class='ocrx_word' id='word_1_353' title='bbox 491 2677 529 2704; x_wconf 70' lang='lat'><em>18.</em></span> <span class='ocrx_word' id='word_1_354' title='bbox 541 2678 566 2704; x_wconf 89' lang='lat' dir='ltr'><strong>A</strong></span> <span class='ocrx_word' id='word_1_355' title='bbox 579 2687 583 2704; x_wconf 92' lang='lat'>:</span> <span class='ocrx_word' id='word_1_356' title='bbox 594 2676 771 2704; x_wconf 79' lang='lat' dir='ltr'><em>decesserit.</em></span> <span class='ocrx_word' id='word_1_357' title='bbox 845 2684 890 2703; x_wconf 85' lang='lat'><em>20.</em></span> <span class='ocrx_word' id='word_1_358' title='bbox 905 2679 949 2703; x_wconf 92' lang='lat' dir='ltr'><em>A:</em></span> <span class='ocrx_word' id='word_1_359' title='bbox 966 2684 1094 2703; x_wconf 81' lang='lat' dir='ltr'><em>uxorem</em></span> <span class='ocrx_word' id='word_1_360' title='bbox 1110 2677 1193 2703; x_wconf 75' lang='lat' dir='ltr'><em>deest</em></span> <span class='ocrx_word' id='word_1_361' title='bbox 1206 2688 1212 2709; x_wconf 72' lang='grc' dir='ltr'><strong><em>ς</em></strong></span> <span class='ocrx_word' id='word_1_362' title='bbox 1224 2676 1245 2702; x_wconf 71' lang='grc' dir='ltr'><strong>Β</strong></span> <span class='ocrx_word' id='word_1_363' title='bbox 1261 2677 1290 2703; x_wconf 85' lang='lat' dir='ltr'><em>in</em></span> <span class='ocrx_word' id='word_1_364' title='bbox 1302 2685 1398 2712; x_wconf 77' lang='lat' dir='ltr'><em>marg.</em></span> <span class='ocrx_word' id='word_1_365' title='bbox 1409 2675 1503 2703; x_wconf 80' lang='lat' dir='ltr'><em>addit.</em></span> <span class='ocrx_word' id='word_1_366' title='bbox 1578 2684 1615 2703; x_wconf 85' lang='lat'><em>21.</em></span> <span class='ocrx_word' id='word_1_367' title='bbox 1627 2676 1801 2703; x_wconf 73' lang='lat' dir='ltr'><em>Btuxorenz</em></span> 
     </span>
     <span class='ocr_line' id='line_1_47' title="bbox 490 2711 1367 2745; baseline 0 -7"><span class='ocrx_word' id='word_1_368' title='bbox 490 2712 583 2739; x_wconf 78' lang='lat' dir='ltr'><em>deest.</em></span> <span class='ocrx_word' id='word_1_369' title='bbox 658 2719 704 2745; x_wconf 67' lang='lat'><em>24..</em></span> <span class='ocrx_word' id='word_1_370' title='bbox 726 2713 770 2738; x_wconf 90' lang='lat' dir='ltr'><em>A:</em></span> <span class='ocrx_word' id='word_1_371' title='bbox 792 2712 861 2738; x_wconf 78' lang='lat' dir='ltr'><em>viva</em></span> <span class='ocrx_word' id='word_1_372' title='bbox 883 2719 1011 2739; x_wconf 83' lang='lat' dir='ltr'><em>uxorem</em></span> <span class='ocrx_word' id='word_1_373' title='bbox 1021 2721 1030 2744; x_wconf 91' lang='lat'><em>,·</em></span> <span class='ocrx_word' id='word_1_374' title='bbox 1051 2711 1088 2738; x_wconf 79' lang='lat' dir='ltr'><em>B:</em></span> <span class='ocrx_word' id='word_1_375' title='bbox 1113 2719 1240 2738; x_wconf 82' lang='lat' dir='ltr'><em>uxorem</em></span> <span class='ocrx_word' id='word_1_376' title='bbox 1260 2711 1367 2738; x_wconf 77' lang='lat' dir='ltr'><em>vivam.</em></span> 
     </span>
    </p>
   </div>
   <div class='ocr_carea' id='block_1_6' title="bbox 492 2793 1800 2884">
    <p class='ocr_par' dir='ltr' id='par_1_9' title="bbox 492 2793 1800 2884">
     <span class='ocr_line' id='line_1_48' title="bbox 562 2793 1800 2834; baseline -0.001 -8"><span class='ocrx_word' id='word_1_377' title='bbox 562 2805 590 2826; x_wconf 87' lang='lat'><em>2.</em></span> <span class='ocrx_word' id='word_1_378' title='bbox 619 2794 737 2826; x_wconf 84' lang='lat' dir='ltr'><em>Matth.</em></span> <span class='ocrx_word' id='word_1_379' title='bbox 765 2795 849 2834; x_wconf 80' lang='lat' dir='ltr'><em>XIX,</em></span> <span class='ocrx_word' id='word_1_380' title='bbox 877 2794 908 2826; x_wconf 84' lang='lat'><em>8.</em></span> <span class='ocrx_word' id='word_1_381' title='bbox 1010 2796 1058 2828; x_wconf 77' lang='lat'><em>13.</em></span> <span class='ocrx_word' id='word_1_382' title='bbox 1086 2795 1190 2826; x_wconf 85' lang='lat' dir='ltr'><em>Rom.</em></span> <span class='ocrx_word' id='word_1_383' title='bbox 1209 2794 1279 2833; x_wconf 84' lang='lat' dir='ltr'><em>VII,</em></span> <span class='ocrx_word' id='word_1_384' title='bbox 1310 2805 1338 2825; x_wconf 81' lang='lat'><em>2.</em></span> <span class='ocrx_word' id='word_1_385' title='bbox 1441 2793 1490 2826; x_wconf 82' lang='lat'><em>16.</em></span> <span class='ocrx_word' id='word_1_386' title='bbox 1515 2795 1536 2826; x_wconf 92' lang='grc' dir='ltr'><em>Ι.</em></span> <span class='ocrx_word' id='word_1_387' title='bbox 1558 2795 1638 2825; x_wconf 74' lang='lat' dir='ltr'><em>Cor.</em></span> <span class='ocrx_word' id='word_1_388' title='bbox 1657 2794 1727 2834; x_wconf 90' lang='lat' dir='ltr'><em>VII,</em></span> <span class='ocrx_word' id='word_1_389' title='bbox 1752 2805 1800 2825; x_wconf 89' lang='lat'><em>10.</em></span> 
     </span>
     <span class='ocr_line' id='line_1_49' title="bbox 492 2840 1373 2884; baseline -0.001 -11"><span class='ocrx_word' id='word_1_390' title='bbox 492 2842 545 2874; x_wconf 80' lang='lat'><em>32.</em></span> <span class='ocrx_word' id='word_1_391' title='bbox 572 2841 594 2872; x_wconf 93' lang='grc' dir='ltr'><em>Ι.</em></span> <span class='ocrx_word' id='word_1_392' title='bbox 623 2841 702 2873; x_wconf 86' lang='lat' dir='ltr'><em>Cor.</em></span> <span class='ocrx_word' id='word_1_393' title='bbox 730 2841 801 2882; x_wconf 83' lang='lat' dir='ltr'><em>Vll,</em></span> <span class='ocrx_word' id='word_1_394' title='bbox 833 2852 883 2884; x_wconf 78' lang='lat'><em>19·</em></span> <span class='ocrx_word' id='word_1_395' title='bbox 982 2840 1034 2875; x_wconf 76' lang='lat'><em>36.</em></span> <span class='ocrx_word' id='word_1_396' title='bbox 1063 2842 1178 2872; x_wconf 82' lang='lat' dir='ltr'><em>Lucae</em></span> <span class='ocrx_word' id='word_1_397' title='bbox 1205 2841 1293 2880; x_wconf 84' lang='lat' dir='ltr'><em>XIV,</em></span> <span class='ocrx_word' id='word_1_398' title='bbox 1322 2840 1373 2872; x_wconf 72' lang='lat'><em>26.</em></span> 
     </span>
    </p>
   </div>
  </div>
 </body>
</html>
