2003 3322
66 358 145 402 395ὒ

191 189 280 218 CAP.
301 180 484 234 xxxviii]
672 192 885 224 SECUNDA
912 193 1037 225 PARS.

189 312 269 335 non
309 297 702 335 excommunicarent
742 298 879 334 fideles
920 307 1085 346 propter
1124 300 1200 335 hoc
1241 301 1349 348 quod
1395 313 1502 337 com-

190 359 339 393 burunt
373 353 376 408 ff
408 357 468 393 vel
500 356 721 404 infringunt
753 355 1004 393 munimenta
1037 356 1177 393 talium
1203 365 1502 394 trutannorum.

190 416 316 451 Immo
346 414 502 450 videtur
530 415 638 462 quod
668 422 725 450 est
760 423 899 450 contra
932 423 1113 450 eternum
1147 415 1342 452 iudicium
1376 417 1504 453 sancti

190 481 418 509 sanctorum
459 473 566 520 quod
604 471 695 507 talis
733 471 920 508 inhabilis
959 472 1029 508 tali
1068 473 1219 520 populo
1252 473 1385 510 taliter
1416 486 1504 522 pre-

157 531 353 576 5feratur,
389 542 479 566 cum
514 529 609 565 dicit
644 541 825 577 expresse
857 529 1025 566 Matthei
1054 532 1088 565 V
1120 532 1227 578 quod
1261 531 1292 567 si
1324 533 1385 567 sal
1416 544 1505 568 eva-

190 588 315 624 nuerit
353 588 404 623 ad
442 587 537 623 nihil
575 587 676 623 valet
714 588 818 623 ultra
861 588 935 624 nisi
971 588 1148 624 mittatur
1177 589 1301 636 foras
1339 597 1374 625 et
1412 602 1501 626 con-

190 647 361 682 culcetur
410 646 456 680 ab
509 645 736 681 hominibus.
797 647 845 681 Et
890 646 1018 681 multo
1064 645 1195 682 minus
1233 648 1367 683 valent
1404 648 1503 684 tales

190 704 295 741 bulle
334 702 506 739 heretice
539 715 638 750 quas
671 702 848 739 discolus
880 703 971 739 talis
1004 713 1194 751 apportat
1226 706 1274 740 de
1306 705 1375 741 illo
1408 705 1503 742 nido

190 763 240 798 ad
278 761 471 809 populum
516 760 792 808 spoliandum;
836 761 961 797 immo
1007 774 1096 797 cum
1136 762 1185 798 sit
1223 772 1501 811 presumptum

137 838 175 858 10
190 828 396 867 peccatum
422 818 588 855 clericos
611 819 667 855 sic
690 819 882 866 preficere
905 828 1070 867 propter
1093 820 1321 867 pecuniam,
1339 823 1503 869 quando

189 876 364 913 nescitur
386 876 417 912 si
441 878 489 912 ad
514 877 589 912 hoc
621 877 699 912 sint
732 876 884 913 habiles
915 877 976 913 vel
1008 877 1039 913 si
1072 877 1169 913 illud
1202 878 1253 914 sit
1276 881 1360 915 Deo
1384 880 1501 916 bene-

189 934 383 983 placitum
418 943 454 970 et
486 947 593 982 papa
625 935 893 971 communiter
925 934 966 970 in
1004 935 1251 983 preficiendo
1284 937 1383 973 tales
1416 949 1504 985 pre-

188 994 291 1029 latos
324 1001 381 1029 est
419 992 459 1028 in
492 992 568 1028 isto
602 992 792 1040 capitulo,
832 992 989 1029 videtur
1022 995 1130 1042 quod
1169 994 1341 1042 graviter
1372 1003 1416 1031 ut
1448 995 1504 1031 sic

189 1059 342 1098 peccat,
365 1059 672 1098 verumptamen
696 1052 772 1087 hoc
794 1059 1005 1098 peccatum
1028 1051 1208 1088 verificat
1231 1051 1328 1088 illud
1352 1053 1502 1089 dictum

137 1107 371 1156 15Apostoli
404 1109 541 1144 Thess.
576 1110 620 1154 ΙΙ,
654 1121 679 1154 4
712 1110 821 1157 quod
852 1108 1123 1145 Antichristus
1156 1111 1358 1146 extollitur
1387 1123 1506 1160 super

192 1179 301 1202 omne
333 1167 435 1216 quod
468 1167 610 1202 dicitur
641 1167 761 1202 Deus.
803 1167 984 1203 Christus
1025 1167 1130 1203 enim
1164 1169 1272 1216 quod
1306 1177 1363 1204 est
1396 1181 1507 1205 omne

190 1224 293 1273 quod
336 1224 478 1260 dicitur
520 1225 627 1260 Deus
676 1237 757 1260 non
807 1233 937 1272 potest
981 1224 1198 1273 quicquam
1232 1223 1378 1262 'facere
1430 1225 1505 1262 nisi

192 1283 299 1330 quod
344 1291 499 1330 patrem
543 1281 685 1318 viderit
729 1282 955 1328 facientem,
998 1291 1039 1318 ut
1077 1282 1246 1331 ipsemet
1292 1284 1506 1321 confitetur

190 1341 278 1376 Joh.
311 1341 356 1376 V.
405 1341 482 1376 Sed
515 1352 621 1388 papa
654 1341 774 1376 audet
807 1341 933 1377 multa
966 1343 1186 1377 concedere
1227 1350 1264 1377 et
1299 1350 1503 1390 tamquam

137 1398 296 1446 201eges
340 1397 549 1434 instituere
593 1410 669 1446 que
714 1397 895 1434 Christus
939 1410 1021 1434 non
1063 1398 1170 1435 videt
1212 1412 1286 1436 nec
1325 1402 1506 1436 membra

193 1455 340 1492 Christi
374 1455 544 1492 fideliter
567 1457 734 1492 credunt
766 1458 871 1492 hunc
895 1456 1105 1492 dominum
1136 1457 1363 1494 facientem.
1399 1459 1505 1504 Quo-

193 1515 313 1549 modo
359 1526 451 1562 ergo
494 1526 575 1550 non
619 1513 821 1550 extollitur
859 1513 923 1550 hic
961 1514 1099 1563 refuga
1136 1523 1218 1551 tam
1264 1515 1304 1551 in
1349 1515 1505 1564 scriptis

193 1584 311 1620 quam
347 1584 467 1620 opere
499 1583 619 1619 super
652 1572 868 1609 Christum.
921 1574 1022 1608 Nam
1063 1573 1243 1609 Christus
1282 1587 1505 1622 numquam

192 1630 364 1666 audebat
396 1629 570 1666 scribere
602 1630 723 1666 talem
748 1630 949 1678 paginam,
983 1629 1085 1666 sicut
1117 1643 1190 1667 nec
1223 1631 1282 1667 sui
1317 1631 1503 1680 apostoli,

138 1687 319 1729 25imm0
363 1700 435 1724 nec
479 1688 600 1724 Judas
646 1687 821 1724 Simonis
866 1686 1100 1725 Scariothis.
1146 1691 1228 1725 Nec
1273 1691 1380 1726 Deus
1424 1689 1508 1725 vult

192 1745 313 1781 talem
367 1758 486 1793 quem
539 1745 686 1793 prefert
737 1755 904 1794 propter
956 1746 1169 1793 pecuniam
1222 1746 1263 1782 in
1316 1746 1507 1795 pastorali

193 1803 326 1839 officio
350 1803 603 1840 confirmare.
637 1804 763 1840 Multa
786 1812 877 1840 sunt
900 1804 1006 1840 dicta
1035 1804 1147 1841 istius
1170 1804 1298 1841 sancti
1320 1805 1508 1842 'doctoris

195 1861 310 1897 Greci
355 1874 431 1909 que
468 1870 666 1898 testantur
705 1874 794 1898 cum
838 1861 1000 1898 racione
1039 1863 1173 1910 patule
1211 1871 1351 1899 contra
1389 1863 1508 1899 istam

193 1918 417 1966 ypocritam
449 1919 755 1958 Antichristum.

138 2048 180 2080 30
621 2032 758 2073 CAP.
790 2032 1079 2074 XXXVIII.

252 2116 441 2164 Sequitur
491 2116 531 2152 in
582 2125 689 2153 textu
742 2116 954 2164 evangelii:
1015 2117 1144 2153 Nolite
1194 2125 1368 2153 sanctum
1414 2118 1510 2154 dare

196 2175 350 2211 canibus
382 2186 502 2223 neque
538 2175 696 2210 mittatis
734 2175 981 2225 margaritas
1018 2182 1106 2210 ante
1132 2187 1290 2223 porcos,
1329 2188 1374 2211 ne
1394 2177 1510 2224 forte

195 2233 415 2268 conculcent
445 2245 510 2268 eas
536 2233 701 2281 pedibus
731 2233 811 2269 suis
842 2240 877 2269 et
909 2244 1021 2268 canes
1053 2233 1231 2269 conversi
1262 2234 1509 2283 disrumpant

197 2303 274 2326 vos.
321 2292 449 2337 Super
481 2303 560 2338 quo
593 2291 860 2335 Augustinus:
901 2290 1000 2333 Quia
1039 2298 1074 2326 et
1105 2291 1297 2327 Dominus
1335 2292 1509 2340 quamvis

140 2360 178 2392 35
196 2349 290 2384 nihil
321 2348 500 2384 mentitus
531 2357 598 2395 est,
633 2361 724 2383 vera
748 2356 874 2384 tamen
897 2348 1027 2396 aliqua
1050 2349 1247 2384 occultare
1267 2361 1307 2384 se
1329 2350 1507 2394 ostendit,

197 2407 345 2441 dicens:
382 2406 518 2442 Adhuc
550 2406 670 2442 liabeo
702 2407 823 2441 multa
857 2406 963 2442 vobis
996 2406 1135 2451 dicere,
1175 2407 1244 2442 sed
1274 2407 1402 2442 adhuc
1434 2420 1507 2443 non

191 2464 354 2513 potestis
384 2475 427 2498 ea
454 2472 631 2513 portare.
671 2464 724 2499 Et
755 2464 953 2513 apostolus
992 2464 1045 2499 ait
1078 2465 1246 2500 Paulus:
1283 2464 1370 2500 Non
1398 2465 1512 2513 potui

197 2522 302 2558 vobis
353 2522 458 2569 loqui
506 2523 615 2571 quasi
662 2522 927 2571 spiritualibus
976 2523 1046 2557 sed
1104 2522 1216 2570 quasi
1272 2523 1507 2569 carna-libus,

268 2664 369 2703 ¹9·.B³
391 2667 545 2699 tamquam
566 2663 672 2703 eciam.
770 2670 816 2696 24.
840 2663 876 2689 B:
896 2663 1056 2697 paginem.
1154 2660 1193 2689 31.
1215 2663 1243 2689 A
1263 2662 1293 2689 in
1316 2670 1431 2697 marg:
1451 2670 1508 2698 37.

199 2697 245 2726 36.
265 2701 294 2727 A
313 2707 342 2726 m
365 2707 478 2733 marg.:
498 2698 700 2734 Augustinus.

270 2758 298 2791 5.
313 2758 430 2790 Matth.
444 2759 486 2797 V,
507 2759 555 2791 13.
643 2756 963 2797 31.Matth.V11,6.
1053 2756 1105 2789 35.
1124 2757 1176 2788 De
1190 2767 1352 2788 sermone
1367 2757 1508 2788 Domini

200 2805 233 2836 in
253 2812 382 2845 monte,
401 2805 421 2835 l.
442 2815 469 2836 c.
487 2815 519 2846 p.
540 2814 616 2846 227.
729 2803 1059 2845 36.J0h.xv[,112.
1119 2806 1122 2809 ’
1164 2804 1216 2845 37.
1248 2804 1269 2834 Ι.
1298 2803 1377 2834 Cor.
1397 2803 1450 2843 111,
1482 2813 1508 2834 1.

1713 188 1787 225 383

1549 1119 1616 1146 The
1638 1127 1719 1158 pope
1738 1119 1764 1146 is

1571 1154 1748 1181 Antichrist

1533 1189 1644 1224 setting
1663 1188 1791 1216 himself

1530 1232 1570 1259 up
1592 1224 1690 1251 above
1712 1223 1793 1251 God.

1567 2301 1756 2342 Augustine:

1611 2336 1717 2363 Lhrist

1524 2371 1701 2398 sometimes
1721 2371 1792 2405 kept

1566 2406 1640 2433 back
1659 2406 1754 2433 truth.
