2003 3322
206 223 279 258 160

242 2374 309 2402 The
328 2373 442 2402 fathers

252 2409 372 2437 studied
394 2410 443 2447 the

225 2445 471 2513 ffsssissfflfteffl‘y.

898 227 1016 259 OPUS
1042 227 1378 259 EVANGELICUM
1559 215 1666 268 [CAP.
1687 224 1795 252 xmv.

486 333 649 369 hominis
680 339 735 368 est
764 331 941 368 voluntas
969 333 1105 380 anime,
1137 333 1295 369 sinistra
1317 339 1443 368 autem
1467 345 1602 369 manus
1623 334 1800 369 voluntas

487 398 543 427 est
574 390 765 439 corporis.
820 391 910 426 Ideo
941 397 1068 426 autem
1098 398 1233 439 partes
1264 391 1389 427 anime
1427 391 1567 427 dextre
1598 398 1798 437 vocantur,

487 448 664 497 quoniam
697 448 824 484 anima
857 448 893 483 in
925 448 1089 484 arbitrio
1118 461 1187 485 suo
1210 456 1341 485 creata
1364 455 1419 485 est
1440 449 1492 484 ad
1513 449 1615 497 quod
1636 448 1801 485 voluerit

489 506 685 542 declinare
727 506 807 542 sive
849 506 902 541 ad
943 506 1081 542 bonum
1124 506 1205 542 sive
1240 507 1292 542 ad
1334 506 1492 551 malum,
1537 513 1572 542 et
1609 506 1677 542 sub
1716 506 1802 556 lege

487 564 633 600 iusticie
664 570 720 600 est
752 571 898 610 creata,
942 571 982 599 ut
1020 571 1125 600 recta
1158 564 1291 600 audiat
1322 571 1358 600 et
1388 571 1485 614 agat
1517 571 1552 600 et
1584 571 1687 600 recte
1717 566 1833 599 ατη-5

488 622 601 657 bulet.
647 622 790 658 Partes
821 628 948 657 autem
982 621 1162 670 corporis
1191 621 1349 658 sinistre
1380 622 1575 669 dicuntur,
1607 621 1696 670 quia
1728 634 1800 658 non

488 686 543 715 est
575 679 611 714 in
643 679 808 715 arbitrio
840 691 909 715 suo
942 686 1072 715 creata
1112 691 1220 726 caro,
1264 687 1304 715 ut
1340 679 1420 715 sive
1456 680 1509 715 ad
1548 680 1685 715 bonum
1722 680 1803 715 sive

489 738 540 773 ad
577 737 721 772 malum
763 737 961 773 declinare
1003 737 1169 773 voluerit
1212 749 1285 773 non
1325 737 1462 786 possit,
1506 737 1575 773 sed
1617 736 1654 772 in
1699 737 1801 773 malo

489 801 620 831 creata
653 802 709 830 est
740 795 808 830 sub
842 795 928 845 lege
955 795 1118 844 peccati.
1154 795 1236 831 Nec
1252 802 1381 844 potest
1404 795 1538 831 videre
1569 801 1635 830 aut
1666 794 1804 830 audire

488 860 554 888 aut
587 865 709 903 agere
741 859 902 889 rectum.
936 853 1043 888 Sicut
1074 860 1110 888 et
1142 865 1273 889 omnes
1303 853 1396 888 iusti
1425 853 1486 888 vel
1514 852 1640 888 sancti
1671 852 1862 888 dextrim

491 910 684 956 dicuntur,
729 917 957 959 peccatores
1000 910 1161 956 sinistri,
1214 910 1471 959 unusquisque
1513 917 1639 946 autem
1692 910 1805 946 hahet

490 969 695 1004 dexterum
726 968 876 1004 oculum
909 975 945 1004 et
975 968 1187 1005 sinistrum.
1222 968 1441 1004 Dexterum
1466 968 1617 1017 quidem
1640 975 1803 1004 mentem

489 1026 628 1072 anime,
669 1025 870 1062 sinistrum
903 1033 1029 1062 autem
1064 1033 1225 1062 mentem
1259 1026 1402 1072 carnis,
1448 1026 1632 1062 dextram
1677 1033 1802 1061 autem

490 1096 644 1120 manum
688 1083 922 1120 voluntatem
968 1084 1106 1130 anime,
1150 1083 1347 1119 sinistram
1395 1090 1521 1120 autem
1566 1083 1801 1119 voluntatem

493 1141 633 1178 carnis.
685 1142 850 1185 Quando
893 1153 990 1192 ergo
1033 1153 1084 1177 ex
1120 1141 1302 1190 passione
1341 1141 1471 1177 carnis
1503 1141 1861 1190 concupiscimusx5

489 1199 587 1235 sicut
637 1199 823 1246 homines,
875 1199 1002 1235 animo
1053 1206 1179 1235 autem
1232 1199 1448 1235 resistimus
1499 1198 1806 1248 concupiscencie

490 1264 632 1304 nostre,
676 1257 830 1293 sinister
870 1257 1003 1293 oculus
1037 1256 1291 1308 scandalizat,
1331 1257 1372 1292 id
1404 1264 1471 1304 est,
1514 1268 1621 1292 mens
1664 1256 1804 1303 carnis,

490 1327 564 1351 non
628 1327 735 1351 mens
796 1315 932 1351 anime.
996 1314 1161 1350 Sinistra
1227 1327 1362 1350 manus
1422 1314 1676 1366 scandalizat,
1732 1326 1804 1350 non

492 1374 649 1420 dextra,
681 1373 721 1408 ia'
751 1380 820 1420 est,
854 1372 1031 1408 voluntas
1061 1372 1204 1419 carnis,
1236 1384 1309 1408 non
1333 1372 1511 1408 voluntas
1535 1373 1672 1408 anime.
1714 1372 1806 1408 Vide

491 1443 590 1467 nunc
633 1430 720 1479 quia
765 1443 839 1467 non
885 1431 984 1466 iubet
1022 1430 1154 1466 carnis
1197 1437 1360 1466 mentem
1404 1430 1526 1466 eicere
1570 1429 1630 1466 vel
1676 1430 1805 1466 carnis
1821 1442 1863 1463 20

487 1488 740 1538 prescindere
783 1489 1030 1525 voluntatem.
1087 1488 1169 1524 Nec
1206 1488 1304 1524 enim
1331 1488 1433 1538 fieri
1455 1494 1583 1537 potest
1629 1494 1670 1523 ut
1712 1499 1804 1524 caro

491 1547 698 1595 aliquando
730 1554 851 1583 cesset
879 1559 901 1582 a
931 1546 1122 1582 desiderio
1145 1546 1260 1582 malo.
1295 1546 1502 1582 Desideria
1525 1552 1652 1582 autem
1676 1545 1805 1581 carnis

491 1605 642 1654 quidem
667 1604 833 1641 retinere
858 1616 1078 1654 possumus,
1111 1611 1151 1639 ut
1172 1616 1245 1639 non
1258 1603 1462 1652 faciamus
1485 1604 1587 1652 quod
1609 1603 1805 1639 desiderat

492 1674 598 1709 caro,
629 1662 879 1711 prescindere
909 1668 1035 1698 autem
1069 1674 1141 1697 non
1172 1673 1391 1710 possumus,
1424 1668 1464 1696 ut
1496 1673 1569 1697 non
1597 1661 1801 1697 desideret.

499 1720 664 1764 Quando
686 1727 815 1756 autem
837 1731 888 1756 ex
904 1719 1107 1769 proposito
1139 1719 1264 1755 anime
1296 1719 1483 1765 volumus,
1516 1726 1606 1755 tunc
1638 1719 1801 1755 dextera
1822 1721 1861 1753 25

493 1790 642 1825 manus,
675 1777 715 1813 id
746 1784 815 1825 est,
860 1778 1000 1814 dexter
1031 1777 1165 1813 oculus
1197 1789 1265 1813 nos
1295 1776 1537 1829 scandalizat
1574 1783 1609 1813 et
1641 1777 1805 1812 dextera

495 1836 695 1881 voluntas:
726 1835 824 1871 hunc
852 1835 1003 1871 oculum
1036 1842 1071 1871 et
1102 1835 1213 1871 istam
1248 1847 1401 1870 manum
1424 1834 1677 1884 prescindere
1707 1834 1807 1870 iubet

494 1905 606 1943 quam
635 1900 669 1929 et
686 1905 895 1942 possumus
912 1893 1177 1942 prescindere‚
1201 1893 1378 1941 quoniam
1411 1892 1539 1928 anima
1572 1892 1607 1928 in
1640 1891 1805 1927 arbitrio

493 1964 562 1988 suo
594 1958 724 1987 creata
756 1958 824 1995 est,
857 1957 897 1986 ut
928 1951 980 1986 ad
1001 1951 1102 1999 quod
1124 1951 1289 1986 voluerit
1311 1951 1440 1986 valeat
1466 1950 1664 1986 inclinare.
1703 1949 1806 1985 Caro

493 2016 620 2046 autem
652 2021 726 2045 non
758 2009 794 2044 in
826 2008 990 2045 arbitrio
1022 2021 1090 2045 suo
1123 2015 1179 2044 est
1212 2009 1281 2044 sed
1311 2008 1347 2043 in
1380 2008 1495 2046 malo.
1549 2007 1708 2043 Vendita
1752 2013 1807 2043 est
1823 2011 1865 2044 30

494 2067 592 2103 enim
624 2067 692 2102 sub
720 2074 880 2116 peccato
913 2073 948 2103 et
980 2078 1052 2102 non
1080 2073 1207 2115 potest
1239 2066 1376 2102 bonum
1410 2066 1518 2102 velle.
1559 2066 1649 2101 Ideo
1681 2072 1805 2100 autem

495 2137 588 2161 caro
620 2125 778 2161 sinistra
807 2124 961 2171 dicitur,
994 2125 1121 2160 anima
1144 2130 1269 2160 autem
1292 2125 1470 2170 dextera,
1503 2123 1679 2172 quoniam
1713 2134 1806 2159 caro

495 2183 547 2218 ad
577 2183 868 2232 temptacionem
902 2181 1008 2218 nobis
1032 2189 1163 2218 creata
1186 2189 1262 2218 est:
1292 2181 1420 2217 anima
1443 2181 1495 2217 ad
1515 2181 1691 2217 salutem.
1723 2180 1808 2216 Hec

496 2247 552 2277 est
594 2241 691 2277 sicut
733 2240 910 2276 arbitror
960 2240 1064 2276 illius
1115 2240 1191 2276 Ioci
1240 2239 1513 2288 interpr-etacio
1565 2251 1670 2274 vera.
1724 2239 1807 2275 Hec

498 2298 784 2335 Crisostomus.
1823 2298 1863 2332 35

556 2357 605 2392 Et
637 2355 700 2392 hic
734 2355 945 2392 considera
968 2364 1163 2404 quantum
1197 2355 1324 2392 sancti
1348 2354 1502 2403 priores
1527 2354 1806 2402 prophetando

499 2422 607 2450 recto
630 2414 761 2450 sensui
785 2412 977 2461 evangelii
999 2415 1249 2449 studuerunt.
1285 2415 1374 2449 Non
1398 2411 1501 2448 enim
1526 2412 1740 2455 audebant,
1764 2419 1807 2446 ut

498 2471 608 2508 stulti
640 2480 820 2508 recentes
853 2470 1019 2507 heretici
1051 2470 1182 2507 dicere
1206 2470 1455 2518 evangelium
1479 2482 1562 2506 esse
1586 2468 1805 2505 hereticum

498 2538 535 2565 et
568 2531 885 2577 dampnandum,
918 2529 986 2565 sed
1019 2528 1074 2565 sic
1097 2529 1275 2565 fecerunt
1308 2529 1502 2564 honorem
1531 2524 1535 2579 Ι
1565 2526 1719 2563 auctori
1751 2525 1808 2561 sic
1853 2530 1932 2571 371ς

497 2595 535 2623 et
556 2587 686 2623 verbis
719 2586 798 2623 suis
832 2596 868 2623 et
891 2586 1014 2635 signis
1039 2599 1192 2633 eorum,
1226 2585 1321 2634 quia
1343 2585 1524 2623 vixerunt
1548 2583 1807 2621 conformiter
1820 2597 1865 2628 40

565 2777 590 2805 5.
612 2778 651 2806 B:
683 2780 713 2805 et
742 2777 869 2805 omitted
901 2778 1002 2805 before
1029 2780 1111 2804 recte
1136 2777 1278 2804 ambulet.
1386 2784 1427 2804 10.
1456 2777 1500 2804 A:
1533 2777 1609 2803 iusti
1631 2776 1680 2803 vel
1714 2776 1807 2803 deest.

499 2811 536 2847 13,
558 2813 592 2840 15.
616 2813 653 2840 B:
675 2813 816 2840 dextram
841 2828 861 2832 -—
876 2813 979 2839 carnis
998 2812 1098 2842 deest:
1120 2811 1141 2838 B
1163 2812 1191 2838 in
1216 2819 1302 2846 marg
1324 2821 1330 2838 :
1352 2811 1447 2837 addit.
1522 2811 1561 2845 18,
1577 2819 1617 2845 19·
1639 2811 1684 2838 A:
1706 2813 1807 2837 etnon

497 2848 618 2875 dextra.
691 2855 737 2882 25).
760 2849 803 2874 A:
824 2847 988 2874 declinare.
1061 2846 1107 2874 36.
1127 2847 1155 2873 A
1176 2847 1205 2872 in
1229 2854 1342 2881 marg:
1361 2846 1530 2873 lohannes.
