2003 3322
163 913 200 933 10

161 1190 196 1222 15

157 1765 196 1798 25

157 2055 198 2087 30

156 2343 195 2374 35

217 217 307 246 CAP.
328 207 378 261 10]
756 222 896 253 PRIMA
923 221 1049 253 PARS.

217 343 239 365 a
273 330 420 365 nemine
451 329 657 372 iudicatur,
703 329 969 365 convenienter
1002 328 1143 364 dicitur
1175 329 1284 364 sedes
1317 328 1403 364 Dei.
1444 329 1538 365 Pec-

219 395 329 423 cator
362 398 452 423 vero
485 387 546 422 cui
589 386 730 422 dictum
766 394 840 422 est:
890 387 1013 422 Terra
1060 398 1097 422 es
1137 393 1173 421 et
1204 386 1239 421 in
1273 392 1421 421 terram
1455 387 1536 433 ibis,

218 445 304 493 quia
332 457 406 493 per
450 444 637 480 iusticiam
684 444 831 480 meritis
877 444 995 494 digna
1041 444 1282 488 tribuentem,
1329 444 1364 478 in
1398 444 1538 493 infimis

218 503 423 538 ordinatur
455 509 489 537 et
521 502 585 550 qui
615 502 649 536 in
684 503 769 552 lege
803 514 959 538 manere
1001 502 1121 537 noluit
1155 502 1221 537 sub
1248 501 1333 551 lege
1361 503 1534 550 punitur,

217 567 476 610 congruenter
508 560 696 608 accipitur
726 559 936 595 scabellum
965 560 1108 608 pedum
1142 559 1228 596 Dei.

275 618 351 653 Sed
382 618 456 652 iam
493 625 530 652 ut
563 618 674 653 istam
720 629 864 665 quoque
903 618 1179 653 concludamus
1209 628 1413 662 summam,
1447 617 1538 665 quid

217 675 447 711 laboriosius
470 682 504 710 et
526 675 725 724 operosius
759 675 834 710 dici
855 682 920 710 aut
950 675 1121 725 cogitari
1145 681 1287 723 potest,
1323 675 1386 710 ubi
1407 687 1535 710 omnes

216 745 355 769 nervos
399 733 587 769 industrie
635 745 701 769 sue
748 733 898 769 animus
932 733 1067 783 fidelis
1115 739 1296 768 exerceat
1341 744 1452 780 quam
1498 733 1533 767 in

216 791 356 826 viciosa
380 791 651 827 consuetudine
672 791 924 839 superanda?
947 791 1150 826 Prescidat
1173 790 1344 826 membra
1369 802 1532 840 regnum

216 849 384 884 celorum
410 849 672 897 impediencia‚
697 860 741 883 ne
763 849 897 884 dolore
920 849 1196 899 frangantur:
1229 848 1382 884 tolleret
1407 849 1532 883 omnia

215 906 250 941 in
271 907 358 956 fide
401 907 600 956 coniugali
631 918 699 954 que
743 906 918 954 quamvis
960 906 1034 942 sint
1068 906 1353 952 molestissima,
1387 906 1531 941 crimen

214 971 341 1000 tamen
371 964 501 1000 illicite
524 964 802 1013 corrupcionis,
826 965 865 1001 id
887 971 955 1008 est,
979 963 1262 1013 fornicacionis
1286 976 1357 1000 non
1382 964 1531 1010 habent,

215 1022 332 1057 veluti
361 1021 395 1056 si
427 1034 588 1058 uxorem
618 1023 772 1071 quisque
805 1023 942 1058 habeat
973 1023 1052 1059 sive
1083 1021 1254 1057 sterilem
1287 1022 1367 1058 sive
1400 1022 1531 1070 defor-

213 1092 311 1115 mem
342 1091 506 1128 corpore
528 1080 606 1117 sive
636 1080 795 1116 debilem
828 1081 1010 1116 membris
1040 1079 1099 1115 vel
1128 1091 1254 1115 cecam
1281 1080 1340 1115 vel
1370 1080 1531 1115 surdam

214 1137 274 1172 vel
304 1138 497 1183 claudam,
543 1138 603 1174 vel
633 1138 666 1174 si
695 1138 841 1186 aliquid
880 1138 987 1174 aliud
1024 1137 1105 1174 sive
1137 1137 1282 1174 morbis
1312 1137 1392 1173 sive
1424 1138 1531 1173 dolo-

214 1195 319 1231 ribus
352 1195 680 1245 languoribusque
724 1196 939 1244 consectam
974 1203 1008 1232 et
1041 1195 1219 1244 quicquid
1250 1202 1411 1244 excepta
1436 1195 1530 1243 for-

214 1253 409 1288 nicacione
441 1254 610 1304 cogitari
636 1261 763 1302 potest
798 1254 1038 1289 vehementer
1071 1253 1259 1289 horribile
1286 1265 1362 1302 pro
1379 1253 1466 1302 fide
1497 1259 1532 1289 et

212 1311 391 1347 societate
421 1312 605 1347 sustineat
627 1323 744 1359 neque
764 1313 887 1347 solum
913 1312 1028 1347 talem
1048 1323 1119 1347 non
1143 1311 1281 1347 abiciat
1312 1311 1380 1347 sed
1411 1311 1529 1346 eciam

211 1368 245 1403 si
265 1380 336 1404 non
361 1369 496 1404 habeat
519 1381 591 1405 non
616 1371 731 1405 ducat
762 1382 844 1405 eam
869 1382 939 1418 que
961 1370 1085 1405 soluta
1109 1376 1164 1405 est
1185 1381 1206 1404 a
1232 1369 1315 1405 viro
1334 1369 1529 1418 pulcram,

211 1438 358 1468 sanam,
392 1427 805 1475 divitem,fecundam.
847 1428 929 1471 Que
959 1428 994 1463 si
1013 1428 1155 1475 facere
1185 1439 1255 1463 non
1280 1427 1378 1472 licet,
1412 1427 1531 1462 multo

213 1484 337 1520 minus
371 1485 442 1520 sibi
473 1485 587 1521 licere
619 1485 833 1521 arbitretur
855 1486 906 1520 ad
929 1485 1047 1520 ullum
1082 1486 1200 1520 alium
1234 1485 1407 1520 illicitum
1442 1496 1529 1520 con-

213 1542 377 1577 cubitum
401 1543 596 1586 accedere,
630 1543 1014 1591 fornicacionemque
1035 1543 1089 1578 sic
1112 1543 1264 1593 fugiat,
1289 1550 1328 1578 ut
1359 1543 1405 1577 ab
1429 1542 1533 1577 omni

213 1600 319 1648 turpi
347 1601 599 1650 corrupcione
620 1613 701 1636 sese
723 1602 919 1637 extrahat.
962 1602 1100 1636 Verum
1126 1601 1319 1649 loquatur,
1342 1612 1461 1648 neque
1492 1601 1531 1635 id

213 1657 470 1694 iuracionibus
507 1659 654 1694 crebris
694 1660 764 1702 sed
808 1671 958 1695 morum
994 1659 1188 1707 probitate
1225 1659 1464 1694 commendet
1496 1665 1531 1693 et

215 1716 442 1751 rebellantes
486 1724 619 1752 contra
664 1728 703 1753 se
748 1718 914 1753 omnium
962 1714 1155 1752 malarum
1213 1716 1528 1753 consuetudinum

214 1774 347 1809 turbas
380 1774 677 1810 innumerabiles
709 1782 742 1811 et
767 1775 974 1811 horribiles
1005 1775 1049 1811 de
1073 1775 1207 1823 quibus
1230 1786 1359 1811 omnes
1391 1773 1528 1810 intelli-

211 1838 399 1881 gerentur
426 1844 550 1880 pauce
581 1841 879 1868 commemorate
910 1841 1010 1879 sunt,
1056 1834 1284 1884 confugiens
1315 1833 1367 1867 ad
1398 1844 1527 1867 arcem

211 1889 497 1925 securissimam
525 1890 733 1926 christiane
762 1891 899 1927 milicie
930 1898 1125 1940 tamquam
1151 1892 1197 1927 de
1225 1891 1307 1927 loco
1329 1890 1530 1939 superiore

203 1946 372 1994 fortiter
404 1955 438 1983 et
469 1955 622 1984 strenue
654 1949 688 1983 in
718 1948 873 1984 Christo
899 1956 1138 1998 prosternat.
1181 1949 1257 1985 Sed
1289 1948 1371 1996 quis
1402 1955 1529 1983 tantos

213 2005 365 2041 labores
409 2005 506 2042 inire
542 2006 682 2042 audeat
720 2006 792 2042 nisi
823 2007 887 2055 qui
929 2007 983 2043 sic
1013 2007 1172 2057 flagrat
1204 2018 1339 2042 amore
1370 2005 1528 2051 iusticie,

213 2070 252 2098 ut
283 2070 478 2111 tamquam
501 2064 616 2112 fame
648 2071 683 2099 et
714 2064 778 2100 siti
800 2065 1129 2101 vehementissime
1161 2076 1343 2100 accensus
1375 2071 1410 2099 et
1442 2063 1526 2098 nul-

213 2120 288 2155 lam
322 2121 394 2156 sibi
424 2121 555 2167 vitam,
595 2122 712 2158 donec
751 2134 792 2157 ea
825 2123 995 2158 sacietur
1039 2123 1266 2158 existimans
1298 2122 1373 2157 vim
1397 2121 1528 2169 faciat

211 2178 308 2213 sicut
343 2179 461 2214 bonus
498 2179 606 2215 miles
650 2187 685 2215 et
730 2181 908 2216 robustus
943 2181 1109 2216 bellator
1144 2181 1179 2216 in
1216 2192 1380 2230 regnum
1428 2179 1526 2214 celo—

212 2236 329 2271 rum?
383 2236 468 2272 Non
519 2237 616 2272 enim
661 2237 774 2272 aliter
817 2250 897 2273 esse
947 2238 1093 2287 poterit
1128 2238 1253 2287 fortis
1304 2238 1355 2273 ad
1400 2237 1525 2273 omnia

210 2294 412 2329 toleranda
463 2306 533 2342 que
590 2295 625 2330 in
677 2295 925 2344 precidendis
971 2296 1306 2332 consuetudinibus
1351 2295 1527 2344 reprobis

212 2351 404 2388 laboriosa
427 2359 462 2387 et
483 2353 608 2388 ardua
641 2360 675 2388 et
707 2353 858 2389 omnino
891 2353 1068 2403 difficilia
1100 2354 1219 2390 seculi
1250 2354 1360 2389 huius
1393 2353 1527 2388 molles

213 2409 432 2458 deceptique
471 2417 667 2446 amatores
694 2418 846 2459 putant.
893 2412 1007 2447 Beati
1037 2412 1161 2462 igitur
1193 2412 1256 2460 qui
1286 2411 1460 2448 esuriunt
1492 2418 1527 2446 et

279 2612 302 2639 5.
325 2612 362 2639 B:
385 2612 447 2640 Sed
466 2613 529 2640 iam
549 2616 583 2640 ut
600 2614 659 2640 ista
680 2621 800 2649 quoque
820 2615 1037 2642 concludamus
1057 2616 1140 2650 quid.
1224 2623 1252 2651 ς).
1273 2617 1318 2644 A:
1340 2624 1398 2644 noc
1418 2617 1525 2644 dolere

208 2644 393 2682 frangatur.
503 2656 532 2674 10
560 2648 597 2675 B:
620 2652 700 2675 sunt.
812 2658 850 2684 17.
873 2650 911 2677 B:
933 2651 1032 2677 solum
1053 2651 1147 2677 deest.
1238 2658 1280 2678 22.
1303 2652 1345 2679 A:
1370 2652 1523 2685 loquetur.

211 2680 252 2708 25.
274 2683 318 2709 A:
340 2684 369 2708 et
388 2682 554 2709 horribiles
574 2683 667 2710 deest.
758 2683 801 2718 25,
822 2684 869 2711 26.
890 2685 928 2712 B:
950 2685 1170 2721 intelligerent.
1261 2686 1306 2714 28.
1323 2688 1525 2722 prosternat;

210 2716 255 2743 A:
273 2716 424 2751 profluat.
497 2724 543 2752 29.
563 2718 608 2745 A:
629 2717 750 2746 audiat.
825 2718 870 2753 34.
892 2720 937 2748 A:
959 2721 1100 2755 reprobis
1120 2721 1215 2748 deest.

281 2831 310 2853 2.
339 2822 423 2854 Gen.
450 2823 503 2864 111,
536 2834 583 2867 19.
681 2824 733 2858 36.
762 2826 880 2857 Matth.
906 2827 948 2867 V,
975 2826 1006 2859 6.

1753 214 1824 251 183

1620 625 1702 660 Duty
1723 626 1757 664 on

1586 668 1787 694 ovel'comlng

1593 693 1649 721 ex'il
1672 695 1784 722 habits.
