2003 3322
212 212 300 241 CAP.
322 204 432 258 xxu]
695 215 908 246 SECUNDA
935 215 1062 246 PARS.

210 323 261 358 ita
305 329 339 358 et
382 322 532 358 animus
583 329 712 357 noster
764 328 1010 357 terrenorum
1063 321 1271 370 cupiditate
1322 322 1523 367 sordescit,

211 380 385 430 quamvis
423 380 506 429 ipsa
547 386 654 415 terra
695 379 730 414 in
769 391 838 415 suo
875 391 1020 429 genere
1057 386 1171 427 atque
1208 378 1344 415 ordine
1384 380 1525 415 munda

209 439 270 475 sit.
322 437 454 473 Celum
499 444 624 473 autem
665 437 735 472 hoc
774 437 857 472 loco
903 449 973 473 non
1020 449 1251 486 corporeum
1296 437 1526 486 acceperint,

209 497 296 546 quia
329 507 441 532 omne
472 507 614 544 corpus
639 506 717 544 pro
750 501 858 530 terra
898 495 1112 531 habendum
1146 502 1212 531 est.
1259 495 1394 530 Totum
1428 496 1524 531 enim

178 554 394 590 5mundum
434 553 543 589 dehet
582 560 851 602 contempnere
883 553 948 601 qui
981 553 1054 589 sihi
1086 552 1325 605 thesaurizat
1364 552 1398 588 in
1432 553 1523 589 celo.

213 613 254 647 In
290 612 356 647 illo
390 623 480 647 vero
513 611 593 647 celo
628 611 674 646 de
705 622 776 659 quo
801 611 943 646 dictum
978 618 1054 647 est:
1091 610 1224 647 Celum
1249 611 1321 646 celi
1342 611 1525 656 Domino,

210 670 249 705 id
287 676 354 715 est,
400 669 435 704 in
465 669 720 719 firmamento
764 668 981 718 spirituali;
1024 681 1096 705 non
1136 668 1234 704 enim
1274 669 1310 704 in
1350 680 1392 704 eo
1425 669 1526 716 quod

210 727 371 763 transiet
421 727 654 763 constituere
711 734 746 762 et
803 726 996 763 collocare
1058 727 1238 763 dehemus
1298 726 1524 762 thesaurum

210 792 384 821 nostrum
418 792 453 821 et
483 797 552 821 cor
584 791 773 832 nostrum,
813 784 882 820 sed
919 785 954 820 in
994 797 1036 821 eo
1069 785 1171 833 quod
1201 796 1355 833 semper
1386 792 1524 830 manet,

156 850 250 879 tout
270 843 438 892 firmum
471 850 507 878 et
538 842 672 879 stabile
692 843 784 892 fiat,
818 849 857 878 ut
890 843 942 878 ad
973 850 1189 879 creatorem
1224 842 1395 878 intendat
1426 850 1462 878 et
1493 843 1526 878 ei

203 900 373 950 placeat.
413 901 544 936 Celum
578 908 703 936 autem
737 900 898 936 transiet
930 908 964 936 et
995 908 1115 936 terra.
1151 902 1234 937 Hec
1261 899 1521 948 Augustinus.

264 958 432 995 Videtur
471 958 591 994 istum
633 966 816 995 sanctum
849 958 1070 1005 intendere,
1110 971 1201 994 cum
1235 958 1370 995 anima
1403 958 1524 994 habet

209 1028 291 1053 esse
335 1015 543 1064 spirituale
589 1016 656 1052 ubi
701 1016 886 1063 afficitur,
934 1025 971 1052 et
1018 1016 1074 1052 sie
1118 1015 1337 1064 superioris
1381 1024 1523 1052 nature

208 1087 329 1122 quam
363 1074 515 1122 aliquid
554 1075 763 1122 corporale
796 1075 903 1123 quod
937 1086 1007 1122 per
1046 1073 1307 1110 affeccionem
1340 1073 1522 1110 illicitam

156 1132 494 1180 15temp0ralium
541 1132 749 1168 defedatur
796 1141 833 1168 et
886 1144 975 1168 cum
1023 1131 1213 1168 meritum
1266 1133 1387 1168 habet
1440 1144 1523 1168 esse

207 1190 477 1227 intencionale
510 1189 549 1226 in
573 1192 657 1227 Deo
690 1192 909 1226 secundum
945 1191 1052 1239 quod
1084 1203 1167 1227 non
1200 1198 1330 1239 potest
1353 1189 1523 1227 deficere

208 1256 245 1284 et
283 1249 389 1285 Deus
432 1261 513 1284 non
557 1256 689 1296 potest
727 1248 894 1285 alicuius
936 1247 1067 1285 meriti
1106 1247 1280 1284 hominis
1326 1247 1521 1295 oblivisci,

208 1307 331 1343 homo
371 1318 415 1343 ex
453 1305 657 1354 sapiencia
695 1306 735 1342 in
769 1308 852 1343 Deo
891 1307 969 1343 tale
1010 1306 1196 1343 meritum
1244 1314 1520 1354 congregaret.

1736 208 1812 244 323

1548 965 1607 993 We
1628 965 1739 993 should
1761 970 1808 1002 try

1544 1004 1575 1027 to
1596 1000 1644 1034 lay
1666 1009 1705 1035 up
1727 1002 1816 1028 merit

1590 1035 1665 1062 with
1688 1035 1769 1063 God.

267 1364 536 1401 Crisostomus
581 1373 715 1400 autem
761 1376 880 1412 super
930 1364 1005 1400 isto
1051 1373 1159 1401 textu
1212 1363 1268 1400 sic
1320 1363 1518 1412 quuitur:
1566 1369 1784 1408 chrysostom.

152 1435 192 1457 20
209 1422 387 1468 Presens,
426 1422 569 1470 inquit,
609 1423 817 1471 capitulum
851 1423 903 1458 ad
928 1423 1144 1471 precedens
1176 1434 1249 1458 non
1289 1422 1401 1458 habet
1433 1434 1520 1458 con-

206 1481 402 1528 sequencie
434 1481 640 1527 racionem,
673 1481 761 1530 quia
794 1480 893 1516 illud
925 1481 970 1515 de
1003 1480 1138 1516 ieiunio
1173 1480 1314 1516 dictum
1348 1488 1415 1527 est,
1449 1481 1520 1517 hoc

206 1546 332 1574 autem
367 1539 412 1574 de
444 1538 690 1589 elemosynis.
733 1538 836 1582 Quid
858 1551 955 1589 ergo
979 1539 1064 1574 est?
1096 1538 1139 1573 Si
1169 1550 1360 1574 memores
1386 1538 1519 1585 simus,

207 1596 267 1632 vel
298 1597 345 1632 de
376 1596 583 1632 elemosina
617 1596 677 1632 vel
709 1596 755 1632 de
786 1596 967 1632 oracione
999 1597 1059 1632 vel
1091 1596 1138 1632 de
1169 1596 1305 1632 ieiunio
1329 1596 1520 1633 Dominus

207 1655 335 1690 docuit
376 1667 510 1703 supra,
553 1654 622 1690 sed
664 1654 951 1690 simulacionenz
1003 1654 1235 1703 compescuit
1274 1661 1435 1696 tantuin,
1484 1662 1524 1690 ut

149 1714 188 1746 25
206 1724 273 1748 nec
301 1725 433 1749 coram
464 1712 678 1748 hominibus
691 1712 849 1760 saciant
867 1724 921 1759 ea,
956 1720 997 1748 ut
1029 1712 1234 1748 videantur
1265 1712 1311 1748 ab
1343 1712 1417 1757 eis,·
1449 1725 1522 1748 non

205 1770 292 1818 quia
321 1770 504 1819 possibile
536 1777 591 1806 est
621 1770 676 1806 sic
699 1782 742 1806 ea
766 1782 899 1820 agere,
933 1777 973 1805 ut
995 1783 1067 1807 non
1092 1782 1135 1806 ea
1159 1770 1314 1806 videant
1336 1770 1520 1817 homines,

204 1828 301 1864 sicut
345 1828 516 1864 diximus
559 1840 692 1877 supra,
735 1829 803 1864 sed
846 1828 1051 1864 sollicitum
1089 1828 1191 1877 fecit
1223 1828 1427 1875 hominem,
1484 1836 1524 1864 ut

205 1893 386 1935 quantum
420 1886 471 1921 ad
502 1897 542 1922 se
572 1886 627 1922 sic
640 1885 804 1934 festinet
830 1898 964 1936 agere,
997 1898 1040 1922 ea
1074 1893 1114 1922 ut
1146 1898 1218 1921 non
1252 1886 1453 1931 videatur,·
1485 1894 1524 1922 ut

205 1944 328 1993 ipsum
363 1944 500 1979 bonum
534 1956 629 1993 opus
668 1944 772 1979 omni
807 1944 1017 1980 christiano
1057 1944 1185 1994 magis
1224 1943 1260 1979 in
1300 1945 1437 1993 affectu
1475 1944 1524 1980 sit

148 2006 190 2037 30
203 2014 316 2051 quam
361 2002 397 2037 in
441 2009 540 2038 actu.
593 2002 647 2037 Et
684 2002 962 2049 convenienter,
994 2002 1173 2051 quoniam
1205 2002 1303 2037 sicut
1335 2009 1371 2037 et
1400 2014 1521 2051 supra

205 2060 303 2110 legis
335 2059 485 2108 quidem
521 2060 704 2095 mandata
737 2059 865 2110 magis
898 2060 949 2095 ad
981 2072 1076 2109 opus
1115 2059 1369 2109 respiciebant
1405 2072 1519 2109 quam

204 2118 256 2153 ad
295 2118 485 2166 affectum,
530 2118 570 2153 id
606 2125 674 2163 est,
720 2130 792 2154 non
832 2118 993 2164 occides,
1039 2130 1112 2153 non
1157 2117 1396 2153 adulterabis
1435 2125 1518 2164 etc.,

210 2175 387 2212 Christus
432 2176 483 2210 ad
519 2175 826 2224 supplementum
866 2188 999 2212 eorum
1038 2175 1259 2224 spiritualia
1300 2176 1543 2212 introduxitI

205 2233 387 2269 mandata
420 2234 471 2269 ad
496 2234 672 2282 affectum
705 2233 850 2269 scilicet
882 2233 1009 2283 magis
1042 2233 1288 2282 respiciencia
1320 2246 1434 2282 quam
1468 2234 1520 2269 ad

150 2296 189 2328 35
205 2299 352 2327 actum:
383 2291 473 2341 Ego
508 2298 633 2327 autem
668 2291 751 2327 dico
776 2292 835 2327 Ne
867 2291 1067 2337 irascaris,
1101 2303 1146 2327 ne
1176 2292 1421 2340 concupiscas
1450 2299 1517 2327 etc.

206 2349 269 2385 Sic
301 2356 336 2384 et
367 2349 439 2395 hic,
473 2356 512 2384 ut
544 2349 648 2385 omni
676 2349 926 2385 simulacione
942 2349 1097 2398 precisa
1122 2361 1240 2398 opera
1265 2361 1396 2386 eorum
1422 2350 1518 2386 bona

206 2407 257 2442 ad
294 2419 362 2443 cor
399 2407 527 2457 magis
565 2406 773 2456 respiciant
810 2419 923 2455 quam
970 2408 1021 2442 ad
1059 2414 1267 2456 aspectum.
1326 2407 1518 2450 Quoniam

206 2477 302 2515 ergo
346 2465 443 2501 sicut
481 2465 729 2514 exposuimus
767 2464 862 2500 nihil
907 2465 1092 2501 docuerat
1130 2465 1308 2501 Christus
1347 2465 1392 2501 de
1430 2465 1519 2512 illis,

275 2643 299 2670 3.
321 2644 364 2671 A:
387 2643 617 2678 incorporeum.
725 2652 754 2677 4.
777 2645 820 2670 A:
842 2644 922 2671 enim
943 2644 1039 2671 deest.
1149 2652 1189 2671 10.
1211 2645 1255 2671 A:
1281 2643 1518 2681 stabilcfueril.

207 2687 248 2714 ¹9-
271 2680 298 2705 A
319 2679 347 2705 in
372 2687 484 2712 marga:
511 2678 726 2706 Crisostomus.
818 2686 864 2713 24,
890 2679 932 2706 25.
954 2680 996 2705 A:
1020 2682 1051 2705 ut
1071 2679 1119 2706 vel
1139 2687 1177 2705 ne
1197 2687 1323 2711 coram;
1346 2680 1381 2706 15:
1404 2682 1521 2706 lantum

207 2721 243 2739 ne
262 2721 378 2740 coram.
487 2712 529 2740 25.
557 2714 601 2740 A:
635 2714 806 2740 videamur.
915 2714 960 2740 23.
990 2714 1025 2740 }‘›:
1062 2714 1092 2740 in
1118 2721 1159 2740 sc.
1268 2721 1315 2748 29.
1337 2714 1374 2741 B:
1405 2715 1523 2741 nomini

206 2748 386 2775 christiano.
458 2747 504 2775 30.
525 2749 569 2774 A:
589 2748 667 2774 sicut
687 2748 781 2775 deest.
855 2747 899 2782 37.
921 2749 964 2775 A:
986 2748 1201 2782 respiciebant.

276 2831 307 2862 ὁ.
335 2831 461 2863 Psalm.
490 2831 604 2871 CXIII,
636 2830 684 2863 [ὁ.
786 2842 835 2874 ιι).
863 2833 930 2873 Op.
959 2833 1055 2873 Imp„
1084 2832 1104 2863 l.
1132 2842 1158 2863 c.
1186 2843 1218 2873 p.
1244 2831 1323 2864 διὸ.

1316 2892 1383 2921 21÷÷

1537 1404 1643 1432 Christ
1663 1405 1813 1444 reproved

1566 1439 1732 1475 hypocrlsy
1753 1440 1783 1467 in

1566 1482 1685 1509 prayer,
1708 1475 1786 1502 alms

1575 1509 1634 1536 and
1655 1509 1780 1544 fasting.

1598 2133 1665 2160 The
1686 2135 1743 2160 law

1542 2168 1711 2195 weseribed
1730 2173 1811 2203 πῶς

1546 2202 1651 2242 emisi
1672 2204 1797 2241 purifies

1590 2242 1752 2265 mtennon.
