2003 3322
219 206 307 235 CAP.
328 197 468 251 XXXII]
723 209 865 240 PR1MA
892 209 1018 240 PAR&
1742 209 1753 232 1
1771 209 1811 232 1¹1

220 316 572 365 evangelizandum
612 327 682 365 per
719 315 1015 364 possessionem
1055 314 1347 351 dominativam
1388 314 1527 350 talium

219 374 516 422 temporalium.
570 375 662 410 Ideo
707 373 961 410 meneiuntur
1014 372 1085 409 filii
1135 372 1299 418 diaboli,
1354 371 1530 408 dieentes

219 434 327 481 quod
360 434 587 480 expendunt
620 433 691 468 hec
720 431 962 480 temporaiia
983 430 1170 476 virtuose,
1206 443 1295 467 cum
1323 429 1531 466 dimittunt

219 490 344 538 magis
376 492 526 527 bonum
567 498 604 526 et
642 489 697 526 eis
735 489 1006 538 pertinencius
1044 497 1211 537 propter
1249 488 1392 534 minus,
1438 500 1529 524 curn

186 539 201 570 5
219 548 359 584 melius
378 548 426 584 sit
447 548 645 585 seminare
668 549 831 585 verbum
852 548 923 584 Dei
947 560 1067 596 quam
1092 546 1332 583 distribuere
1354 553 1529 582 stercora

218 606 328 642 huius
359 607 503 653 mundi,
547 614 590 642 ut
622 615 732 654 patet
764 607 815 643 ad
854 605 952 642 Phil.
988 607 1049 652 III,
1090 606 1128 651 8,
1169 614 1206 641 et
1247 613 1304 641 est
1343 603 1530 641 fidelibus

217 675 289 711 per
321 676 361 700 se
392 672 548 700 notum.

675 787 816 828 CAP.
848 787 1068 828 XXXII.

274 894 463 944 Sequitur
506 895 546 931 in
592 904 699 932 textu
747 895 958 944 evangelii:
1011 895 1074 932 Sic
1119 895 1243 931 luceat
1286 895 1358 930 lux
1401 901 1529 930 vestra

164 954 349 990 ¹0coram
382 953 608 1000 hominibus,
642 961 682 989 ut
714 954 867 990 videant
898 966 1014 1003 opera
1049 960 1176 989 vestra
1208 953 1303 988 bona
1337 959 1372 988 et
1402 953 1528 1002 glori-

204 1011 328 1061 ficent
353 1019 507 1060 patrem
541 1012 604 1059 qui
633 1012 669 1047 in
702 1012 791 1048 celis
823 1019 890 1050 est.
924 1013 1052 1059 Super
1084 1024 1164 1059 quo
1185 1010 1454 1058 Augustinus:
1489 1011 1532 1046 Si
1588 1012 1772 1048 Angustiae.

217 1070 482 1105 tantummodo
515 1070 681 1105 dixerit:
712 1069 775 1105 Sic
808 1070 932 1106 luceat
976 1070 1047 1105 lux
1080 1076 1207 1105 vestra
1241 1081 1373 1105 coram
1407 1068 1527 1104 homi-

218 1127 338 1174 nibus,
390 1134 431 1163 ut
463 1127 616 1163 videant
646 1128 742 1164 bona
788 1140 905 1176 opera
945 1134 1086 1174 vestra,
1125 1128 1250 1177 finem
1291 1126 1530 1163 constituisse

218 1184 415 1220 videretur
447 1185 482 1220 in
517 1185 694 1222 laudibus
725 1186 920 1221 hominum
955 1197 1048 1234 quas
1086 1193 1248 1233 querunt
1278 1185 1464 1237 ypocrite
1495 1191 1530 1219 et

164 1232 282 1291 15qm·
310 1243 482 1279 ambiunt
513 1244 677 1279 honores
709 1251 743 1279 et
775 1244 839 1292 qui
869 1250 1024 1292 captant
1054 1243 1227 1293 gloriam
1251 1242 1526 1279 inanissimam.

223 1300 367 1336 Contra
394 1313 487 1350 quos
510 1301 670 1337 dicitur:
693 1302 736 1337 Si
756 1302 970 1337 hominibus
992 1301 1119 1337 adhuc
1142 1302 1355 1350 placerem,
1383 1300 1531 1336 Christi

218 1370 354 1395 servus
375 1371 447 1395 non
470 1371 602 1406 essem,
626 1367 661 1395 et
676 1372 752 1408 per
768 1359 1000 1409 prophetam
1015 1374 1025 1394 :
1040 1359 1117 1403 Qui
1129 1359 1342 1396 hominibus
1359 1358 1527 1407 placent,

219 1416 374 1464 confusi
402 1424 501 1463 sunt,
534 1417 711 1466 quoniam
760 1418 866 1458 Deus
897 1417 1044 1466 sprevit
1087 1429 1151 1453 eos
1196 1417 1256 1453 vel
1299 1416 1393 1452 nihil
1427 1416 1529 1465 fecit

219 1474 327 1511 illos:
358 1482 393 1510 et
424 1475 582 1511 iterum:
613 1476 721 1511 Deus
753 1475 973 1525 confringet
1017 1488 1102 1511 ossa
1148 1475 1342 1511 hominum
1370 1475 1528 1523 placen-

163 1533 205 1555 20
220 1532 333 1580 cium,
376 1540 412 1568 et
443 1546 599 1569 rursum
631 1533 858 1582 Apostolus:
901 1534 987 1569 Non
1020 1533 1239 1583 efficiamur
1268 1532 1398 1583 glorie
1436 1544 1530 1568 vane

220 1590 374 1639 cupidi:
404 1598 440 1626 et
471 1591 551 1641 ipse
582 1592 741 1627 iterum:
772 1592 914 1627 Probet
945 1598 1071 1627 autem
1103 1603 1144 1627 se
1181 1590 1303 1640 ipsum
1349 1591 1462 1626 homo
1494 1597 1529 1625 et

219 1655 307 1683 tunc
338 1648 374 1684 in
405 1656 523 1685 semet
567 1649 648 1698 ipso
693 1656 838 1685 tantum
886 1649 1057 1699 gloriam
1105 1649 1255 1685 habebit
1297 1656 1332 1684 et
1376 1661 1447 1684 non
1494 1649 1529 1683 in

218 1707 355 1742 altero.
389 1706 476 1742 Non
509 1719 606 1757 ergo
646 1714 791 1743 tantum
837 1707 956 1743 dixit:
1003 1715 1042 1742 ut
1086 1707 1240 1743 videant
1284 1707 1379 1743 bona
1413 1707 1529 1754 facta

219 1771 360 1808 vestra,
392 1765 461 1800 sed
491 1764 642 1801 addidit
673 1773 708 1800 et
737 1765 959 1815 glorificent
989 1773 1142 1815 patrem
1184 1772 1367 1811 vestrum,
1399 1764 1464 1813 qui
1494 1764 1529 1799 in

162 1813 201 1846 25
219 1822 310 1858 celis
343 1829 410 1869 est,
443 1829 484 1857 ut
515 1823 586 1858 hoc
618 1823 741 1872 ipsum
775 1824 876 1872 quod
906 1824 1019 1859 homo
1037 1836 1112 1872 per
1134 1824 1230 1859 bona
1254 1835 1371 1872 opera
1400 1823 1530 1871 placet

218 1880 442 1924 hominibus,
476 1893 548 1916 non
580 1881 632 1916 ibi
648 1881 771 1930 finem
806 1881 1009 1917 constituat
1041 1889 1082 1917 ut
1113 1881 1326 1917 hominibus
1361 1881 1529 1930 placeat,

217 1938 285 1973 sed
328 1939 476 1986 referat
519 1938 591 1974 hoc
637 1939 689 1974 ad
730 1939 808 1975 Dei
849 1939 1001 1975 laudem
1048 1947 1083 1975 et
1121 1946 1332 1988 propterea
1373 1938 1530 1987 placeat

218 1995 443 2043 hominibus,
476 2003 515 2032 ut
547 1996 582 2032 in
615 1996 682 2032 illo
714 2004 749 2032 et
774 2009 850 2046 per
881 1997 989 2033 illum
1021 1997 1267 2047 glorificetur
1288 1997 1409 2032 Deus.
1442 1996 1529 2032 Hoc

218 2053 314 2089 enim
350 2054 594 2090 laudantibus
625 2055 795 2104 expedit,
829 2063 868 2090 ut
900 2068 972 2091 non
1005 2055 1195 2091 hominem
1228 2055 1297 2091 sed
1334 2054 1527 2090 dominum

163 2104 204 2136 30
218 2111 344 2147 Deum
378 2112 578 2160 honorent,
609 2113 706 2148 sicut
738 2112 774 2148 in
807 2113 889 2162 ipso
921 2113 1073 2149 homine
1103 2125 1211 2161 quem
1240 2113 1429 2162 portabat
1446 2112 1528 2148 Do-

219 2169 342 2205 minus
381 2170 556 2217 ostendit,
596 2170 660 2206 ubi
694 2170 888 2207 admirate
924 2178 1011 2207 sunt
1055 2172 1166 2207 turbe
1214 2171 1260 2207 de
1298 2170 1529 2221 paralytico

218 2234 351 2263 sanato
383 2228 544 2264 virtutes
575 2229 655 2264 eius
685 2228 739 2264 sic
771 2236 810 2264 ut
849 2229 1015 2279 legitur:
1067 2229 1290 2265 Timuerunt
1327 2235 1363 2264 et
1404 2228 1530 2279 glori—

206 2285 429 2334 ficaverunt
466 2287 592 2322 Deum
631 2286 696 2335 qui
737 2287 841 2322 dedit
879 2294 1108 2336 potestatem
1142 2287 1257 2323 talem
1302 2286 1527 2322 hominibus.

224 2342 341 2379 Cuius
387 2344 559 2380 imitator
604 2344 749 2380 Paulus
792 2345 989 2394 apostolus
1034 2345 1145 2380 dicit:
1194 2345 1355 2380 Tantum
1402 2351 1527 2380 autem

163 2395 202 2428 35
218 2401 414 2437 audientes
459 2409 582 2449 erant,
627 2402 714 2451 quia
761 2403 826 2451 qui
866 2403 1073 2451 aliquando
1118 2415 1185 2439 nos
1211 2403 1527 2452 persequebatur,

290 2580 322 2599 ιι.
344 2573 372 2599 Α
391 2572 423 2600 in
443 2580 558 2608 marg:
579 2572 779 2609 Augustinus.
877 2580 914 2600 12.
936 2574 981 2600 A:
1003 2573 1101 2600 lumen
1121 2575 1264 2600 vestrum.
1365 2572 1402 2599 15.
1422 2573 1467 2600 A:
1487 2572 1531 2599 ad

219 2607 374 2641 honores;
392 2607 432 2634 ib.
453 2609 499 2634 A:
520 2608 576 2643 qui
592 2608 686 2634 deest.
778 2616 817 2643 17,
840 2607 879 2635 18.
900 2609 944 2635 A:
971 2611 1002 2635 et
1014 2616 1074 2642 per
1087 2608 1275 2643 prophetam
1293 2623 1327 2626 -
1346 2608 1463 2642 sprevit
1479 2615 1531 2634 eos

220 2641 313 2669 deest.
420 2650 465 2669 20.
486 2643 530 2669 A:
561 2642 663 2669 inanis
681 2643 796 2678 glorie.
903 2643 950 2670 26.
972 2642 1010 2669 B:
1038 2645 1072 2670 ut
1096 2642 1268 2669 hominibus
1283 2642 1410 2677 placeat
1433 2643 1529 2669 deest.

220 2675 264 2703 28.
286 2677 329 2703 A:
351 2679 380 2704 et
393 2684 455 2711 per
473 2677 557 2704 illum
577 2677 671 2704 deest.
769 2675 807 2704 31.
828 2678 872 2704 A:
892 2680 963 2705 sunt
981 2677 1076 2704 deest.
1176 2675 1216 2705 35.
1237 2678 1282 2704 A:
1303 2677 1447 2712 quoniam
1466 2677 1528 2712 qui.

289 2782 319 2815 9.
335 2772 504 2813 Matth.V,
524 2772 572 2804 16.
651 2772 699 2805 16.
716 2773 791 2805 Gal.
807 2774 830 2813 I,
850 2784 906 2813 10;
921 2773 1048 2805 Psalm.
1065 2773 1134 2813 LII,
1150 2772 1180 2805 6.
1254 2783 1310 2805 20.
1328 2773 1453 2817 Gal.V,
1470 2772 1528 2813 263

220 2820 276 2859 VI,
302 2830 334 2860 4.
361 2820 383 2850 I.
411 2819 490 2850 Cor.
517 2820 555 2859 ΙΙ,
588 2819 635 2851 18.
733 2821 786 2852 32.
813 2820 930 2851 Matth.
958 2820 1012 2860 IX,
1038 2818 1067 2850 8.
1171 2820 1223 2861 34.
1252 2820 1326 2851 Gal.
1354 2820 1378 2860 1,
1406 2821 1459 2853 23.
