2003 3322
193 204 283 233 CAP.
305 198 417 252 XLV]
710 209 850 241 PRIMA
878 209 1003 242 PARS.

190 315 384 352 voluntati
433 315 608 352 auctoris
652 317 721 352 sed
766 317 928 364 quando
974 315 1226 352 declinarunt
1270 316 1435 353 heretici
1480 329 1502 353 a

192 372 432 410 rectitudine
484 373 650 410 affectus
695 374 951 410 declinarunt
1004 373 1130 409 eciam
1185 386 1206 410 a
1259 373 1501 410 rectitudine

190 430 428 468 intellectus.
475 433 565 467 Ideo
598 431 814 480 prorupcio
848 430 1116 467 hereticorum
1151 431 1190 467 in
1222 431 1339 468 istam
1373 431 1502 468 stulti-

189 489 292 526 ciam
317 497 374 525 est
396 488 554 537 signum
577 488 855 537 prenosticans
879 488 973 537 quia
995 497 1268 536 prorumpunt
1292 502 1314 526 a
1336 489 1501 526 veritate

157 547 240 583 5ad
270 547 383 584 vicia.

685 635 822 677 CAP.
856 636 1006 676 XLV.

246 732 359 768 Unde
406 731 499 780 quia
543 740 669 767 textus
714 731 788 767 iste
825 731 982 768 videtur
1023 731 1198 768 difficilis
1243 733 1292 767 ad
1338 744 1496 767 sensum

188 788 347 825 Domini
388 789 678 836 attingendum,
724 789 814 825 ideo
854 789 925 825 iste
964 798 1123 826 sanctus
1169 791 1308 826 doctor
1348 790 1497 825 Grecus

184 846 340 882 videtur
370 846 545 883 tribuere
577 846 676 883 alios
709 859 846 883 sensus
879 846 955 883 illi:
1002 848 1224 892 Possumus,
1266 847 1409 894 inquit,
1462 855 1497 883 et

132 905 235 940 10ibi
270 904 387 940 alium
428 905 598 941 invenire
637 905 818 941 colorem.
874 905 1083 953 Respectus
1128 905 1187 941 vel
1233 905 1495 941 consideracio

184 962 319 998 mentis
350 963 482 999 oculus
513 963 639 998 anime
672 970 739 1009 est,
773 962 950 998 voluntas
981 963 1144 998 alicuius
1170 962 1300 1011 operis
1316 963 1498 1011 faciendi

183 1027 219 1056 et
264 1032 420 1056 movens
459 1033 612 1056 manum
652 1021 704 1056 ad
746 1020 903 1069 aliquod
942 1032 1037 1069 opus
1093 1032 1229 1056 manus
1272 1020 1397 1056 anime
1441 1027 1496 1056 est

182 1078 391 1114 secundum
425 1090 467 1114 ea
500 1090 570 1126 que
602 1078 795 1122 diximus;
832 1085 872 1113 ut
908 1085 1002 1126 puta
1043 1085 1128 1114 erat
1161 1078 1301 1114 mulier
1332 1079 1494 1126 quedam

184 1135 369 1186 religiosa
404 1136 464 1171 vel
507 1136 621 1186 virgo
661 1136 721 1172 vel
758 1135 871 1171 vidua
882 1149 894 1181 ;
926 1136 1084 1185 respexi
1119 1142 1154 1172 et
1187 1136 1432 1172 consideravi
1462 1143 1497 1172 et

132 1192 288 1229 15dixi:
332 1194 461 1229 Debeo
495 1193 652 1229 visitare
683 1194 882 1229 mulierem
916 1193 1022 1229 illam
1057 1194 1222 1240 assidue,
1271 1201 1310 1229 ut
1341 1194 1375 1229 si
1404 1194 1495 1242 quid

184 1251 385 1301 religionis
416 1251 571 1301 ignoret
586 1251 696 1299 quasi
723 1251 862 1287 mulier
892 1251 1083 1287 instruam
1109 1264 1191 1288 eam
1213 1258 1248 1287 et
1271 1251 1494 1301 confirmem

183 1309 305 1357 ipsam
324 1309 360 1344 in
379 1309 461 1357 ipso
473 1309 675 1357 proposito
698 1309 793 1345 bono
816 1310 909 1345 eius.
934 1309 1066 1345 Bonus
1091 1316 1287 1358 respectus
1304 1316 1359 1345 est
1376 1309 1445 1345 iste
1463 1316 1498 1345 et

184 1367 324 1402 dexter
367 1366 510 1402 oculus.
557 1367 634 1402 Sed
678 1367 768 1401 dum
807 1367 960 1403 assidue
1006 1367 1115 1403 visito
1154 1379 1252 1413 eam,
1299 1366 1425 1402 decidi
1461 1367 1496 1402 in

184 1424 359 1472 laqueum
393 1424 577 1460 desiderii
605 1424 696 1460 eius.
743 1424 795 1460 Et
833 1424 897 1460 ille
927 1425 1047 1461 bonus
1086 1431 1282 1473 respectus
1325 1437 1431 1460 meus
1463 1431 1498 1460 et

126 1491 167 1512 20
184 1482 322 1517 dexter
345 1482 482 1530 sactus
515 1488 570 1517 est
602 1482 698 1517 mihi
727 1482 762 1517 in
795 1482 1037 1518 scandalum.
1077 1482 1182 1525 Quid
1213 1494 1312 1532 ergo
1346 1489 1497 1531 oportet

170 1539 298 1589 fieri?
344 1539 483 1575 Eicere
525 1540 640 1575 talem
685 1539 793 1575 illum
843 1547 1059 1589 respectum
1108 1540 1245 1576 bonum
1298 1540 1362 1588 qui
1405 1540 1499 1575 mihi

181 1604 443 1647 generaturus
474 1604 528 1633 est
560 1598 595 1633 in
629 1598 785 1633 malum.
819 1598 895 1633 Aut
916 1598 991 1633 sic:
1031 1597 1116 1633 Vidi
1136 1597 1353 1647 orphanam
1377 1609 1495 1646 quan-

184 1655 271 1690 dam
316 1662 351 1690 et
395 1655 499 1690 dixi:
550 1655 679 1691 Debeo
725 1655 831 1691 illam
880 1655 1054 1704 accipere
1098 1655 1134 1691 in
1174 1656 1287 1691 domo
1332 1667 1414 1691 mea
1460 1662 1495 1691 et

182 1713 361 1758 educare,
395 1713 514 1748 donec
546 1713 672 1749 veniat
702 1719 852 1762 tempus
891 1713 1066 1749 nubendi.
1121 1714 1224 1749 Vado
1270 1720 1305 1749 et
1343 1713 1427 1761 cepi
1463 1713 1498 1748 ei

126 1767 165 1800 25
181 1770 478 1806 subministrare
515 1782 585 1819 que
622 1771 838 1806 necessaria
870 1778 991 1807 erant.
1045 1771 1196 1806 Bonum
1230 1783 1326 1820 opus
1358 1771 1429 1806 hoc
1461 1777 1495 1806 et

182 1828 323 1864 dextra
356 1840 492 1864 manus
523 1835 578 1864 est
609 1829 700 1865 eius.
743 1829 820 1864 Sed
852 1830 941 1864 dum
975 1841 1091 1864 causa
1124 1828 1495 1864 subministracz'onis

182 1885 290 1922 video
322 1898 418 1933 eam,
452 1886 578 1922 decidi
607 1886 642 1922 in
676 1886 851 1934 laqueum
886 1886 1070 1922 desiderii
1101 1886 1193 1932 eius,
1222 1893 1257 1922 et
1280 1886 1378 1921 illud
1399 1898 1495 1935 opus

183 1946 320 1979 bonum
361 1956 485 1980 meum
519 1951 554 1979 et
593 1945 757 1980 dextera
790 1945 1060 1993 manusfacta
1100 1940 1160 1979 est·
1186 1944 1280 1979 mihi
1317 1944 1352 1979 in
1384 1955 1493 1980 scan-

183 2001 325 2037 dalum.
368 2001 434 2038 Vel
461 2002 532 2037 ita:
571 2002 746 2037 Videntes
779 2014 839 2038 me
863 2002 1109 2050 fiducialiter
1140 2013 1262 2052 agere
1293 2013 1377 2037 cum
1411 2001 1493 2050 ipsa

126 2057 168 2089 30
180 2059 437 2111 scandalizati
464 2066 552 2095 sunt
584 2059 771 2095 dicentes:
820 2059 923 2103 Quid
953 2059 1025 2095 sibi
1064 2059 1144 2095 vult
1177 2060 1247 2095 hoc
1279 2071 1361 2095 esse
1392 2059 1494 2107 quod

182 2117 251 2153 iste
280 2117 335 2153 sic
357 2117 621 2165 familiariter
653 2117 822 2166 loquitur
852 2129 936 2153 cum
972 2117 1136 2165 puella?
1185 2116 1348 2165 Oportet
1394 2128 1492 2166 ergo

176 2175 382 2225 precidere
404 2175 480 2211 tale
502 2186 597 2223 opus
618 2175 754 2210 bonum
784 2175 886 2223 quod
908 2175 967 2211 vel
995 2175 1091 2210 mihi
1112 2174 1172 2210 vel
1192 2173 1310 2210 alteri
1329 2181 1493 2224 generat

180 2232 427 2276 scandalum;
469 2245 556 2268 nam
601 2239 636 2268 et
674 2232 775 2280 quod
812 2233 929 2268 alteri
968 2239 1134 2282 generat
1177 2232 1334 2277 malum,
1378 2231 1495 2267 michi

179 2297 355 2340 generat,
400 2290 486 2338 quia
514 2302 589 2339 per
620 2302 679 2326 me
700 2291 856 2338 factum
896 2297 951 2325 est
989 2297 1029 2325 ut
1066 2290 1168 2325 alter
1206 2289 1494 2341 scandalizetur

125 2343 165 2376 35
182 2347 218 2383 in
241 2359 312 2383 me.
346 2347 399 2382 Et
421 2347 488 2383 hec
505 2347 788 2396 proposicionis
807 2348 947 2397 gracia
972 2348 1152 2383 diximus.
1195 2347 1333 2383 Verum
1364 2353 1489 2382 tamen

180 2405 421 2456 generaliter
452 2417 562 2441 omne
593 2405 730 2441 bonum
754 2405 855 2453 quod
875 2406 934 2441 vel
956 2416 1023 2441 nos
1046 2405 1106 2440 vel
1127 2404 1225 2440 alios
1248 2404 1492 2456 scandalizat

179 2463 382 2511 precidere
415 2463 594 2499 debemus
625 2475 646 2498 a
680 2463 798 2500 nobis.
845 2463 946 2498 Nam
980 2463 1091 2511 quale
1129 2469 1184 2498 est
1222 2462 1320 2497 illud
1351 2462 1489 2498 bonum

181 2532 232 2557 ex
263 2532 337 2569 quo
370 2521 544 2557 nascitur
575 2520 752 2556 malum?
802 2520 944 2556 Melius
987 2527 1043 2556 est
1080 2520 1178 2556 enim
1223 2527 1263 2555 ut
1300 2519 1380 2556 sine
1417 2532 1490 2556 uno

249 2673 277 2701 9.
299 2666 328 2693 A
347 2666 376 2693 in
398 2673 511 2700 marg.:
536 2665 749 2693 Crisostomus.
865 2673 903 2699 17.
925 2664 947 2692 B
963 2675 969 2692 :
987 2667 1034 2692 est
1054 2664 1149 2691 deest.
1265 2672 1306 2699 io.
1329 2665 1373 2691 A:
1395 2664 1491 2691 bonus

180 2700 282 2734 deest;
302 2701 343 2728 ib.
364 2701 409 2728 A:
430 2704 460 2727 et
478 2700 554 2727 after
573 2708 655 2727 meus
676 2699 770 2727 deest.
872 2700 919 2726 26.
941 2700 978 2727 B:
1007 2699 1072 2726 eius
1092 2699 1187 2726 deest.
1289 2698 1332 2726 33.
1354 2700 1398 2726 A:
1420 2706 1491 2725 nam

179 2739 208 2762 et
226 2751 258 2754 —
277 2735 524 2771 generat'deest.
595 2733 641 2762 38.
663 2734 700 2761 B:
722 2742 760 2762 ex
778 2742 848 2770 qua.

249 2817 282 2851 9.
310 2807 376 2850 Op.
404 2807 503 2850 Imp.‚
531 2806 552 2838 l.
579 2816 608 2838 c.
634 2816 666 2850 p.
693 2816 771 2850 799.

1312 2872 1344 2896 11

1714 206 1783 241 161

1530 740 1768 776 Interpretation

1576 776 1665 810 given
1687 776 1725 813 by

1542 810 1759 846 chrysostom.

1584 916 1659 943 Acts
1680 915 1709 942 in

1509 949 1695 977 themselves
1706 950 1786 985 good

1522 992 1591 1020 may
1614 985 1739 1012 become
1759 993 1775 1012 a

1578 1027 1669 1046 cause
1688 1019 1723 1047 of

1584 1053 1709 1081 offence.
