2003 3322
211 211 299 238 CAP.
321 202 433 256 xxv]
677 214 886 245 SECUNDA
914 214 1038 245 PARS.
1728 205 1805 251 337

211 327 370 356 mortem
403 321 472 356 sed
503 319 619 355 eciam
652 327 738 367 post
769 327 930 356 mortem
965 319 1080 355 vivat.
1114 318 1248 369 Magis
1279 326 1403 354 autem
1432 328 1521 367 post

210 385 371 413 mortem
417 390 528 426 quam
573 385 661 413 ante
703 385 880 423 mortem,
925 377 1103 425 quoniam
1143 384 1230 412 ante
1276 384 1438 413 mortem
1485 377 1520 412 in

210 435 462 484 temptacione
493 435 596 477 vivit,
625 443 714 483 post
751 443 926 481 mortem,
966 435 1001 470 in
1038 435 1183 484 gloria.
1231 432 1275 470 Si
1304 446 1401 484 ergo
1445 434 1521 469 illis

209 493 336 542 magis
372 493 427 528 sic
470 493 641 528 occurrit
679 504 771 541 quos
800 493 912 540 fecit,
951 500 991 527 ut
1033 493 1068 527 in
1101 499 1331 541 perpetuam
1377 492 1517 527 vivant.

176 551 291 586 §Hec
324 549 607 586 Crisostomus.

264 608 409 643 Multas
432 608 685 644 difficultates
710 607 920 644 includunt
943 608 1062 643 verba
1086 606 1198 642 istius
1221 606 1362 651 sancti,
1388 606 1518 653 primo
1577 613 1771 652 liifficultiebs:

208 667 413 712 quomodo
446 665 610 712 intelligi
651 667 766 702 dehet
805 666 853 700 ad
892 665 1048 701 literam
1091 665 1197 712 quod
1236 676 1353 699 nemo
1392 672 1520 711 potest
1561 653 1792 710 iaxslgomsaesrtxgrusg

208 723 363 758 duobus
393 723 565 759 dominis
597 723 754 759 servire.
790 725 837 758 Et
870 732 912 758 ut
945 722 1158 758 difficultas
1191 721 1238 757 sit
1273 718 1801 778 prompcior,{gifflfsfflgessssgisff

207 792 392 827 suppono
432 782 539 828 quod
576 782 696 816 verba
735 781 809 816 ista
854 780 1125 827 intelligantur
1163 779 1202 814 in
1247 792 1366 815 sensu
1413 792 1519 815 com-
1582 773 1748 820 *possibltz
1792 760 1810 788 y

155 851 192 871 10
207 837 356 885 posit03
396 839 446 874 ad
486 839 591 875 hunc
630 851 790 874 sensum
824 850 905 874 non
939 847 995 873 est
1026 836 1215 885 possibile
1248 838 1356 884 quod
1398 838 1519 873 homo

206 895 350 931 serviat
382 895 488 931 licite
521 897 675 932 duobus
708 895 894 941 dominis,
930 895 1022 943 quia
1057 903 1207 931 certum
1244 903 1300 930 est
1335 896 1394 940 (ut
1427 907 1520 930 con-

206 954 373 989 tendunt
405 952 555 1003 logici),
590 955 696 1002 quod
732 955 851 990 homo
885 962 1015 1001 potest
1049 952 1195 989 servire
1229 954 1312 988 Deo
1346 961 1382 988 et
1415 961 1517 988 tam-

205 1020 325 1058 quam
367 1011 560 1058 prescitus
593 1011 737 1048 servire
771 1011 943 1056 diabolo,
983 1010 1083 1046 sicut
1117 1011 1164 1046 de
1205 1009 1338 1045 multis
1371 1009 1518 1046 sanctis

205 1067 349 1115 legitur
381 1070 489 1116 quod
524 1070 626 1105 male
659 1070 708 1105 ad
741 1077 900 1116 tempus
933 1068 1153 1104 servierunt
1187 1067 1349 1103 diabolo

154 1128 189 1159 15
263 1125 467 1173 Similiter,
507 1126 599 1163 licet
637 1126 789 1163 homini
829 1126 975 1163 servire
1015 1125 1149 1161 multis
1196 1125 1384 1171 dominis,
1429 1138 1517 1161 cum

205 1184 279 1219 hoc
312 1192 447 1219 tamen
481 1186 589 1232 quod
621 1184 699 1220 sint
731 1183 993 1220 subalternati
1033 1192 1070 1219 et
1109 1182 1355 1219 constituant
1393 1196 1517 1218 unum

205 1241 428 1285 dominum,
474 1242 574 1278 sicut
619 1242 794 1290 contigit,
840 1243 1002 1290 quando
1036 1241 1195 1276 fuerunt
1241 1242 1320 1276 duo
1366 1252 1518 1277 cesares

205 1298 271 1346 qui
296 1298 593 1336 constituebant
617 1313 740 1336 unum
767 1301 1076 1348 gubernatorem
1102 1298 1279 1346 imperii;
1313 1299 1519 1346 quomodo

205 1368 298 1404 ergo
322 1358 464 1393 debent
487 1357 701 1394 succinicte
725 1357 890 1405 intelligi
913 1359 1032 1393 verba
1056 1355 1221 1393 Christi:
1247 1357 1369 1391 Nemo
1391 1363 1519 1405 potest

151 1427 190 1448 20
205 1414 351 1450 duobus
383 1415 754 1451 dominis'servire?
916 1405 921 1410 ⁸

262 1471 467 1517 Similiter,
500 1472 656 1508 videtur
689 1474 795 1521 quod
828 1485 966 1509 sensus
994 1471 1109 1508 huius
1140 1471 1249 1507 verbi
1272 1471 1375 1507 tollit
1398 1483 1518 1507 omne

204 1530 381 1565 seculare
399 1529 636 1577 dominium,
662 1531 755 1579 quia
774 1543 877 1578 pone
900 1531 1009 1578 quod
1032 1529 1081 1566 sit
1104 1528 1294 1565 secularis
1317 1528 1516 1574 dominus,

204 1595 363 1634 oportet
387 1596 680 1636 consequenter
703 1590 810 1636 quod
835 1588 885 1624 sit
907 1587 1051 1636 aliquis
1074 1599 1208 1623 servus
1236 1586 1332 1630 eius,
1366 1595 1403 1622 et
1427 1599 1516 1622 cum

202 1657 361 1680 necesse
405 1644 453 1681 sit
497 1647 623 1682 Deum
670 1655 708 1682 et
751 1646 955 1682 hominem
1005 1644 1195 1692 distingui
1234 1643 1274 1680 in
1315 1643 1519 1690 dominiis,

146 1705 185 1735 25
202 1701 358 1738 videtur
402 1701 441 1738 in
480 1715 596 1740 sensu
635 1703 861 1752 composito
908 1704 1015 1751 quod
1054 1702 1144 1738 licet
1176 1702 1323 1738 servire
1364 1702 1519 1737 duobus

203 1759 388 1796 dominis.

261 1817 335 1853 Hic
367 1818 466 1854 solet
505 1818 581 1854 dici
622 1819 892 1855 communiter
930 1819 1038 1866 quod
1076 1819 1240 1854 verbum
1276 1816 1424 1853 Christi
1457 1816 1516 1852 in·
1584 1821 1642 1850 We
1666 1826 1769 1863 must·

203 1875 394 1923 telligitur
426 1876 465 1911 in
495 1889 609 1912 sensu
645 1877 868 1925 composito
899 1878 946 1912 de
976 1875 1142 1912 servicio
1165 1875 1274 1911 licito
1298 1884 1335 1911 et
1358 1876 1514 1910 duobus
1538 1856 1801 1924 sutngggsshgtist

204 1933 375 1969 dominis
409 1934 662 1981 capitalibus,
697 1947 868 1982 quorum
902 1942 1042 1970 neuter
1074 1932 1361 1970 subordinatur
1383 1931 1511 1977 alteri,
1546 1925 1790 1987 llfffgflgugrggssscss

147 1991 304 2027 sosicut
348 2000 405 2027 est
449 1994 553 2028 Deus
598 2001 635 2028 et
686 1993 780 2029 false
818 1991 1062 2039 presumitur
1106 2003 1189 2027 esse
1227 1990 1431 2035 diabolus3
1477 1997 1514 2025 et
1575 1995 1659 2022 chief
1675 1995 1753 2022 iord.

202 2048 242 2085 in
264 2048 340 2085 isto
363 2051 538 2086 secundo
563 2051 743 2086 membro
766 2049 1001 2097 intelligitur
1016 2050 1287 2097 quodcunque
1302 2046 1512 2084 servicium

203 2108 309 2155 quod
343 2108 463 2143 homo
503 2107 622 2143 servit
654 2107 792 2143 illicite
833 2116 1032 2152 creature3
1077 2115 1114 2142 et
1154 2107 1201 2141 de
1240 2105 1308 2141 tali
1347 2104 1514 2141 servicio

203 2173 239 2200 et
273 2166 320 2200 de
352 2165 497 2201 talibus
532 2164 706 2201 dominis
738 2164 895 2200 videtur
919 2176 1002 2200 esse
1025 2164 1140 2200 facile
1162 2164 1327 2199 verbum
1352 2161 1512 2200 Christi.

203 2221 450 2258 Dimittendo
483 2232 617 2258 autern
651 2222 933 2258 dilatacionem
967 2221 1085 2257 huius
1111 2220 1289 2266 materie,
1321 2229 1431 2268 patet
1464 2220 1515 2256 ad

147 2281 186 2315 35
203 2279 374 2327 primam
421 2280 658 2316 instanciam
700 2281 807 2328 quod
848 2281 969 2316 homo
1007 2278 1143 2315 illicite
1183 2278 1302 2314 servit
1340 2278 1513 2322 diabolo,

204 2349 277 2373 nec
291 2346 455 2386 propter
477 2337 787 2374 immensitatem
806 2337 951 2373 Christi
970 2335 1137 2372 dominii
1153 2336 1351 2372 desineret
1370 2334 1516 2371 servire

205 2397 300 2439 Deo,
344 2395 435 2431 licet
480 2395 625 2431 desinit
673 2407 756 2432 esse
800 2396 927 2431 bonus
971 2407 1105 2430 servus
1150 2403 1187 2430 et
1238 2393 1377 2440 fidelis,
1423 2392 1516 2440 quia

204 2454 424 2489 secundum
458 2453 723 2501 Augustinum
758 2454 879 2489 homo
912 2452 1031 2488 servit
1064 2454 1147 2487 Deo
1180 2451 1375 2499 paciendo
1409 2451 1516 2498 quod

204 2511 320 2547 debet
353 2519 390 2547 et
429 2510 521 2547 facit
560 2512 777 2547 secundum
818 2510 889 2546 Dei
936 2509 1232 2557 beneplacitum
1273 2510 1323 2544 ad
1367 2507 1516 2556 pulcri-

143 2581 189 2611 40
203 2568 382 2605 tudinem
416 2568 602 2606 universi.

274 2735 298 2761 2,
320 2725 344 2754 3.
365 2728 409 2754 A:
431 2727 574 2762 quoniam
591 2741 619 2745 —
630 2729 702 2761 post
716 2728 844 2753 mortem
861 2725 953 2752 deest.
1025 2732 1055 2757 4.
1070 2724 1114 2750 A:
1136 2725 1325 2750 occurreret.
1400 2722 1428 2748 6.
1443 2722 1471 2748 A
1486 2721 1515 2748 in

206 2770 318 2796 marg:
335 2762 475 2789 Obieccio
489 2768 552 2796 322·
571 2761 612 2788 ib.
629 2763 656 2788 A
670 2761 699 2787 in
716 2767 830 2794 marga
851 2767 881 2786 α.
957 2758 995 2786 ι5.
1010 2760 1037 2786 Α
1055 2759 1083 2785 in
1101 2766 1214 2792 marg.:
1233 2758 1259 2784 b.
1334 2764 1373 2790 17.
1390 2756 1429 2783 B:
1446 2764 1516 2782 con—

205 2798 309 2833 trngit.
364 2804 403 2823 21.
424 2797 496 2823 Ain
520 2804 632 2830 marg:
655 2803 678 2822 c.
733 2802 778 2829 27.
799 2794 871 2821 Ain
889 2802 1002 2827 marg:
1024 2793 1193 2827 Responsio
1209 2798 1259 2827 3³⁶·
1314 2790 1360 2825 30,
1374 2789 1468 2818 31.A:
1491 2793 1519 2816 et

205 2833 234 2859 in
256 2833 347 2859 iusto.
420 2830 460 2858 35.
483 2833 510 2857 A
530 2832 559 2857 in
582 2838 694 2864 marg:
716 2837 747 2856 a.
819 2828 865 2856 36.
891 2828 1007 2855 Codd.:
1029 2828 1179 2854 desinere.

1334 2884 1374 2904 ‘³2
