2003 3322
179 250 259 283 400

253 1237 390 1274 Mystical

224 1273 368 1306 meaning
387 1272 422 1298 of

184 1308 288 1341 bread,
310 1308 364 1334 {ish
387 1307 446 1334 aud

287 1350 354 1376 Ogg.

897 240 1015 272 opus
1040 239 1376 272 EVANGELICUM
1561 227 1668 281 [CAP.
1689 236 1781 264 xrn.

470 347 563 395 quia
596 345 754 382 bonitas
788 354 825 382 et
857 345 1002 382 caritas
1036 345 1277 381 necessitant
1309 347 1358 381 ad
1382 345 1515 381 taliter
1538 343 1780 380 faciendum.

470 404 546 441 Ubi
580 413 637 440 est
671 416 764 451 ergo
805 403 958 439 minera
996 403 1187 439 bonitatis
1226 402 1473 448 huiusmodi,
1518 401 1628 438 dabit
1666 401 1783 449 digne

471 462 698 510 petentibus
732 461 911 497 meliora.
953 463 1001 497 Et
1040 461 1112 497 hec
1152 460 1261 497 racio
1295 473 1420 508 quare
1453 459 1636 496 Christus
1669 461 1784 495 docet

469 533 540 556 nos
585 530 718 568 petere
762 518 987 567 spiritualia
1034 528 1156 566 atque
1201 531 1358 566 magna,
1406 518 1500 566 quia
1544 530 1623 554 non
1672 519 1784 553 decet

471 581 598 614 Deum
640 577 900 625 magnificum
946 578 1041 613 dare
1086 576 1341 624 temporalia,
1388 588 1476 612 cum
1518 575 1785 611 communiter

469 637 600 672 forent
629 635 759 672 toxica
780 634 1012 683 postulanti,
1043 634 1144 670 sicut
1167 647 1248 670 non
1280 635 1393 670 decet
1417 646 1549 681 regem
1575 632 1783 681 copiosum

472 696 568 730 dare
586 695 852 742 quadrantem
877 694 927 729 ad
952 692 1142 728 miserum
1162 693 1432 728 relevandum.
1458 693 1506 728 Et
1525 691 1786 727 conformiter

471 754 575 788 Deus
615 752 682 787 dat
721 752 826 787 bona
863 749 1088 798 spiritualia
1127 750 1207 786 suis
1248 749 1447 794 fidelibus,
1493 758 1536 786 ut
1583 749 1700 785 fidem
1749 757 1785 784 et

471 810 633 846 virtutes
673 809 771 845 alias
810 818 1020 856 tamquam
1059 820 1205 856 panem
1245 817 1281 844 et
1321 807 1536 844 scienciam
1576 816 1784 854 tamquam

472 868 634 916 piscem.
662 868 762 903 Cum
781 866 886 902 enim
901 866 1062 902 sciencia
1087 866 1207 916 inflat,
1231 878 1311 902 non
1339 875 1395 901 est
1410 864 1546 901 virtuti
1563 864 1786 912 theologice

473 925 677 962 moraliter
709 933 916 973 coequata.
952 925 1082 960 Ovum
1115 932 1247 960 autem
1287 924 1338 960 ad
1359 922 1570 960 Trinitatis
1602 922 1787 959 similitu—

472 984 607 1020 dinem
651 982 782 1031 signat
827 981 1029 1018 racionem
1076 981 1168 1018 fidei
1221 994 1341 1030 quam
1388 983 1492 1017 Deus
1545 981 1787 1029 quandoque

472 1041 651 1090 graciose
673 1040 893 1077 viatoribus
916 1040 996 1076 suis
1019 1040 1161 1087 donat3
1186 1049 1222 1075 et
1246 1040 1320 1075 ista
1342 1040 1561 1075 secundum
1586 1038 1788 1075 racionem

473 1099 625 1136 variam
659 1098 793 1135 vocari
829 1107 960 1146 potest
993 1110 1099 1146 aqua
1131 1097 1351 1145 sapiencie;
1391 1106 1429 1132 et
1460 1105 1571 1145 patet
1603 1096 1643 1132 in
1675 1105 1789 1144 parte

473 1158 679 1207 quomodo
713 1159 819 1193 Deus
851 1155 981 1204 pascit
1012 1155 1277 1204 spiritualiter
1308 1155 1491 1192 viatores.

532 1215 730 1252 Catholici
753 1223 887 1251 autem
912 1213 1140 1262 intelligunt
1164 1227 1235 1261 per
1258 1225 1416 1261 panem,
1439 1213 1590 1261 piscem
1617 1220 1653 1247 et
1670 1224 1786 1247 ovum

473 1273 713 1309 Trinitatem
761 1272 982 1309 increatam
1030 1281 1066 1308 et
1112 1284 1183 1320 per
1233 1271 1422 1319 lapidem,
1475 1278 1698 1318 serpentem
1754 1277 1790 1305 et

474 1331 727 1379 scorpionem
766 1339 846 1367 tres
885 1329 1083 1366 maneries
1122 1329 1277 1377 peccati
1318 1330 1379 1365 vel
1418 1327 1583 1376 maligni
1628 1326 1789 1375 spiritus

476 1389 700 1426 contrarias
743 1388 947 1434 Trinitati,
993 1388 1048 1424 ita
1092 1390 1199 1435 quod
1239 1400 1309 1434 per
1356 1399 1500 1435 panem
1546 1385 1792 1432 intelligatur

476 1450 581 1484 Deus
621 1456 735 1495 pater
767 1447 826 1482 vel
861 1446 943 1483 eius
983 1446 1165 1494 graciosa
1206 1444 1369 1488 noticia,
1409 1444 1504 1492 quia
1543 1443 1644 1479 sicut
1677 1442 1791 1490 panis

477 1515 535 1542 est
566 1506 873 1542 fundamentum
915 1504 1133 1540 cibacionis
1167 1502 1354 1549 hominis,
1396 1502 1452 1538 sic
1485 1501 1609 1550 patris
1643 1500 1792 1537 noticia

478 1573 535 1600 est
585 1563 698 1611 origo
747 1562 875 1599 tocius
921 1564 1098 1598 humane
1140 1561 1301 1598 noticie.
1359 1560 1477 1608 Lapis
1522 1568 1654 1595 autem
1701 1558 1792 1594 huic

478 1621 571 1670 pani
610 1620 821 1669 oppositus
861 1628 918 1656 est
956 1619 1170 1656 infidelitas
1200 1616 1203 1671 Ι
1234 1631 1383 1666 negans
1422 1627 1576 1666 patrem
1619 1629 1701 1653 esse
1735 1616 1792 1652 in-

478 1679 655 1727 genitum
689 1679 749 1715 vel
783 1678 1026 1726 prolificum,
1059 1678 1120 1713 vel
1144 1677 1326 1713 diabolus
1350 1676 1523 1712 excitans
1547 1683 1792 1723 peccatores,

479 1746 522 1773 ut
553 1737 593 1773 in
625 1737 700 1773 ista
733 1735 859 1772 heresi
893 1735 1142 1772 indurentur.
1178 1737 1251 1771 Per
1279 1734 1429 1782 piscem
1461 1742 1594 1770 autem
1628 1732 1792 1780 quidam
1838 1739 1845 1742 ”

480 1795 708 1842 intelligunt
751 1795 968 1830 secundam
1008 1806 1223 1841 personam
1263 1804 1340 1840 que
1382 1801 1438 1828 est
1476 1790 1682 1839 sapiencia
1723 1789 1793 1825 Dei

482 1852 621 1901 patris,
652 1852 746 1901 quia
769 1865 873 1900 aqua
896 1851 937 1887 in
961 1864 1039 1900 qua
1062 1851 1190 1898 pisces
1221 1852 1370 1898 degunt
1394 1849 1524 1897 signat
1547 1847 1792 1896 sapienciam

482 1911 521 1947 in
559 1911 776 1958 scriptura3
817 1919 854 1946 et
894 1909 961 1945 ille
999 1921 1162 1957 serpens
1203 1908 1294 1944 huic
1333 1907 1431 1956 pisci
1472 1905 1698 1943 contrarius
1739 1914 1795 1941 est

480 1969 565 2017 ipse
604 1970 792 2005 sathanas
831 1968 891 2003 vel
930 1967 1145 2003 infidelitas
1184 1968 1234 2003 ad
1273 1979 1393 2014 quam
1436 1973 1619 2013 temptat.
1665 1965 1793 1999 Ovum

480 2036 614 2063 autem
648 2026 894 2074 intelligatur
927 2037 1099 2073 persona
1132 2024 1255 2061 tercia
1288 2036 1364 2072 que
1397 2023 1617 2059 trinitatem
1652 2034 1722 2069 per
1755 2033 1794 2057 se
1813 2029 1827 2039 ''

480 2095 519 2121 et
551 2083 1014 2121 incommensurabiliter
1046 2092 1236 2131 coequat;
1277 2091 1313 2118 et
1346 2093 1417 2129 per
1449 2080 1701 2128 scorpionem
1738 2078 1795 2114 in-

480 2142 670 2190 telligitur
704 2143 856 2178 Sathan
894 2141 1052 2177 invidus
1084 2141 1144 2177 vel
1182 2153 1253 2177 sua
1292 2139 1451 2177 invidia.
1496 2139 1668 2184 Quando
1702 2149 1794 2184 ergo

483 2201 609 2237 fidelis
662 2200 762 2249 petit
811 2199 1069 2235 influenciam
1114 2199 1174 2235 vel
1218 2198 1394 2246 graciam
1440 2196 1608 2233 alicuius
1653 2197 1794 2231 harum

482 2259 602 2295 trium
637 2270 914 2306 personarum,
948 2257 1046 2305 petit
1069 2266 1105 2293 et
1135 2256 1418 2304 operacionem
1445 2253 1669 2300 cuiuslibet,
1702 2252 1796 2300 quia

483 2316 765 2365 inseparabilia
809 2324 900 2352 sunt
944 2328 1067 2363 opera
1105 2314 1326 2352 Trinitatis.
1381 2315 1484 2348 Deus
1529 2320 1662 2348 autem
1715 2323 1794 2346 non
1838 2317 1851 2347 ὅ

482 2384 614 2423 potest
636 2375 699 2422 pie
723 2373 873 2422 petenti
898 2373 973 2409 ista
1006 2373 1082 2409 tria
1117 2372 1221 2408 mala
1254 2371 1472 2419 porrigere.
1508 2370 1627 2415 Quod
1659 2377 1792 2404 autem

483 2433 649 2481 quidam
684 2445 754 2480 per
786 2444 905 2468 ovum
939 2430 1167 2478 intelligunt
1201 2429 1405 2466 Christum
1436 2440 1571 2464 verum
1597 2429 1724 2463 Deum
1759 2436 1795 2461 et

485 2490 706 2534 hominem,
752 2502 832 2526 non
876 2489 1010 2525 obviat
1049 2488 1132 2524 istis
1167 2487 1293 2523 dictis.
1341 2486 1464 2531 Sicut,
1509 2484 1711 2533 inquiunt,
1756 2483 1794 2518 in

484 2562 559 2585 ovo
604 2557 695 2584 sunt
740 2557 819 2583 tres
864 2546 1106 2592 substancie,
1155 2545 1304 2582 scilicet
1349 2553 1465 2589 testa,
1518 2543 1705 2579 albumen
1758 2549 1795 2576 et

1810 883 1846 902 10

1811 1161 1847 1192 15

1809 1461 1850 1481 20

1813 2039 1853 2060 :³0

1813 2317 1828 2349 00

484 2607 652 2651 vitellus,
687 2605 806 2642 sicin
828 2607 918 2641 Jesu
943 2604 1104 2641 Christo
1137 2612 1227 2639 sunt
1259 2612 1337 2639 tres
1370 2601 1610 2646 substancie,
1646 2599 1796 2635 scilicet
1810 2615 1855 2646 40

486 2674 631 2700 natura
663 2676 734 2699 sua
767 2676 959 2711 corporea
999 2672 1206 2710 tamquam
1240 2670 1354 2707 testa,
1396 2672 1488 2695 suus
1522 2655 1796 2705 impeccabilis

556 2796 597 2825 33.
619 2799 663 2824 A:
686 2796 800 2825 fideles.
874 2805 916 2829 4¹-
938 2797 981 2823 A:
1003 2794 1207 2830 impietabihk.

562 2868 609 2887 10.
638 2858 658 2887 Ι.
687 2857 766 2888 Cor.
794 2857 880 2894 VIII,
914 2867 937 2886 1.
