2003 3322
171 234 245 271 180

164 833 189 860 It
210 833 235 860 is
261 833 389 860 difficult
409 837 439 860 to

250 868 355 896 follow

187 903 361 938 Augustine
381 903 411 930 in

182 938 229 965 his
250 939 419 965 allowance

223 973 257 1000 of
274 975 374 1000 oaths.

218 1288 262 1317 St.
283 1289 349 1317 Jam
355 1297 386 1316 es

186 1324 306 1352 forbids
326 1324 416 1351 oaths

218 1360 394 1395 altogether.

189 1463 249 1492 We
270 1472 340 1503 may
360 1468 413 1491 not

173 1503 301 1526 commit
320 1507 394 1526 even
417 1507 433 1526 a

225 1533 312 1561 small
335 1534 381 1561 sin

213 1569 344 1596 because
364 1568 398 1596 of

226 1603 382 1631 another's

211 1638 405 1675 incredulity.

196 1870 250 1898 Yet
270 1879 315 1898 we
337 1878 407 1906 may

198 1914 334 1941 suppose
353 1906 418 1932 that

227 1940 315 1967 oaths
337 1948 387 1967 are

185 1975 314 2003 allowed
336 1975 423 2002 when

191 2011 239 2037 the
260 2014 367 2037 nature
387 2011 421 2037 of

176 2045 226 2072 the
247 2045 431 2080 bystanders

178 2080 320 2115 requires.
335 2079 429 2106 them.

869 236 987 269 opus
1012 236 1348 269 EVANGELICUM
1530 222 1637 277 [CAP.
1659 231 1767 261 xmx.

454 342 550 391 quia
596 342 864 379 communiter
903 342 977 379 ista
1015 343 1136 379 verba
1174 341 1303 378 fidelis
1342 341 1398 378 sic
1436 341 1642 388 intelligit:
1687 354 1768 378 non

455 410 513 437 est
565 400 754 449 possibile
801 412 1047 449 quemquam
1099 399 1214 436 fratri
1254 412 1325 436 suo
1363 399 1554 442 vocaliter
1591 412 1768 437 asserere

453 458 530 495 nisi
563 459 623 495 vel
656 458 972 495 affirmacionem
1007 457 1069 495 vel
1106 457 1391 506 negacionem3
1430 457 1461 494 si
1495 467 1628 494 autem
1663 457 1769 494 affir-

456 516 696 562 macionem,
730 525 824 553 tunc
856 516 1037 553 Christus
1081 517 1148 552 dat
1182 517 1285 553 hanc
1318 517 1498 564 regulam
1527 517 1634 564 quod
1667 515 1770 552 sicut

455 574 682 612 affirmacio
716 583 773 611 est
806 574 847 610 in
880 583 1027 621 mente,
1062 573 1119 611 sic
1152 573 1377 611 affirmacio
1410 573 1460 610 sit
1490 573 1531 610 in
1552 585 1662 619 voce,
1696 574 1802 611 nec5

455 633 504 669 sit
537 632 753 681 duplicitas
785 632 826 669 in
858 633 1075 681 loquendo.
1124 632 1172 668 Et
1205 633 1255 669 ad
1299 633 1374 668 hoc
1405 632 1510 669 valet
1543 631 1769 680 geminacio

454 690 569 727 istius
601 690 712 727 verbi
744 691 817 727 Est
849 698 918 738 est,
952 699 990 727 et
1023 690 1286 727 conformiter
1316 691 1480 739 quando
1512 689 1680 738 negacio
1712 698 1770 726 est

455 757 620 786 asserta.

510 806 681 843 Videtur
715 819 808 854 ergo
841 806 1004 843 difficile
1038 807 1146 855 quod
1175 806 1358 843 Christus
1392 805 1455 843 hic
1487 805 1657 843 asseruit
1688 818 1770 842 non

454 866 543 914 plus
577 877 697 914 quam
732 864 964 901 huiusmodi
997 864 1283 911 iuramentum,
1330 864 1481 901 scilicet
1520 865 1630 913 quod
1662 863 1829 901 invo-1o

456 924 607 960 candus
654 931 711 960 est
756 925 862 959 Deus
905 922 945 959 in
989 930 1133 959 testem
1178 931 1343 971 propter
1386 921 1665 959 infirmitatem
1710 922 1771 959 vel

454 990 665 1030 peccatum
700 980 956 1017 audiencium
982 982 1091 1029 quod
1113 980 1220 1017 istud
1242 981 1352 1029 quod
1386 993 1521 1018 assero
1545 980 1595 1017 sit
1615 992 1770 1027 verum,

455 1039 582 1076 immo
614 1039 773 1075 videtur
812 1038 947 1075 multis
986 1038 1109 1076 cicius
1150 1040 1372 1076 concedere
1413 1039 1523 1087 quod
1555 1038 1771 1087 Apostolus

455 1097 495 1134 in
526 1096 656 1134 verbis
690 1096 771 1133 suis
805 1096 985 1145 peccavit
1018 1105 1055 1133 et
1088 1105 1255 1145 propter
1287 1096 1564 1134 infirmitatem
1600 1096 1772 1133 circum-

455 1155 653 1192 stancium
689 1155 793 1191 male
824 1154 933 1201 dixit,
974 1154 1030 1192 ita
1063 1155 1170 1203 quod
1203 1154 1244 1191 in
1275 1155 1360 1203 lege
1399 1153 1628 1203 evangelica
1666 1154 1828 1191 iura-15

457 1222 636 1250 mentum
672 1214 780 1261 quod
813 1213 853 1249 in
885 1213 971 1261 lege
1004 1212 1127 1250 veteri
1159 1212 1233 1249 fuit
1265 1213 1420 1250 licitum
1450 1212 1500 1249 sit
1529 1212 1771 1249 restrictum.

457 1274 504 1308 Et
538 1271 613 1308 ista
645 1271 802 1308 videtur
834 1271 1038 1308 sentencia
1059 1270 1198 1308 Jacobi
1220 1272 1288 1318 VO,
1314 1284 1401 1320 cap.
1441 1284 1479 1307 1:
1514 1271 1612 1307 Ante
1644 1271 1772 1307 omnia

447 1330 608 1379 fratres
630 1329 705 1366 mei
726 1329 842 1366 nolite
863 1329 998 1366 iurare
1020 1341 1138 1379 neque
1154 1341 1230 1379 per
1252 1330 1375 1366 celum
1399 1341 1601 1379 nequeper
1624 1336 1772 1365 terram

458 1400 576 1437 neque
600 1400 676 1438 per
697 1388 806 1423 aliud
828 1388 1093 1437 quodcumque
1114 1387 1399 1433 atramentum,-
1420 1388 1469 1424 sit
1490 1394 1617 1424 autem
1644 1399 1773 1424 sermo

457 1454 584 1483 vester
598 1446 671 1483 Est
693 1452 760 1492 est,
778 1441 782 1499 1
800 1458 873 1482 non
896 1458 984 1493 non,
1009 1452 1049 1481 ut
1066 1457 1139 1482 non
1157 1446 1225 1482 sub
1244 1446 1368 1482 iudice
1386 1445 1584 1482 decidatis.
1604 1444 1774 1482 Videtur
1819 1446 1898 1488 ’373ο

456 1513 591 1541 autem
625 1503 788 1541 difficile
820 1503 1025 1552 assignare
1058 1505 1222 1541 verbum
1256 1503 1312 1540 illi
1351 1503 1656 1552 superadditum
1695 1502 1771 1540 nisi

456 1562 506 1599 sit
537 1562 788 1611 superfluum
813 1563 881 1598 sed
904 1570 1069 1610 propter
1090 1561 1224 1598 fratris
1249 1561 1451 1599 maliciam
1473 1562 1535 1599 vel
1557 1560 1772 1598 increduli·

456 1629 580 1657 tatem
615 1620 741 1657 eciam
777 1633 859 1656 non
891 1620 1031 1657 leviter
1064 1628 1121 1656 est
1145 1621 1410 1668 peccandum.
1444 1622 1487 1656 In
1518 1620 1603 1668 lege
1635 1627 1770 1656 autem

455 1678 580 1716 veteri
626 1691 719 1727 sepe
763 1686 930 1727 propter
972 1677 1230 1726 fragilitatem
1285 1677 1462 1714 hominis
1513 1679 1770 1726 peccabatur,

456 1738 524 1773 sed
549 1736 732 1773 Christus
756 1736 796 1773 in
819 1735 1028 1785 proposito
1050 1736 1207 1772 videtur
1237 1737 1332 1773 dare
1357 1735 1583 1773 doctrinam
1618 1735 1772 1784 simpli·
1787 1737 1827 1769 25

459 1795 558 1831 citer
592 1807 641 1831 ne
673 1804 876 1843 peccetur.

517 1854 596 1889 Sed
628 1852 836 1891 videamus
870 1852 967 1901 quid
1000 1851 1067 1888 alii
1099 1853 1284 1888 doctores
1324 1851 1388 1888 hic
1427 1860 1623 1899 asserunt,
1662 1860 1772 1888 ante-

458 1923 578 1959 quam
599 1910 816 1959 quicquam
841 1919 993 1947 temere
1017 1910 1291 1946 terminemus.
1315 1909 1482 1947 Videtur
1505 1909 1611 1946 enim
1635 1909 1772 1946 multis

458 1970 567 2018 quod
600 1969 665 2005 ille
699 1968 748 2005 sit
780 1969 924 2005 modus
957 1967 1158 2004 hereticus
1191 1967 1365 2004 diffinire
1397 1969 1505 2017 quod
1539 1967 1684 2016 aliquis
1723 1967 1773 2004 sit

457 2039 594 2063 sensus
619 2026 795 2063 auctoris
817 2026 1028 2074 scripture,
1053 2038 1141 2062 cum
1167 2034 1303 2062 tamen
1318 2025 1417 2062 illud
1432 2025 1481 2062 sit
1500 2025 1770 2071 mendacium,
1789 2028 1831 2061 30

457 2084 547 2121 ideo
594 2085 700 2122 istud
748 2084 974 2133 periculum
1019 2093 1077 2120 est
1128 2085 1364 2121 cavendum.
1419 2083 1581 2120 Interim
1635 2092 1770 2121 autem

457 2142 614 2180 videtur
659 2156 748 2179 cum
787 2142 1005 2179 formidine
1045 2143 1304 2179 asserendum
1345 2143 1454 2190 quod
1487 2141 1669 2178 Christus
1709 2141 1772 2178 hic

459 2202 576 2238 docet
618 2213 756 2237 cavere
795 2200 1067 2237 iuramentum
1104 2201 1374 2249 quodcunque
1406 2199 1482 2236 nisi
1516 2208 1683 2249 propter
1715 2200 1773 2236 in-

458 2259 692 2295 firmitatem
727 2257 1083 2295 circumstancium
1123 2257 1394 2294 necessarium
1433 2257 1483 2294 sit
1522 2257 1670 2304 iurare,
1716 2257 1772 2294 sic

458 2318 566 2366 quod
602 2329 763 2353 necesse
796 2325 853 2353 est
886 2317 1034 2353 addere
1068 2316 1193 2352 multa
1225 2316 1343 2364 longa
1366 2317 1486 2352 verba
1510 2328 1587 2364 que
1610 2315 1772 2352 aliunde
1789 2315 1828 2349 35

459 2383 590 2412 essent
622 2375 838 2423 superflua,
872 2374 947 2410 nisi
970 2374 1072 2410 foret
1096 2373 1370 2410 discredencia
1394 2373 1772 2420 circumstancium

458 2431 549 2469 ideo
584 2432 679 2469 dicit
712 2432 963 2480 evangelium
997 2445 1079 2468 non
1101 2433 1210 2480 quod
1234 2432 1406 2480 amplius
1439 2440 1497 2468 est
1531 2432 1679 2468 malum
1716 2440 1773 2467 est

459 2492 527 2527 sed
560 2492 661 2540 quod
692 2491 860 2540 amplius
893 2497 949 2526 est
981 2503 1002 2526 α
1036 2491 1138 2526 malo
1172 2497 1237 2526 est.
1276 2491 1325 2525 Et
1358 2489 1453 2538 quia
1485 2489 1582 2526 talia
1605 2497 1773 2537 peccata

528 2658 554 2694 3,
575 2669 605 2693 4.
635 2660 680 2687 A:
713 2660 761 2688 vel
788 2660 988 2696 negacionem
1015 2660 1045 2687 si
1074 2663 1174 2686 nectem
1200 2657 1458 2696 affirmact‘onem.
1534 2657 1572 2686 13.
1602 2659 1646 2686 A:
1680 2657 1775 2685 cicius

460 2695 661 2722 concordare.
770 2695 811 2722 16.
833 2697 876 2722 A:
899 2695 930 2721 in
950 2695 1016 2722 vele
1034 2694 1141 2722 veteri.
1250 2702 1289 2729 ¹7-
1311 2695 1353 2721 A:
1376 2694 1431 2729 qui
1449 2694 1521 2720 ista.
1630 2700 1673 2728 27.
1694 2694 1724 2720 A
1742 2693 1773 2720 in

461 2737 574 2764 marg:
596 2738 620 2756 1.
692 2728 731 2757 31.
752 2730 780 2757 A
800 2729 830 2757 in
853 2737 967 2765 marg.:
989 2737 1017 2756 2.

536 2823 585 2854 17.
610 2813 729 2845 Jacob.
756 2814 796 2853 V,
830 2823 879 2844 12.
1000 2812 1053 2845 38.
1080 2812 1199 2844 Matth.
1227 2813 1267 2852 V,
1296 2813 1348 2854 37.
1375 2812 1495 2843 Recte:
1527 2811 1631 2850 Quod
1654 2814 1772 2842 autem

461 2859 512 2890 his
538 2859 777 2891 abundantius
803 2864 866 2897 est,
893 2869 915 2891 a
942 2859 1036 2891 malo
1063 2864 1124 2891 est.
1153 2858 1203 2890 Cf.
1232 2857 1345 2900 p.178,
1374 2858 1392 2889 l.
1423 2859 1452 2898 3,
1477 2867 1510 2898 4.
