2003 3322
227 476 293 504 The
314 475 421 502 devil's

254 512 349 538 house
369 510 404 537 of

215 546 348 580 idolatry
368 553 431 572 was

214 579 374 615 destroyed
397 580 435 615 by

270 615 385 641 Christ.

896 246 1013 279 opos
1039 245 1373 280 EVANGELICUM
1581 233 1686 291 [CAP.
1715 244 1793 274 mx.

476 362 747 404 consequenter
790 362 824 391 et
874 356 1054 392 cecidisse
1106 355 1285 392 dicuntur
1335 363 1514 405 quantum
1568 357 1619 393 ad
1655 365 1794 394 statum

475 426 584 449 suum
613 414 789 462 priorem
823 414 886 462 qui
915 422 1175 450 surrexerunt
1208 415 1243 449 in
1264 414 1362 464 fide.

534 472 586 507 Et
615 471 730 519 facta
771 479 825 507 est
877 473 988 507 ruina
1040 472 1119 508 eius
1157 485 1315 522 magna,
1369 472 1543 508 videlicet
1587 472 1727 524 ydolis
1759 473 1795 507 in

477 537 554 565 toto
607 530 748 565 mundo
802 530 1019 572 destructis,
1070 530 1278 566 mendaciis
1329 530 1365 565 in
1417 537 1495 566 tota
1541 538 1648 565 terra
1709 543 1795 566 con-

478 587 584 623 victis
628 587 903 635 erroribusque
957 588 1103 633 solutis,
1157 588 1243 635 quia
1296 595 1397 623 totus
1434 588 1599 623 mundus
1644 587 1828 624 diab0l05

477 645 624 689 cecidit,
681 645 836 681 Christo
894 653 1019 681 autem
1074 646 1262 681 surrexit.
1341 646 1403 681 Sic
1479 658 1576 695 ergo
1639 646 1793 681 domum

477 715 591 751 quam
643 703 783 738 stultus
835 703 1086 752 edificaverat
1137 715 1255 751 super
1306 716 1464 739 arenam
1520 714 1594 739 rex
1644 703 1796 752 sapiens

476 760 743 809 spiritualibus
805 761 926 796 armis
986 768 1208 797 sanctorum
1254 773 1412 797 suorum
1476 760 1682 806 destruxit,
1731 761 1794 796 do-

477 831 579 854 mum
619 826 745 854 autem
783 831 897 867 quam
935 818 1088 868 sapiens
1124 816 1302 855 Christus
1347 818 1539 868 edificavit
1577 830 1696 867 super
1727 830 1793 867 pe-

478 884 594 922 tram,
626 876 766 912 stultus
798 876 971 912 diabolus
1001 876 1217 924 fallacibus
1247 877 1490 926 argumentis
1528 876 1793 912 ministrorum
1814 890 1853 910 ιο

476 946 635 970 suorum
670 946 861 983 nunquam
890 942 1047 983 poterat
1080 934 1283 983 dissipare.
1336 934 1439 970 Huic
1477 946 1574 984 ergo
1613 934 1697 969 viro
1734 946 1794 970 sa-

473 992 594 1041 pienti
630 992 785 1028 Christo
824 992 961 1028 similis
993 999 1047 1028 est
1085 992 1318 1028 christianus
1356 992 1491 1037 omnis,
1545 992 1608 1040 qui
1644 992 1793 1041 edificat

478 1062 595 1099 super
623 1050 831 1085 Christum.
873 1050 950 1094 Qui
980 1050 1077 1085 enim
1108 1050 1217 1085 audit
1239 1050 1355 1085 verba
1385 1050 1532 1085 Christi
1552 1057 1587 1085 et
1608 1049 1713 1098 facit
1736 1062 1792 1095 ea,

479 1108 560 1157 ipse
592 1115 647 1143 est
677 1108 743 1157 qui
763 1119 803 1143 se
835 1108 987 1157 edificat
1017 1119 1135 1156 super
1163 1108 1374 1154 Christum,
1406 1107 1472 1156 qui
1501 1107 1653 1157 edificat
1685 1119 1725 1143 se
1758 1107 1793 1142 in

478 1165 780 1211 mansuetudine,
814 1165 966 1216 edificat
997 1177 1036 1201 se
1067 1177 1185 1214 super
1209 1173 1379 1214 petram,
1414 1165 1455 1200 id
1477 1173 1543 1211 est,
1583 1165 1792 1201 Christum.
1816 1166 1852 1198 15

485 1223 663 1259 Christus
695 1231 750 1259 est
782 1223 881 1259 enim
915 1223 1182 1259 mansuetudo.
1242 1224 1318 1267 Qui
1361 1222 1514 1272 edificat
1544 1235 1585 1259 se
1616 1223 1651 1258 in
1684 1223 1794 1259 casti-

479 1288 568 1324 tate,
602 1281 755 1330 edificat
786 1293 826 1317 se
857 1293 976 1330 supra
1004 1288 1175 1331 petram,
1222 1281 1261 1316 id
1293 1288 1361 1327 est,
1401 1281 1622 1325 Christum,·
1683 1280 1794 1316 Chri-

478 1346 559 1376 stus
602 1339 700 1375 enim
745 1346 801 1375 est
838 1341 1005 1377 castitaS.
1062 1339 1140 1382 Qui
1181 1338 1333 1389 edificat
1364 1351 1404 1375 se
1444 1339 1480 1374 in
1513 1337 1794 1384 misericordia,

480 1397 633 1447 edificat
683 1409 724 1433 se
773 1409 891 1446 super
917 1404 1086 1446 petram,
1141 1396 1181 1432 id
1226 1404 1293 1442 est,
1339 1397 1560 1441 Christum‚·
1616 1395 1795 1432 Christus

480 1463 535 1491 est
579 1455 677 1491 enim
740 1455 1023 1493 misericordia.
1078 1455 1131 1491 Et
1172 1455 1208 1490 in
1254 1467 1491 1504 quacumque
1534 1454 1658 1504 specie
1709 1453 1854 1489 boni20

480 1513 716 1562 edificaverit
747 1525 787 1549 se
825 1513 954 1560 homo,
1005 1525 1123 1562 super
1161 1520 1317 1562 petram
1366 1513 1562 1549 Christum
1595 1511 1796 1562 edificasse

482 1571 646 1618 videtur,
707 1571 793 1619 quia
846 1583 955 1607 omne
1006 1571 1144 1607 bonum
1196 1578 1252 1607 est
1289 1570 1477 1607 Christus.
1541 1569 1689 1606 Similis
1740 1576 1795 1605 est

480 1636 606 1665 autem
658 1628 828 1675 Christo,
875 1629 962 1677 quia
996 1629 1093 1664 sicut
1130 1628 1280 1664 Christi
1322 1628 1519 1664 ecclesiam
1575 1627 1792 1677 edificatam

480 1699 599 1736 supra
629 1694 785 1735 petram
820 1687 925 1722 nulla
958 1687 1178 1723 adversitas
1210 1687 1367 1721 diruere
1395 1692 1535 1735 potest,
1578 1686 1633 1722 sic
1676 1685 1791 1721 talem

481 1745 750 1791 christianum,
803 1745 866 1793 qui
914 1757 955 1780 se
999 1744 1237 1795 edificaverit
1280 1756 1399 1793 super
1443 1742 1642 1782 Christum
1687 1742 1793 1778 nulla
1811 1744 1850 1777 25

481 1803 701 1838 adversitas
747 1802 904 1838 diruere
943 1810 1083 1851 potest,
1136 1809 1176 1837 ut
1229 1802 1331 1838 dicat
1375 1814 1458 1838 cum
1498 1802 1643 1837 Paulo:
1699 1799 1795 1844 Quis

480 1860 677 1910 separabit
709 1872 777 1896 nos
809 1873 831 1896 a
864 1860 1055 1896 charitate
1082 1860 1259 1896 Christi?
1297 1859 1516 1895 Tribulacio
1539 1872 1586 1895 an
1611 1857 1793 1909 angustia

482 1926 550 1955 etc.
598 1918 723 1954 Stulto
768 1925 894 1954 autem
942 1918 1094 1954 diabolo
1137 1918 1276 1954 similis
1308 1925 1363 1954 est
1407 1917 1529 1953 omnis
1560 1916 1796 1953 christianus

481 1976 546 2025 qui
595 1988 635 2012 se
680 1976 832 2026 edificat
883 1988 1001 2025 super
1051 1988 1223 2013 arenam.
1278 1976 1405 2024 Super
1455 1987 1614 2011 arenam
1667 1981 1794 2010 autem

483 2033 638 2084 edificat
680 2046 732 2080 se,
795 2033 859 2082 qui
902 2034 1010 2069 audit
1054 2034 1170 2070 verba
1215 2033 1362 2069 Christi
1405 2040 1438 2069 et
1482 2045 1555 2069 non
1590 2032 1696 2082 facit
1740 2043 1795 2069 ea.
1813 2035 1855 2067 30

490 2092 612 2128 Verba
657 2092 756 2127 enim
806 2104 876 2140 que
919 2104 991 2128 non
1036 2099 1316 2128 convertuntur
1360 2092 1411 2126 ad
1444 2103 1539 2139 opus
1583 2102 1702 2126 arena
1741 2096 1797 2125 est

482 2150 681 2199 spargilis.

542 2208 649 2243 Sicut
700 2207 797 2243 enim
849 2219 980 2257 grana
1029 2220 1144 2243 arene
1188 2219 1261 2243 non
1313 2206 1539 2243 conveniunt
1591 2206 1626 2241 in
1680 2217 1795 2241 unum

484 2278 601 2313 neque
632 2265 821 2301 adherent
859 2266 911 2300 ad
943 2265 1115 2311 invicem,
1163 2266 1231 2301 sed
1273 2277 1427 2313 semper
1468 2271 1557 2300 sunt
1599 2270 1796 2312 separata,

483 2324 536 2359 sic
582 2324 700 2359 verba
753 2335 822 2371 que
865 2323 1078 2359 audiuntur
1122 2330 1157 2358 et
1190 2335 1261 2358 non
1301 2329 1579 2358 convertuntur
1611 2321 1648 2356 in
1681 2333 1794 2356 unam
1815 2323 1854 2355 35

484 2381 631 2417 iusticie
664 2393 831 2416 massam
861 2393 935 2430 per
974 2393 1069 2430 opus
1100 2388 1282 2429 separata
1315 2388 1402 2416 sunt
1425 2387 1467 2416 et
1502 2380 1690 2428 dispersa.
1745 2378 1797 2414 Et

484 2440 568 2474 ideo
618 2439 885 2474 assimilantur
948 2451 1078 2485 arene,
1146 2450 1218 2486 que
1262 2450 1452 2486 nunquam
1512 2438 1547 2472 in
1591 2436 1795 2485 semetipsa

484 2497 743 2547 coniungitur.
807 2497 921 2546 Ergo
979 2508 1097 2545 super
1153 2508 1312 2531 arenam
1373 2508 1413 2531 se
1470 2495 1622 2544 edificat
1674 2494 1796 2530 omnis

484 2555 728 2600 christianus,
780 2555 844 2602 qui
898 2566 949 2590 ex
1004 2554 1136 2590 auditu
1184 2554 1267 2589 solo
1321 2554 1526 2589 verborum
1582 2552 1708 2588 credit
1760 2551 1795 2586 in

554 2781 577 2808 3.
600 2782 638 2809 B:
662 2782 691 2808 in
714 2782 807 2809 deest.
883 2790 910 2817 ς).
933 2782 974 2807 A:
1002 2781 1123 2808 Christo
1146 2781 1239 2807 deest.
1316 2779 1351 2806 15.
1374 2780 1417 2806 A:
1439 2787 1471 2806 se
1491 2780 1585 2806 deest.

556 2853 608 2884 26.
636 2855 736 2884 Rom.
764 2854 820 2893 VI,
849 2854 900 2886 35.
