2003 3322
222 209 311 237 CAP.
333 200 387 255 v.]
697 211 909 243 SECUNDA
936 211 1063 243 PARS.

223 326 262 354 ut
284 318 486 354 lauderis?
519 318 552 354 O
573 318 705 354 insana
735 317 909 354 vanitas!
935 329 1016 354 esse
1038 317 1171 353 nolunt
1193 317 1295 365 quod
1318 317 1540 353 desiderant

221 388 427 426 apparere.
470 376 589 412 Amen
623 375 707 412 dico
741 376 845 412 vobis
872 382 1132 425 perceperunt
1165 375 1382 410 mercedem
1414 387 1536 411 suam.

227 434 488 483 Unusquisque
525 433 589 469 ubi
622 433 786 470 seminat
823 433 874 468 ibi
904 440 1029 479 metet,
1076 440 1110 468 et
1142 433 1244 481 quod
1273 432 1437 469 seminat
1469 433 1539 468 hoc

222 499 351 527 metat.
385 492 556 540 Propter
587 491 758 527 homines
791 499 918 536 orant7
954 503 1054 540 nonp
1078 497 1214 539 ropter
1236 491 1387 535 Deum‚·
1417 490 1472 526 sic
1504 497 1539 525 et

189 550 267 585 §ab
306 549 533 594 hominibus,
581 561 653 585 non
687 561 708 584 a
740 549 824 584 Deo
858 549 1094 593 laudantur;
1139 548 1378 584 mendaciter
1410 554 1537 593 orant,

221 619 306 643 cum
347 619 419 643 non
459 614 585 653 orant,
624 613 659 642 et
697 607 938 642 mendaciter
969 607 1183 641 laudantur
1226 618 1310 641 cum
1345 618 1418 641 non
1451 612 1540 641 sunt

221 665 447 711 laudabiles,
490 676 595 713 spem
644 676 803 700 vacuam
850 664 1051 714 religionis
1092 664 1257 699 vendunt
1301 671 1336 699 et
1382 663 1538 698 verbum

220 722 346 759 laudis
379 734 541 758 vacuum
576 729 715 759 emunt.
757 722 863 757 Sicut
895 721 1026 758 oracio
1060 722 1270 757 eorundem
1304 721 1430 756 Deum
1464 733 1537 756 non

221 781 398 826 delectat,
431 780 485 815 sic
517 792 583 815 nec
618 780 703 815 laus
735 780 929 815 hominum
963 779 1065 828 ipsos
1096 780 1284 823 adornat;
1313 779 1417 828 quod
1439 778 1536 814 enim

169 838 255 873 roin
283 838 398 874 verbo
420 837 587 886 positum
621 845 688 883 est,
719 838 866 872 tamdiu
897 844 953 873 est
980 837 1162 886 quamdiu
1195 836 1337 872 dicitur
1359 837 1540 880 verbum,-

219 908 303 931 cum
336 902 463 931 autem
484 895 642 944 finitum
665 895 796 943 fuerit
830 896 1001 941 verbum,
1023 895 1168 944 finitur
1200 902 1235 930 et
1267 895 1405 930 bonum
1439 894 1540 942 quod

214 953 384 1002 positum
419 961 504 989 erat
535 953 571 988 in
605 953 734 989 verbo.
770 954 853 989 Hec
886 952 1171 989 Crisostomus.

277 1013 326 1047 Et
358 1011 539 1059 sequitur
570 1010 610 1046 in
643 1019 768 1046 textu:
809 1011 863 1045 Tu
887 1017 1013 1046 autem
1038 1022 1122 1046 cum
1147 1010 1337 1056 oraveris,
1366 1010 1469 1045 intra
1501 1010 1536 1045 in

219 1069 431 1105 cubiculum
456 1076 561 1104 tuum
585 1076 619 1104 et
642 1069 773 1104 clauso
797 1068 893 1104 ostio
917 1080 987 1104 ora
1006 1076 1162 1117 patrem
1188 1075 1293 1103 tuum
1317 1067 1352 1102 in
1377 1068 1535 1103 abscon-

167 1127 311 1173 15aito‚
343 1134 379 1162 et
405 1134 522 1175 pater
553 1133 639 1162 tuus
660 1126 724 1175 qui
755 1127 857 1162 videt
889 1126 923 1161 in
957 1126 1180 1162 abscondito
1215 1126 1351 1161 reddet
1383 1125 1459 1163 tibi.

276 1185 403 1232 Super
447 1173 541 1232 quo·
565 1183 833 1231 Augustinus:
880 1184 962 1228 Que
1003 1191 1092 1219 sunt
1135 1184 1207 1219 ista
1252 1183 1425 1219 cubicula
1464 1183 1537 1219 nisi

217 1242 300 1291 ipsa
339 1242 459 1278 corda
497 1254 568 1291 qne
605 1242 723 1278 eciam
757 1242 793 1277 in
826 1242 983 1277 Psalmo
1016 1242 1239 1291 signantur,
1278 1241 1341 1276 ubi
1372 1241 1533 1277 dicitur:

224 1300 306 1344 Que
349 1300 473 1335 dicitis
517 1300 552 1335 in
601 1300 782 1336 cordibus
827 1300 966 1335 vestris
1010 1307 1045 1335 et
1091 1299 1126 1334 in
1171 1299 1356 1335 cubilibus
1394 1299 1532 1335 vestris

218 1357 550 1408 compungimini?
600 1358 652 1393 Et
691 1358 911 1393 claudentes
956 1358 1055 1393 ostia
1102 1364 1224 1400 orate,
1269 1357 1335 1403 ait,
1376 1364 1533 1406 patrem

162 1430 203 1450 20
219 1423 387 1451 vestrum
421 1416 457 1450 in
491 1416 653 1453 occulto.
687 1416 832 1451 Parum
865 1423 921 1451 est
952 1415 1101 1451 intrare
1123 1415 1309 1462 cubicula,
1341 1414 1375 1450 si
1396 1415 1533 1450 ostium

213 1481 347 1522 pateat
400 1473 702 1523 cogitacionibus
751 1473 994 1522 importunis,
1034 1485 1110 1522 per
1159 1473 1263 1522 quod
1309 1473 1446 1508 ostium
1491 1485 1534 1508 ea

218 1543 287 1579 que
309 1531 419 1579 foris
450 1539 538 1567 sunt
569 1531 744 1580 improbe
774 1543 815 1567 se
846 1531 1085 1581 immergunt
1117 1538 1153 1566 et
1185 1530 1371 1566 interiora
1402 1538 1536 1566 nostra

218 1596 400 1638 appetunt
432 1596 466 1625 et
497 1590 750 1637 confundunt.
783 1589 900 1625 Foris
932 1596 1059 1625 autem
1092 1600 1174 1625 esse
1206 1589 1376 1625 diximus
1409 1589 1536 1624 omnia

218 1647 448 1696 temporalia
488 1655 522 1682 et
561 1647 721 1682 visibilia
759 1659 831 1696 que
858 1659 932 1695 per
965 1647 1116 1693 ostium,
1161 1646 1200 1681 id
1232 1654 1299 1693 est,
1341 1659 1416 1696 per
1447 1658 1535 1682 car-

162 1708 201 1740 25
219 1705 343 1740 nalem
376 1717 527 1741 sensum
560 1705 596 1740 in
627 1705 885 1755 cogitaciones
908 1712 1063 1741 nostras
1081 1712 1288 1753 penetrant
1311 1711 1346 1740 et
1368 1705 1537 1751 irruunt,

219 1770 254 1798 et
292 1763 405 1798 turba
445 1763 644 1798 variorum
674 1764 992 1811 phantasmatum
1026 1762 1225 1798 orantibus
1258 1763 1471 1811 obstrepuit
1502 1770 1537 1798 et

219 1821 396 1869 irrepunt
428 1828 463 1855 et
486 1821 667 1869 fructum
702 1821 894 1857 oracionis
925 1821 1124 1869 auferunt.
1178 1820 1446 1856 Claudendum
1481 1828 1536 1856 est

220 1890 316 1928 ergo
351 1878 503 1925 ostium,
536 1879 575 1913 id
606 1886 672 1923 est,
708 1879 859 1915 carnali
888 1879 1018 1915 sensui
1039 1879 1308 1922 resistendum,
1341 1886 1381 1913 ut
1404 1878 1535 1914 oracio

218 1936 435 1985 spiritualis
465 1936 665 1986 dirigatur
691 1937 743 1971 ad
765 1936 960 1972 dominum
979 1944 1135 1985 patrem
1160 1944 1335 1972 nostrum
1359 1937 1534 1972 celestem

164 1998 205 2030 30
220 2001 256 2029 et
287 1994 466 2043 impetret
493 1994 672 2044 quodfit‚
706 2007 790 2030 cum
814 1994 956 2030 intimis
979 1995 1111 2030 cordis
1135 1994 1259 2030 nostri
1274 2006 1376 2043 pure
1398 2001 1537 2029 oratur

215 2059 332 2100 pater
362 2052 398 2087 in
431 2052 665 2088 abscondito.
700 2053 753 2088 Et
774 2060 903 2101 pater,
936 2052 1066 2101 inquit,
1101 2059 1239 2098 vester,
1272 2052 1336 2100 qui
1366 2052 1468 2087 videt
1500 2052 1535 2087 in

219 2109 456 2157 abscondito,
481 2110 618 2145 reddet
641 2110 756 2146 vobis.
791 2111 842 2145 Et
866 2111 937 2146 hoc
959 2110 1030 2145 tali
1050 2110 1225 2145 clausula
1249 2110 1534 2145 terminandum

209 2167 313 2215 fuit:
345 2180 418 2203 non
451 2167 548 2203 enim
582 2168 653 2203 hoc
686 2176 813 2203 monet
846 2181 942 2204 nunc
976 2175 1015 2203 ut
1047 2180 1215 2215 oremus,
1247 2168 1316 2203 sed
1344 2168 1535 2216 quomodo

221 2237 387 2271 oremus,
435 2237 552 2273 neque
595 2226 692 2261 enim
730 2226 908 2274 superius
955 2233 995 2261 ut
1029 2226 1231 2273 faciamus
1274 2226 1535 2268 elemosinam,

165 2284 288 2318 35sed
325 2295 396 2331 quo
435 2284 562 2319 animo
591 2283 808 2331 faciamus,
850 2284 1029 2332 quoniam
1071 2284 1117 2318 de
1155 2283 1274 2319 corde
1312 2284 1534 2319 mundando

215 2341 384 2390 precipit
420 2342 522 2390 quod
560 2353 632 2377 non
672 2342 832 2377 mundat
871 2341 943 2377 nisi
980 2354 1052 2376 una
1098 2348 1133 2376 et
1175 2341 1344 2389 simplex
1376 2341 1536 2377 intencio

221 2398 256 2433 in
301 2406 473 2434 eternam
520 2399 636 2434 vitam
680 2399 762 2435 solo
803 2412 981 2448 puroque
1025 2410 1160 2434 amore
1203 2399 1405 2447 sapiencie.
1452 2400 1536 2434 Hec

221 2456 480 2504 Augustinus,

294 2636 320 2664 8.
342 2637 385 2664 A:
408 2627 504 2664 Deum
525 2636 619 2664 deest.
705 2637 746 2664 16.
768 2638 796 2664 A
816 2637 846 2664 in
868 2645 982 2672 marga
1004 2637 1210 2672 Augustinus.
1294 2645 1332 2664 21.
1355 2637 1393 2664 B:
1416 2637 1536 2674 cogita-

219 2672 359 2699 sionibus
380 2671 474 2698 deest.
566 2671 607 2699 23.
630 2673 673 2699 A:
696 2680 761 2699 esse
782 2672 873 2699 deest.
972 2679 1016 2707 27.
1040 2672 1079 2699 B:
1101 2670 1262 2708 auferant.
1364 2671 1408 2706 37.
1430 2674 1474 2699 A:
1496 2673 1539 2699 ad

222 2705 388 2743 infernum.

298 2779 345 2811 13.
372 2777 491 2809 Matth.
518 2779 574 2819 VI,
601 2777 632 2810 6.
734 2777 782 2811 16.
811 2780 843 2811 S.
863 2779 1058 2821 Augustini,
1084 2779 1135 2810 De
1162 2788 1323 2810 sermone
1342 2779 1482 2810 Domini
1503 2779 1535 2809 in

225 2831 353 2864 monte,
381 2835 412 2866 p.
442 2835 516 2865 204.
619 2835 667 2868 19.
694 2825 821 2856 psalm.
848 2825 903 2865 IV,
933 2825 966 2864 5;
1001 2824 1118 2856 Matth.
1144 2826 1201 2865 Vt,
1227 2824 1257 2856 6.

1337 2884 1399 2925 17³*

1748 203 1827 250 259

1594 1191 1785 1224 Augustine:

1560 1225 1626 1253 The
1647 1227 1816 1254 ‘chamber'

1582 1261 1608 1287 is
1629 1261 1677 1288 the
1698 1261 1793 1294 heart,

1557 1295 1656 1322 which
1679 1300 1762 1323 must
1783 1296 1817 1323 be

1566 1330 1669 1357 closed
1692 1331 1811 1366 against

1582 1365 1792 1400 importunam

1610 1401 1768 1435 thoughts.
