2003 3322
181 214 270 242 CAP.
289 204 414 258 XLIV]
691 215 832 246 PRIMA
859 215 986 247 PARS.

182 322 251 358 tibi
293 329 333 357 ut
371 328 510 371 pereat
553 333 669 357 unum
717 322 981 357 membrorum
1021 328 1176 357 tuorum
1214 332 1328 369 quam
1374 328 1495 356 totum

181 392 324 428 corpus
354 386 461 414 tuum
495 385 557 415 eat
590 379 626 414 in
656 379 888 428 gehennam.
934 379 1010 415 Hic
1055 377 1214 414 videtur
1258 378 1494 426 magistrum

181 438 287 473 hunc
319 436 519 484 optimum
552 437 647 473 dare
680 436 909 472 doctrinam
942 449 1024 472 non
1057 436 1189 473 solum
1229 436 1277 472 de
1310 436 1496 472 actu‘vel

1713 207 1786 254 157

1581 385 1714 413 Christ's

1522 420 1664 455 teaching
1684 420 1780 448 refers

1511 458 1564 481 not
1584 455 1657 490 only
1676 459 1707 482 to
1731 463 1790 483 our

181 506 304 542 opere
336 495 405 530 sed
438 495 486 530 de
509 493 654 530 virtute
686 503 729 530 ut
753 494 940 542 potencia
972 493 1176 539 sensitiva,
1210 506 1304 530 nam
1327 493 1496 531 virtutes
1516 493 1580 516 acts
1602 489 1655 517 but
1673 494 1705 517 10
1724 497 1783 517 our

148 553 280 589 §tales
323 552 385 589 vel
431 551 616 600 potencie
661 560 752 587 sunt
792 552 918 600 magis
963 551 1199 588 abscondite
1238 564 1360 600 quam
1404 560 1497 588 sunt

181 618 305 646 actus,
339 611 454 646 Unde
485 609 752 657 Augustinus:
786 610 862 646 Hic
885 622 976 646 vero
1000 622 1145 660 magna
1167 621 1264 658 opus
1294 616 1351 646 est
1370 610 1496 658 sorti-

180 669 311 704 tudine
341 668 394 703 ad
425 668 598 703 membra
631 667 749 704 noxia
776 668 1050 717 prescidenda.
1093 667 1293 716 Quidquid
1314 667 1413 704 enim
1441 675 1497 703 est

181 727 283 774 quod
313 726 446 775 signat
478 725 625 772 oculus,
663 724 745 761 sine
776 725 891 761 dubio
923 726 1000 761 tale
1031 732 1087 762 est
1118 726 1221 774 quod
1253 725 1498 761 vehementer

181 784 373 834 diligitur.
419 783 526 819 Solet
563 783 662 818 enim
702 790 737 819 et
782 783 829 819 ab
874 783 928 819 eis
973 784 1038 832 qui
1075 783 1319 819 vehementer
1363 783 1496 819 volunt

1583 532 1717 559 powers.

1546 616 1748 651 Augustine's

1570 656 1736 679 comment.

125 856 164 876 10
180 841 405 890 exprimere
449 841 694 876 dileccionem
738 853 848 876 suam
900 841 952 876 ita
1000 841 1097 877 dici.-
1148 840 1285 891 Diligo
1332 853 1417 877 eum
1457 848 1497 876 ut
1511 848 1577 875 The
1598 856 1651 884 eye
1670 856 1716 875 we
1736 856 1787 876 are

179 899 330 935 oculum
364 911 488 935 meum
521 905 586 934 aut
619 898 738 934 eciam
757 898 850 947 plus
871 910 984 947 quam
1018 899 1170 935 oculum
1204 911 1343 935 meum.
1382 888 1527 941 Quodt

180 969 271 993 vero
303 957 477 993 additum
515 963 571 992 est
593 957 777 1002 (ἀραί-τεν),
797 957 912 1004 forte
944 957 996 992 ad
1027 956 1248 1007 augendam
1279 956 1355 992 vim
1378 956 1494 992 dilec-

179 1015 298 1050 cionis
330 1015 443 1051 valet.
495 1014 686 1057 Quamvis
724 1014 823 1050 enim
856 1014 909 1049 ad
941 1014 1147 1051 videndum
1181 1014 1247 1050 isti
1276 1014 1379 1050 oculi
1408 1026 1495 1050 cor-

174 1072 287 1121 poris
330 1072 588 1108 communiter
631 1072 896 1117 intendantur,
939 1072 1108 1121 amplius
1150 1079 1276 1108 tamen
1324 1072 1496 1108 homines

126 1134 162 1167 15
167 1130 395 1179 formidant
427 1130 610 1166 dextrum
644 1129 834 1167 amittere.
874 1129 922 1165 Ut
944 1130 1014 1166 iste
1035 1130 1084 1166 sit
1106 1142 1262 1166 sensus:
1297 1129 1496 1178 Quidquid

178 1188 277 1223 illud
315 1195 371 1225 est
408 1188 510 1236 quod
547 1188 599 1223 ita
639 1187 786 1237 diligis,
830 1194 871 1223 ut
902 1199 980 1236 pro
1013 1188 1157 1224 dextro
1190 1187 1300 1224 oculo
1339 1188 1493 1234 habeas,

177 1246 212 1281 si
239 1245 481 1298 scandalizat
513 1252 561 1292 te,
594 1245 634 1280 id
665 1252 731 1291 est,
764 1245 799 1281 si
828 1244 897 1280 tibi
916 1245 1187 1294 impedimento
1209 1253 1265 1282 est
1286 1245 1339 1281 ad
1361 1258 1493 1282 veram

178 1304 464 1351 beatitudinem,
497 1315 589 1340 erue
619 1303 717 1338 illud
749 1310 783 1338 et
810 1302 946 1351 proice
975 1303 1045 1339 abs
1075 1310 1123 1342 te.
1175 1303 1350 1352 Expedit
1396 1304 1493 1340 enim

176 1361 245 1396 tibi
275 1368 315 1396 ut
341 1368 479 1410 pereat
518 1373 633 1396 unum
672 1373 806 1397 eorum
846 1372 916 1409 que
953 1361 1006 1397 ita
1045 1360 1180 1411 diligis
1217 1369 1257 1396 ut
1294 1368 1490 1410 tamquam

121 1419 244 1455 20tibi
285 1419 387 1455 oculi
429 1419 645 1455 habeantur
689 1430 802 1467 quam
846 1425 967 1454 totum
1012 1430 1155 1468 corpus
1198 1425 1305 1454 tuum
1351 1426 1412 1455 eat
1457 1419 1493 1455 in

175 1477 404 1526 gehennam.

234 1535 311 1570 Sed
342 1535 428 1583 quia
459 1534 631 1583 sequitur
663 1534 710 1569 de
742 1546 856 1569 manu
887 1534 1050 1570 dextera
1072 1540 1108 1570 et
1128 1534 1309 1571 similiter
1331 1534 1495 1570 dicitur:

177 1592 219 1627 Si
260 1605 396 1629 manus
438 1599 503 1628 tua
548 1593 712 1628 dextera
760 1591 1001 1644 scandalizat
1043 1599 1092 1638 te,
1133 1592 1288 1628 abscide
1330 1604 1413 1628 eam
1459 1599 1494 1628 et

175 1650 307 1698 proice
337 1651 405 1686 abs
435 1657 494 1686 te:
536 1650 693 1699 expedit
731 1650 827 1685 enim
867 1649 935 1685 tibi
970 1656 1009 1685 ut
1043 1657 1181 1698 pereat
1219 1662 1334 1686 unum
1375 1662 1492 1686 mem-

121 1713 159 1744 25
176 1708 337 1744 brorum
361 1715 516 1744 tuorum
541 1720 653 1756 quam
676 1714 796 1743 totum
821 1719 963 1756 corpus
984 1714 1090 1743 tuum
1114 1714 1176 1743 eat
1198 1707 1235 1743 in
1251 1708 1494 1758 gehennam:

177 1766 282 1816 cogit
319 1778 481 1815 querere
525 1765 755 1815 diligencius
797 1765 888 1814 quid
930 1765 1082 1801 oculum
1128 1765 1286 1801 dixerit.
1339 1766 1381 1801 In
1421 1778 1493 1814 qua

176 1824 369 1871 questione
400 1824 495 1859 nihil
526 1823 620 1859 mihi
649 1823 823 1859 occurrit
853 1823 1136 1872 congruencius
1174 1834 1286 1871 quam
1326 1824 1492 1859 amicum

177 1881 478 1917 dilectissimum.
526 1881 626 1916 Nam
660 1882 731 1917 hoc
762 1888 818 1916 est
851 1880 977 1929 utique
1009 1881 1110 1929 quod
1142 1881 1356 1917 membrum
1391 1888 1495 1917 recte

171 1950 378 1987 possumus
409 1939 611 1989 appellare
642 1939 743 1987 quod
776 1939 1020 1974 vehementer
1052 1938 1276 1988 diligimus,·
1321 1945 1356 1975 et
1394 1939 1493 1975 hunc

120 2003 162 2035 30
176 1997 453 2040 consiliarium,
501 1997 587 2046 quia
626 1997 760 2033 oculus
799 2003 854 2032 est
885 2003 1080 2045 tamquam
1115 1997 1388 2033 demonstrans
1420 1997 1494 2033 iter

175 2061 210 2089 et
242 2054 277 2090 in
311 2056 425 2091 rebus
456 2055 595 2090 divinis
626 2054 712 2103 quia
746 2055 888 2090 dexter
919 2061 985 2100 est,
1020 2061 1060 2089 ut
1080 2054 1238 2090 sinister
1258 2054 1307 2090 sit
1330 2055 1492 2091 dilectus

175 2112 325 2160 quidem
358 2112 614 2156 consiliarius,
647 2113 716 2148 sed
746 2112 782 2147 in
816 2112 930 2148 rebus
960 2112 1128 2148 terrenis
1155 2112 1208 2147 ad
1229 2112 1490 2148 necessitatem

174 2170 353 2219 corporis
379 2170 672 2220 pertinentibus,
720 2170 766 2205 de
803 2181 875 2218 quo
913 2169 1205 2220 scandalizante
1249 2169 1490 2220 superfluum

174 2235 260 2263 erat
297 2228 437 2275 dicere,
482 2227 791 2276 quandoquidem
831 2239 898 2263 nec
936 2228 1100 2263 dextero
1140 2228 1383 2276 parcendum
1427 2228 1490 2264 sit.

119 2291 157 2324 35
174 2285 216 2320 In
249 2286 363 2322 rebus
394 2293 520 2322 autem
561 2285 699 2321 divinis
737 2285 982 2321 consiliarius
1020 2285 1309 2336 scandalizatus
1347 2292 1415 2332 est,
1458 2286 1494 2321 si

173 2342 209 2378 in
253 2343 420 2392 aliquam
466 2343 725 2393 perniciosam
780 2343 944 2379 heresim
1000 2343 1152 2378 nomine
1202 2343 1405 2394 religionis
1456 2350 1492 2379 et

175 2401 348 2437 doctrine
398 2409 562 2437 conatur
612 2401 806 2437 inducere.
868 2401 998 2451 Igitur
1049 2408 1084 2436 et
1136 2412 1272 2437 manus
1324 2401 1489 2437 dextera

173 2459 387 2507 accipiatur
419 2460 580 2495 dilectus
611 2459 769 2494 adiutor
800 2465 834 2494 et
867 2458 1042 2494 minister
1067 2458 1104 2493 in
1133 2458 1272 2494 divinis
1295 2459 1487 2508 operibus.

173 2516 275 2551 Nam
293 2517 614 2565 quemadmodum
634 2517 669 2552 in
692 2516 801 2552 oculo
815 2516 1104 2565 contemplacio,
1123 2516 1177 2552 sic
1196 2516 1232 2551 in
1252 2529 1366 2552 manu
1384 2516 1488 2552 accio

242 2674 271 2702 6.
291 2674 320 2701 A
339 2674 369 2701 in
391 2681 505 2712 merga
526 2672 728 2713 Augustinus.
837 2681 876 2736 137.
897 2673 942 2701 A:
963 2672 1164 2713 scandelz'gat.
1271 2679 1319 2699 20.
1339 2673 1384 2700 A:
1406 2672 1492 2700 oculi

173 2708 312 2735 hereant.
403 2713 449 2736 20.
472 2709 509 2739 B:
530 2709 647 2735 dixerit
667 2708 761 2735 deest.
862 2707 887 2734 3.
908 2710 952 2735 A:
973 2708 1173 2743 supersilium.
1271 2706 1312 2734 35.
1333 2708 1377 2734 A:
1398 2715 1488 2735 scan-

172 2744 319 2779 dalizans.
392 2743 439 2777 39.
460 2743 497 2771 B:
518 2743 549 2770 in
570 2744 664 2770 deest.

242 2815 273 2847 6.
301 2816 352 2847 De
369 2826 532 2847 sermone
546 2816 688 2847 Domini
704 2816 738 2846 in
754 2822 884 2855 monte,
905 2815 925 2847 l.
941 2825 969 2846 c.
984 2825 1017 2858 p.
1032 2814 1104 2846 180.
1178 2815 1231 2847 23.
1247 2814 1416 2854 Matth.V‚
1434 2815 1486 2846 30.

1530 891 1548 909 o
1569 884 1661 918 pluck
1681 887 1735 910 out
1755 884 1780 911 is

1529 918 1704 952 something
1725 926 1771 945 we

1610 954 1687 980 love.

1535 1540 1561 1566 It
1582 1547 1652 1575 may
1673 1549 1759 1568 mean

1552 1583 1609 1601 0111·
1629 1576 1750 1602 dearest

1590 1610 1701 1637 friend.
