<?xml version="1.0" encoding="UTF-8"?>
<!DOCTYPE html PUBLIC "-//W3C//DTD XHTML 1.0 Transitional//EN"
    "http://www.w3.org/TR/xhtml1/DTD/xhtml1-transitional.dtd">
<html xmlns="http://www.w3.org/1999/xhtml" xml:lang="en" lang="en">
 <head>
  <title>
</title>
<meta http-equiv="Content-Type" content="text/html;charset=utf-8" />
  <meta name='ocr-system' content='tesseract 3.04.00' />
  <meta name='ocr-capabilities' content='ocr_page ocr_carea ocr_par ocr_line ocrx_word'/>
</head>
<body>
  <div class='ocr_page' id='page_1' title='image "./opusevangelicum12wycl/opusevangelicum12wycl_0065.png"; bbox 0 0 2003 3322; ppageno 0'>
   <div class='ocr_carea' id='block_1_1' title="bbox 192 227 1011 280">
    <p class='ocr_par' dir='ltr' id='par_1_1' title="bbox 192 227 1011 280">
     <span class='ocr_line' id='line_1_1' title="bbox 192 227 1011 280; baseline 0.01 -17"><span class='ocrx_word' id='word_1_1' title='bbox 192 236 280 264; x_wconf 84' lang='lat' dir='ltr'>CAP.</span> <span class='ocrx_word' id='word_1_2' title='bbox 301 227 412 280; x_wconf 66' lang='lat' dir='ltr'><em>xvnj]</em></span> <span class='ocrx_word' id='word_1_3' title='bbox 717 240 858 270; x_wconf 65' lang='lat' dir='ltr'><em>mmm</em></span> <span class='ocrx_word' id='word_1_4' title='bbox 886 241 1011 271; x_wconf 59' lang='lat' dir='ltr'><strong>PARS.</strong></span> 
     </span>
    </p>
   </div>
   <div class='ocr_carea' id='block_1_2' title="bbox 75 346 1510 2481">
    <p class='ocr_par' dir='ltr' id='par_1_2' title="bbox 75 346 1510 2481">
     <span class='ocr_line' id='line_1_2' title="bbox 191 346 1510 397; baseline 0.001 -15"><span class='ocrx_word' id='word_1_5' title='bbox 191 347 258 382; x_wconf 88' lang='lat' dir='ltr'><em>sed</em></span> <span class='ocrx_word' id='word_1_6' title='bbox 290 346 407 382; x_wconf 88' lang='lat' dir='ltr'><em>eciam</em></span> <span class='ocrx_word' id='word_1_7' title='bbox 436 346 494 381; x_wconf 91' lang='lat' dir='ltr'><em>illi</em></span> <span class='ocrx_word' id='word_1_8' title='bbox 525 346 588 393; x_wconf 90' lang='lat' dir='ltr'><em>qui</em></span> <span class='ocrx_word' id='word_1_9' title='bbox 609 346 853 381; x_wconf 73' lang='lat' dir='ltr'><em>immemores</em></span> <span class='ocrx_word' id='word_1_10' title='bbox 876 353 963 381; x_wconf 88' lang='lat' dir='ltr'><em>sunt</em></span> <span class='ocrx_word' id='word_1_11' title='bbox 995 347 1201 392; x_wconf 82' lang='lat' dir='ltr'><em>malorum,</em></span> <span class='ocrx_word' id='word_1_12' title='bbox 1237 347 1311 395; x_wconf 84' lang='lat' dir='ltr'><em>ipsi</em></span> <span class='ocrx_word' id='word_1_13' title='bbox 1342 348 1510 397; x_wconf 74' lang='lat' dir='ltr'><em>diligunt</em></span> 
     </span>
     <span class='ocr_line' id='line_1_3' title="bbox 187 403 1509 454; baseline 0.002 -15"><span class='ocrx_word' id='word_1_14' title='bbox 187 416 335 454; x_wconf 91' lang='lat' dir='ltr'><em>pacem.</em></span> <span class='ocrx_word' id='word_1_15' title='bbox 367 404 485 439; x_wconf 90' lang='lat' dir='ltr'><em>Multi</em></span> <span class='ocrx_word' id='word_1_16' title='bbox 505 403 602 439; x_wconf 89' lang='lat' dir='ltr'><em>enim</em></span> <span class='ocrx_word' id='word_1_17' title='bbox 627 411 714 439; x_wconf 88' lang='lat' dir='ltr'><em>sunt</em></span> <span class='ocrx_word' id='word_1_18' title='bbox 736 403 800 451; x_wconf 88' lang='lat' dir='ltr'><em>qui</em></span> <span class='ocrx_word' id='word_1_19' title='bbox 819 403 966 440; x_wconf 88' lang='lat' dir='ltr'><em>alienos</em></span> <span class='ocrx_word' id='word_1_20' title='bbox 981 405 1129 452; x_wconf 84' lang='lat' dir='ltr'><em>quidem</em></span> <span class='ocrx_word' id='word_1_21' title='bbox 1154 404 1326 440; x_wconf 86' lang='lat' dir='ltr'><em>inimicos</em></span> <span class='ocrx_word' id='word_1_22' title='bbox 1349 405 1509 442; x_wconf 76' lang='lat' dir='ltr'><em>libenter</em></span> 
     </span>
     <span class='ocr_line' id='line_1_4' title="bbox 191 461 1509 511; baseline 0.002 -14"><span class='ocrx_word' id='word_1_23' title='bbox 191 462 226 497; x_wconf 88' lang='lat' dir='ltr'><em>in</em></span> <span class='ocrx_word' id='word_1_24' title='bbox 268 474 365 510; x_wconf 92' lang='lat' dir='ltr'><em>pace</em></span> <span class='ocrx_word' id='word_1_25' title='bbox 408 461 656 497; x_wconf 85' lang='lat' dir='ltr'><em>reconciliant</em></span> <span class='ocrx_word' id='word_1_26' title='bbox 699 468 734 497; x_wconf 90' lang='lat' dir='ltr'><em>et</em></span> <span class='ocrx_word' id='word_1_27' title='bbox 778 461 851 510; x_wconf 90' lang='lat' dir='ltr'><em>ipsi</em></span> <span class='ocrx_word' id='word_1_28' title='bbox 900 462 1062 498; x_wconf 88' lang='lat' dir='ltr'><em>inimicis</em></span> <span class='ocrx_word' id='word_1_29' title='bbox 1104 462 1183 498; x_wconf 90' lang='lat' dir='ltr'><em>suis</em></span> <span class='ocrx_word' id='word_1_30' title='bbox 1221 475 1411 511; x_wconf 87' lang='lat' dir='ltr'><em>nunquam</em></span> <span class='ocrx_word' id='word_1_31' title='bbox 1458 476 1509 499; x_wconf 75' lang='lat' dir='ltr'><em>ex</em></span> 
     </span>
     <span class='ocr_line' id='line_1_5' title="bbox 192 519 1506 569; baseline 0.002 -14"><span class='ocrx_word' id='word_1_32' title='bbox 192 521 309 556; x_wconf 89' lang='lat' dir='ltr'><em>corde</em></span> <span class='ocrx_word' id='word_1_33' title='bbox 340 519 650 556; x_wconf 76' lang='lat' dir='ltr'><em>reconciliantur.</em></span> <span class='ocrx_word' id='word_1_34' title='bbox 696 519 760 554; x_wconf 90' lang='lat' dir='ltr'><em>Illi</em></span> <span class='ocrx_word' id='word_1_35' title='bbox 801 520 897 555; x_wconf 89' lang='lat' dir='ltr'><em>tales</em></span> <span class='ocrx_word' id='word_1_36' title='bbox 935 527 1021 555; x_wconf 88' lang='lat' dir='ltr'><em>sunt</em></span> <span class='ocrx_word' id='word_1_37' title='bbox 1065 520 1245 556; x_wconf 79' lang='lat' dir='ltr'><em>illusores</em></span> <span class='ocrx_word' id='word_1_38' title='bbox 1272 521 1394 569; x_wconf 84' lang='lat' dir='ltr'><em>pacis,</em></span> <span class='ocrx_word' id='word_1_39' title='bbox 1435 534 1506 557; x_wconf 85' lang='lat' dir='ltr'><em>non</em></span> 
     </span>
     <span class='ocr_line' id='line_1_6' title="bbox 158 577 1505 627; baseline 0 -13"><span class='ocrx_word' id='word_1_40' title='bbox 158 582 395 615; x_wconf 85' lang='lat' dir='ltr'><em>5anzatores.</em></span> <span class='ocrx_word' id='word_1_41' title='bbox 428 578 516 613; x_wconf 81' lang='lat' dir='ltr'><em>Pax</em></span> <span class='ocrx_word' id='word_1_42' title='bbox 548 577 645 613; x_wconf 89' lang='lat' dir='ltr'><em>enim</em></span> <span class='ocrx_word' id='word_1_43' title='bbox 690 577 757 613; x_wconf 90' lang='lat' dir='ltr'><em>illa</em></span> <span class='ocrx_word' id='word_1_44' title='bbox 802 577 909 613; x_wconf 82' lang='lat' dir='ltr'><em>beata</em></span> <span class='ocrx_word' id='word_1_45' title='bbox 944 585 1011 625; x_wconf 80' lang='lat' dir='ltr'><em>est,</em></span> <span class='ocrx_word' id='word_1_46' title='bbox 1057 590 1126 626; x_wconf 90' lang='lat' dir='ltr'><em>que</em></span> <span class='ocrx_word' id='word_1_47' title='bbox 1158 578 1193 613; x_wconf 91' lang='lat' dir='ltr'><em>in</em></span> <span class='ocrx_word' id='word_1_48' title='bbox 1233 579 1351 614; x_wconf 88' lang='lat' dir='ltr'><em>corde</em></span> <span class='ocrx_word' id='word_1_49' title='bbox 1378 580 1505 627; x_wconf 87' lang='lat' dir='ltr'><em>posita</em></span> 
     </span>
     <span class='ocr_line' id='line_1_7' title="bbox 190 635 1508 686; baseline 0.001 -15"><span class='ocrx_word' id='word_1_50' title='bbox 190 643 257 683; x_wconf 81' lang='lat' dir='ltr'><em>est,</em></span> <span class='ocrx_word' id='word_1_51' title='bbox 290 648 362 672; x_wconf 86' lang='lat' dir='ltr'><em>non</em></span> <span class='ocrx_word' id='word_1_52' title='bbox 395 635 430 671; x_wconf 90' lang='lat' dir='ltr'><em>in</em></span> <span class='ocrx_word' id='word_1_53' title='bbox 465 635 601 671; x_wconf 78' lang='lat' dir='ltr'><em>verbis.</em></span> <span class='ocrx_word' id='word_1_54' title='bbox 645 635 706 671; x_wconf 91' lang='lat' dir='ltr'><em>Vis</em></span> <span class='ocrx_word' id='word_1_55' title='bbox 729 647 963 685; x_wconf 72' lang='lat' dir='ltr'><em>cognoscere</em></span> <span class='ocrx_word' id='word_1_56' title='bbox 992 636 1073 684; x_wconf 90' lang='lat' dir='ltr'><em>quis</em></span> <span class='ocrx_word' id='word_1_57' title='bbox 1097 643 1152 672; x_wconf 88' lang='lat' dir='ltr'><em>est</em></span> <span class='ocrx_word' id='word_1_58' title='bbox 1177 648 1265 672; x_wconf 76' lang='lat' dir='ltr'><em>vere</em></span> <span class='ocrx_word' id='word_1_59' title='bbox 1291 637 1508 686; x_wconf 77' lang='lat' dir='ltr'><em>pacificus?</em></span> 
     </span>
     <span class='ocr_line' id='line_1_8' title="bbox 189 693 1504 743; baseline 0.002 -15"><span class='ocrx_word' id='word_1_60' title='bbox 189 693 292 729; x_wconf 92' lang='lat' dir='ltr'><em>Audi</em></span> <span class='ocrx_word' id='word_1_61' title='bbox 322 693 554 742; x_wconf 75' lang='lat' dir='ltr'><em>proplietam</em></span> <span class='ocrx_word' id='word_1_62' title='bbox 589 693 794 729; x_wconf 78' lang='lat' dir='ltr'><em>dicentem:</em></span> <span class='ocrx_word' id='word_1_63' title='bbox 831 693 971 729; x_wconf 84' lang='lat' dir='ltr'><em>Cohibe</em></span> <span class='ocrx_word' id='word_1_64' title='bbox 1003 694 1177 743; x_wconf 77' lang='lat' dir='ltr'><em>linguam</em></span> <span class='ocrx_word' id='word_1_65' title='bbox 1211 701 1315 730; x_wconf 88' lang='lat' dir='ltr'><em>tuam</em></span> <span class='ocrx_word' id='word_1_66' title='bbox 1348 707 1369 729; x_wconf 93' lang='lat' dir='ltr'><em>a</em></span> <span class='ocrx_word' id='word_1_67' title='bbox 1403 696 1504 731; x_wconf 91' lang='lat' dir='ltr'><em>malo</em></span> 
     </span>
     <span class='ocr_line' id='line_1_9' title="bbox 190 751 1506 803; baseline 0.001 -16"><span class='ocrx_word' id='word_1_68' title='bbox 190 759 224 788; x_wconf 90' lang='lat' dir='ltr'><em>et</em></span> <span class='ocrx_word' id='word_1_69' title='bbox 268 751 367 787; x_wconf 83' lang='lat' dir='ltr'><em>labia</em></span> <span class='ocrx_word' id='word_1_70' title='bbox 411 759 489 798; x_wconf 86' lang='lat' dir='ltr'><em>tua,</em></span> <span class='ocrx_word' id='word_1_71' title='bbox 534 763 578 787; x_wconf 92' lang='lat' dir='ltr'><em>ne</em></span> <span class='ocrx_word' id='word_1_72' title='bbox 624 752 832 800; x_wconf 90' lang='lat' dir='ltr'><em>loquantur</em></span> <span class='ocrx_word' id='word_1_73' title='bbox 875 752 1018 799; x_wconf 72' lang='lat' dir='ltr'><em>dolum,</em></span> <span class='ocrx_word' id='word_1_74' title='bbox 1067 752 1106 787; x_wconf 88' lang='lat' dir='ltr'><em>id</em></span> <span class='ocrx_word' id='word_1_75' title='bbox 1147 759 1215 799; x_wconf 74' lang='lat' dir='ltr'><em>est,</em></span> <span class='ocrx_word' id='word_1_76' title='bbox 1259 753 1392 803; x_wconf 77' lang='lat' dir='ltr'><em>lingua</em></span> <span class='ocrx_word' id='word_1_77' title='bbox 1442 760 1506 788; x_wconf 86' lang='lat' dir='ltr'><em>tua</em></span> 
     </span>
     <span class='ocr_line' id='line_1_10' title="bbox 191 809 1506 860; baseline 0.001 -15"><span class='ocrx_word' id='word_1_78' title='bbox 191 809 334 845; x_wconf 82' lang='lat' dir='ltr'><em>malum</em></span> <span class='ocrx_word' id='word_1_79' title='bbox 372 821 587 846; x_wconf 83' lang='lat' dir='ltr'><em>sermonem</em></span> <span class='ocrx_word' id='word_1_80' title='bbox 626 821 699 845; x_wconf 88' lang='lat' dir='ltr'><em>non</em></span> <span class='ocrx_word' id='word_1_81' title='bbox 733 809 845 844; x_wconf 89' lang='lat' dir='ltr'><em>dicat.</em></span> <span class='ocrx_word' id='word_1_82' title='bbox 878 810 983 845; x_wconf 84' lang='lat' dir='ltr'><em>Sicut</em></span> <span class='ocrx_word' id='word_1_83' title='bbox 1015 810 1111 846; x_wconf 86' lang='lat' dir='ltr'><em>enim</em></span> <span class='ocrx_word' id='word_1_84' title='bbox 1145 810 1247 860; x_wconf 74' lang='lat' dir='ltr'><em>ignis</em></span> <span class='ocrx_word' id='word_1_85' title='bbox 1279 811 1325 846; x_wconf 91' lang='lat' dir='ltr'><em>de</em></span> <span class='ocrx_word' id='word_1_86' title='bbox 1357 812 1506 847; x_wconf 88' lang='lat' dir='ltr'><em>modica</em></span> 
     </span>
     <span class='ocr_line' id='line_1_11' title="bbox 138 867 1505 917; baseline 0.001 -14"><span class='ocrx_word' id='word_1_87' title='bbox 138 884 176 904; x_wconf 90' lang='lat'><em>10</em></span> <span class='ocrx_word' id='word_1_88' title='bbox 190 867 356 903; x_wconf 86' lang='lat' dir='ltr'><em>scintilla</em></span> <span class='ocrx_word' id='word_1_89' title='bbox 390 879 574 917; x_wconf 77' lang='lat' dir='ltr'><em>magnum</em></span> <span class='ocrx_word' id='word_1_90' title='bbox 609 867 748 917; x_wconf 89' lang='lat' dir='ltr'><em>conflat</em></span> <span class='ocrx_word' id='word_1_91' title='bbox 792 867 1020 914; x_wconf 78' lang='lat' dir='ltr'><em>incendium,</em></span> <span class='ocrx_word' id='word_1_92' title='bbox 1070 868 1120 903; x_wconf 90' lang='lat' dir='ltr'><em>ita</em></span> <span class='ocrx_word' id='word_1_93' title='bbox 1154 875 1188 904; x_wconf 89' lang='lat' dir='ltr'><em>et</em></span> <span class='ocrx_word' id='word_1_94' title='bbox 1219 880 1348 904; x_wconf 91' lang='lat' dir='ltr'><em>sermo</em></span> <span class='ocrx_word' id='word_1_95' title='bbox 1382 869 1505 904; x_wconf 89' lang='lat' dir='ltr'><em>malus</em></span> 
     </span>
     <span class='ocr_line' id='line_1_12' title="bbox 192 925 1506 975; baseline 0.001 -14"><span class='ocrx_word' id='word_1_96' title='bbox 192 926 237 961; x_wconf 88' lang='lat' dir='ltr'><em>de</em></span> <span class='ocrx_word' id='word_1_97' title='bbox 280 925 356 961; x_wconf 82' lang='lat' dir='ltr'><em>levi</em></span> <span class='ocrx_word' id='word_1_98' title='bbox 399 925 597 962; x_wconf 78' lang='lat' dir='ltr'><em>occasione</em></span> <span class='ocrx_word' id='word_1_99' title='bbox 640 938 824 975; x_wconf 78' lang='lat' dir='ltr'><em>magnam</em></span> <span class='ocrx_word' id='word_1_100' title='bbox 869 926 1064 961; x_wconf 85' lang='lat' dir='ltr'><em>succendit</em></span> <span class='ocrx_word' id='word_1_101' title='bbox 1096 926 1349 962; x_wconf 87' lang='lat' dir='ltr'><em>inimiciciam.</em></span> <span class='ocrx_word' id='word_1_102' title='bbox 1398 927 1506 963; x_wconf 86' lang='lat' dir='ltr'><em>Illius</em></span> 
     </span>
     <span class='ocr_line' id='line_1_13' title="bbox 191 983 1507 1032; baseline 0.002 -14"><span class='ocrx_word' id='word_1_103' title='bbox 191 983 290 1019; x_wconf 83' lang='lat' dir='ltr'><em>labia</em></span> <span class='ocrx_word' id='word_1_104' title='bbox 336 984 544 1031; x_wconf 85' lang='lat' dir='ltr'><em>loquuntur</em></span> <span class='ocrx_word' id='word_1_105' title='bbox 591 984 734 1029; x_wconf 86' lang='lat' dir='ltr'><em>dolum,</em></span> <span class='ocrx_word' id='word_1_106' title='bbox 781 983 844 1031; x_wconf 87' lang='lat' dir='ltr'><em>qui</em></span> <span class='ocrx_word' id='word_1_107' title='bbox 881 995 1016 1032; x_wconf 92' lang='lat' dir='ltr'><em>pacem</em></span> <span class='ocrx_word' id='word_1_108' title='bbox 1063 991 1195 1019; x_wconf 73' lang='lat' dir='ltr'><em>servat</em></span> <span class='ocrx_word' id='word_1_109' title='bbox 1241 984 1276 1019; x_wconf 89' lang='lat' dir='ltr'><em>in</em></span> <span class='ocrx_word' id='word_1_110' title='bbox 1322 985 1435 1020; x_wconf 86' lang='lat' dir='ltr'><em>labiis</em></span> <span class='ocrx_word' id='word_1_111' title='bbox 1473 992 1507 1021; x_wconf 91' lang='lat' dir='ltr'><em>et</em></span> 
     </span>
     <span class='ocr_line' id='line_1_14' title="bbox 191 1041 1506 1091; baseline 0.002 -15"><span class='ocrx_word' id='word_1_112' title='bbox 191 1041 382 1077; x_wconf 86' lang='lat' dir='ltr'><em>maliciam</em></span> <span class='ocrx_word' id='word_1_113' title='bbox 430 1048 561 1077; x_wconf 81' lang='lat' dir='ltr'><em>servat</em></span> <span class='ocrx_word' id='word_1_114' title='bbox 599 1041 634 1076; x_wconf 90' lang='lat' dir='ltr'><em>in</em></span> <span class='ocrx_word' id='word_1_115' title='bbox 675 1041 803 1077; x_wconf 88' lang='lat' dir='ltr'><em>corde.</em></span> <span class='ocrx_word' id='word_1_116' title='bbox 851 1042 894 1076; x_wconf 86' lang='lat' dir='ltr'><em>Si</em></span> <span class='ocrx_word' id='word_1_117' title='bbox 936 1041 1168 1077; x_wconf 81' lang='lat' dir='ltr'><em>christianus</em></span> <span class='ocrx_word' id='word_1_118' title='bbox 1212 1055 1263 1087; x_wconf 82' lang='lat' dir='ltr'><em>es,</em></span> <span class='ocrx_word' id='word_1_119' title='bbox 1308 1049 1373 1077; x_wconf 89' lang='lat' dir='ltr'><em>aut</em></span> <span class='ocrx_word' id='word_1_120' title='bbox 1406 1044 1506 1091; x_wconf 88' lang='lat' dir='ltr'><em>quod</em></span> 
     </span>
     <span class='ocr_line' id='line_1_15' title="bbox 75 1095 1503 1151; baseline -0.001 -14"><span class='ocrx_word' id='word_1_121' title='bbox 75 1105 153 1137; x_wconf 71' lang='lat'>3500</span> <span class='ocrx_word' id='word_1_122' title='bbox 191 1099 365 1147; x_wconf 86' lang='lat' dir='ltr'><em>loquaris</em></span> <span class='ocrx_word' id='word_1_123' title='bbox 408 1099 478 1135; x_wconf 81' lang='lat' dir='ltr'><em>lzoc</em></span> <span class='ocrx_word' id='word_1_124' title='bbox 507 1095 511 1151; x_wconf 84' lang='grc' dir='ltr'>Ι</span> <span class='ocrx_word' id='word_1_125' title='bbox 540 1099 682 1149; x_wconf 72' lang='lat' dir='ltr'><em>cogita,</em></span> <span class='ocrx_word' id='word_1_126' title='bbox 741 1106 806 1134; x_wconf 86' lang='lat' dir='ltr'><em>aut</em></span> <span class='ocrx_word' id='word_1_127' title='bbox 861 1100 962 1147; x_wconf 89' lang='lat' dir='ltr'><em>quod</em></span> <span class='ocrx_word' id='word_1_128' title='bbox 1021 1099 1171 1149; x_wconf 73' lang='lat' dir='ltr'><em>cogitas</em></span> <span class='ocrx_word' id='word_1_129' title='bbox 1216 1101 1286 1135; x_wconf 85' lang='lat' dir='ltr'><em>lzoc</em></span> <span class='ocrx_word' id='word_1_130' title='bbox 1337 1101 1503 1149; x_wconf 87' lang='lat' dir='ltr'><em>loquere.</em></span> 
     </span>
     <span class='ocr_line' id='line_1_16' title="bbox 137 1157 1506 1205; baseline -0.001 -10"><span class='ocrx_word' id='word_1_131' title='bbox 137 1157 353 1195; x_wconf 73' lang='lat' dir='ltr'><em>15Diverte</em></span> <span class='ocrx_word' id='word_1_132' title='bbox 383 1170 405 1192; x_wconf 95' lang='lat' dir='ltr'><em>a</em></span> <span class='ocrx_word' id='word_1_133' title='bbox 439 1157 541 1193; x_wconf 90' lang='lat' dir='ltr'><em>malo</em></span> <span class='ocrx_word' id='word_1_134' title='bbox 574 1164 609 1193; x_wconf 88' lang='lat' dir='ltr'><em>et</em></span> <span class='ocrx_word' id='word_1_135' title='bbox 632 1157 707 1205; x_wconf 89' lang='lat' dir='ltr'><em>fac</em></span> <span class='ocrx_word' id='word_1_136' title='bbox 729 1157 879 1193; x_wconf 84' lang='lat' dir='ltr'><em>bonum.</em></span> <span class='ocrx_word' id='word_1_137' title='bbox 924 1158 1010 1193; x_wconf 92' lang='lat' dir='ltr'><em>Non</em></span> <span class='ocrx_word' id='word_1_138' title='bbox 1047 1158 1165 1193; x_wconf 72' lang='lat' dir='ltr'><em>dixit.-</em></span> <span class='ocrx_word' id='word_1_139' title='bbox 1199 1158 1292 1193; x_wconf 90' lang='lat' dir='ltr'><em>Noli</em></span> <span class='ocrx_word' id='word_1_140' title='bbox 1321 1160 1506 1194; x_wconf 75' lang='lat' dir='ltr'><em>accedere</em></span> 
     </span>
     <span class='ocr_line' id='line_1_17' title="bbox 188 1215 1505 1264; baseline 0.002 -14"><span class='ocrx_word' id='word_1_141' title='bbox 188 1215 239 1250; x_wconf 88' lang='lat' dir='ltr'><em>ad</em></span> <span class='ocrx_word' id='word_1_142' title='bbox 262 1215 409 1251; x_wconf 79' lang='lat' dir='ltr'><em>malum</em></span> <span class='ocrx_word' id='word_1_143' title='bbox 430 1215 498 1251; x_wconf 89' lang='lat' dir='ltr'><em>sed</em></span> <span class='ocrx_word' id='word_1_144' title='bbox 521 1216 656 1251; x_wconf 82' lang='lat' dir='ltr'><em>recede</em></span> <span class='ocrx_word' id='word_1_145' title='bbox 678 1227 699 1250; x_wconf 95' lang='lat' dir='ltr'><em>a</em></span> <span class='ocrx_word' id='word_1_146' title='bbox 716 1215 829 1251; x_wconf 92' lang='lat' dir='ltr'><em>malo.</em></span> <span class='ocrx_word' id='word_1_147' title='bbox 856 1215 986 1251; x_wconf 79' lang='lat' dir='ltr'><em>Sciens</em></span> <span class='ocrx_word' id='word_1_148' title='bbox 1008 1216 1131 1264; x_wconf 69' lang='lat' dir='ltr'><em>igitur</em></span> <span class='ocrx_word' id='word_1_149' title='bbox 1154 1216 1376 1252; x_wconf 69' lang='lat' dir='ltr'><em>misericors</em></span> <span class='ocrx_word' id='word_1_150' title='bbox 1398 1218 1505 1253; x_wconf 81' lang='lat' dir='ltr'><em>Deus</em></span> 
     </span>
     <span class='ocr_line' id='line_1_18' title="bbox 188 1273 1506 1321; baseline 0.002 -13"><span class='ocrx_word' id='word_1_151' title='bbox 188 1273 500 1309; x_wconf 87' lang='lat' dir='ltr'><em>incontinenciam</em></span> <span class='ocrx_word' id='word_1_152' title='bbox 525 1280 711 1320; x_wconf 79' lang='lat' dir='ltr'><em>nostram,</em></span> <span class='ocrx_word' id='word_1_153' title='bbox 736 1273 912 1321; x_wconf 85' lang='lat' dir='ltr'><em>quoniam</em></span> <span class='ocrx_word' id='word_1_154' title='bbox 935 1273 970 1309; x_wconf 91' lang='lat' dir='ltr'><em>si</em></span> <span class='ocrx_word' id='word_1_155' title='bbox 991 1273 1173 1309; x_wconf 70' lang='lat' dir='ltr'><em>dixisset:</em></span> <span class='ocrx_word' id='word_1_156' title='bbox 1208 1274 1302 1309; x_wconf 89' lang='lat' dir='ltr'><em>Noli</em></span> <span class='ocrx_word' id='word_1_157' title='bbox 1322 1275 1506 1310; x_wconf 76' lang='lat' dir='ltr'><em>accedere</em></span> 
     </span>
     <span class='ocr_line' id='line_1_19' title="bbox 188 1331 1499 1381; baseline 0.001 -15"><span class='ocrx_word' id='word_1_158' title='bbox 188 1332 239 1366; x_wconf 87' lang='lat' dir='ltr'><em>ad</em></span> <span class='ocrx_word' id='word_1_159' title='bbox 271 1331 428 1377; x_wconf 85' lang='lat' dir='ltr'><em>malum,</em></span> <span class='ocrx_word' id='word_1_160' title='bbox 468 1338 532 1366; x_wconf 90' lang='lat' dir='ltr'><em>aut</em></span> <span class='ocrx_word' id='word_1_161' title='bbox 560 1331 678 1380; x_wconf 87' lang='lat' dir='ltr'><em>pauci</em></span> <span class='ocrx_word' id='word_1_162' title='bbox 708 1338 774 1366; x_wconf 88' lang='lat' dir='ltr'><em>aut</em></span> <span class='ocrx_word' id='word_1_163' title='bbox 806 1331 934 1366; x_wconf 88' lang='lat' dir='ltr'><em>nullus</em></span> <span class='ocrx_word' id='word_1_164' title='bbox 976 1332 1046 1366; x_wconf 86' lang='lat' dir='ltr'><em>lzoc</em></span> <span class='ocrx_word' id='word_1_165' title='bbox 1080 1339 1236 1380; x_wconf 88' lang='lat' dir='ltr'><em>poterat</em></span> <span class='ocrx_word' id='word_1_166' title='bbox 1275 1332 1499 1381; x_wconf 81' lang='lat' dir='ltr'><em>adimplere.</em></span> 
     </span>
     <span class='ocr_line' id='line_1_20' title="bbox 188 1389 1503 1438; baseline 0.002 -14"><span class='ocrx_word' id='word_1_167' title='bbox 188 1389 289 1424; x_wconf 86' lang='lat' dir='ltr'><em>Nam</em></span> <span class='ocrx_word' id='word_1_168' title='bbox 318 1401 416 1437; x_wconf 88' lang='lat' dir='ltr'><em>pene</em></span> <span class='ocrx_word' id='word_1_169' title='bbox 447 1401 576 1425; x_wconf 88' lang='lat' dir='ltr'><em>omnes</em></span> <span class='ocrx_word' id='word_1_170' title='bbox 608 1389 778 1425; x_wconf 85' lang='lat' dir='ltr'><em>homines</em></span> <span class='ocrx_word' id='word_1_171' title='bbox 805 1389 941 1438; x_wconf 85' lang='lat' dir='ltr'><em>parati</em></span> <span class='ocrx_word' id='word_1_172' title='bbox 970 1401 1102 1425; x_wconf 88' lang='lat' dir='ltr'><em>sumus</em></span> <span class='ocrx_word' id='word_1_173' title='bbox 1133 1390 1184 1424; x_wconf 93' lang='lat' dir='ltr'><em>ad</em></span> <span class='ocrx_word' id='word_1_174' title='bbox 1216 1390 1371 1425; x_wconf 89' lang='lat' dir='ltr'><em>malum.</em></span> <span class='ocrx_word' id='word_1_175' title='bbox 1416 1391 1503 1427; x_wconf 85' lang='lat' dir='ltr'><em>Ideo</em></span> 
     </span>
     <span class='ocr_line' id='line_1_21' title="bbox 133 1447 1502 1496; baseline -0.001 -12"><span class='ocrx_word' id='word_1_176' title='bbox 133 1463 174 1484; x_wconf 85' lang='lat'><em>20</em></span> <span class='ocrx_word' id='word_1_177' title='bbox 188 1447 242 1482; x_wconf 92' lang='lat' dir='ltr'><em>sic</em></span> <span class='ocrx_word' id='word_1_178' title='bbox 258 1447 367 1482; x_wconf 87' lang='lat' dir='ltr'><em>dicit:</em></span> <span class='ocrx_word' id='word_1_179' title='bbox 390 1447 539 1483; x_wconf 87' lang='lat' dir='ltr'><em>Bonum</em></span> <span class='ocrx_word' id='word_1_180' title='bbox 557 1447 705 1496; x_wconf 90' lang='lat' dir='ltr'><em>quidem</em></span> <span class='ocrx_word' id='word_1_181' title='bbox 721 1447 874 1495; x_wconf 82' lang='lat' dir='ltr'><em>fuerat,</em></span> <span class='ocrx_word' id='word_1_182' title='bbox 896 1447 931 1482; x_wconf 87' lang='lat' dir='ltr'><em>si</em></span> <span class='ocrx_word' id='word_1_183' title='bbox 951 1459 1023 1483; x_wconf 89' lang='lat' dir='ltr'><em>non</em></span> <span class='ocrx_word' id='word_1_184' title='bbox 1047 1448 1250 1483; x_wconf 77' lang='lat' dir='ltr'><em>accederes</em></span> <span class='ocrx_word' id='word_1_185' title='bbox 1273 1449 1324 1483; x_wconf 87' lang='lat' dir='ltr'><em>ad</em></span> <span class='ocrx_word' id='word_1_186' title='bbox 1347 1449 1502 1484; x_wconf 81' lang='lat' dir='ltr'><em>malum.</em></span> 
     </span>
     <span class='ocr_line' id='line_1_22' title="bbox 189 1504 1504 1553; baseline 0.002 -14"><span class='ocrx_word' id='word_1_187' title='bbox 189 1505 232 1539; x_wconf 86' lang='lat' dir='ltr'><em>Si</em></span> <span class='ocrx_word' id='word_1_188' title='bbox 261 1512 387 1540; x_wconf 87' lang='lat' dir='ltr'><em>autem</em></span> <span class='ocrx_word' id='word_1_189' title='bbox 435 1505 545 1553; x_wconf 87' lang='lat' dir='ltr'><em>quasi</em></span> <span class='ocrx_word' id='word_1_190' title='bbox 586 1504 698 1541; x_wconf 86' lang='lat' dir='ltr'><em>homo</em></span> <span class='ocrx_word' id='word_1_191' title='bbox 732 1511 869 1540; x_wconf 88' lang='lat' dir='ltr'><em>nature</em></span> <span class='ocrx_word' id='word_1_192' title='bbox 912 1505 1081 1541; x_wconf 84' lang='lat' dir='ltr'><em>carnalis</em></span> <span class='ocrx_word' id='word_1_193' title='bbox 1114 1506 1277 1541; x_wconf 82' lang='lat' dir='ltr'><em>motibus</em></span> <span class='ocrx_word' id='word_1_194' title='bbox 1314 1507 1504 1542; x_wconf 76' lang='lat' dir='ltr'><em>excitatus</em></span> 
     </span>
     <span class='ocr_line' id='line_1_23' title="bbox 188 1562 1502 1612; baseline 0.002 -14"><span class='ocrx_word' id='word_1_195' title='bbox 188 1563 382 1598; x_wconf 78' lang='lat' dir='ltr'><em>accessisti</em></span> <span class='ocrx_word' id='word_1_196' title='bbox 399 1563 450 1598; x_wconf 93' lang='lat' dir='ltr'><em>ad</em></span> <span class='ocrx_word' id='word_1_197' title='bbox 472 1563 615 1598; x_wconf 84' lang='lat' dir='ltr'><em>malum</em></span> <span class='ocrx_word' id='word_1_198' title='bbox 636 1563 696 1598; x_wconf 77' lang='lat' dir='ltr'><em>vel</em></span> <span class='ocrx_word' id='word_1_199' title='bbox 717 1562 791 1598; x_wconf 89' lang='lat' dir='ltr'><em>iam</em></span> <span class='ocrx_word' id='word_1_200' title='bbox 815 1563 950 1598; x_wconf 88' lang='lat' dir='ltr'><em>saltem</em></span> <span class='ocrx_word' id='word_1_201' title='bbox 965 1570 1131 1612; x_wconf 86' lang='lat' dir='ltr'><em>propter</em></span> <span class='ocrx_word' id='word_1_202' title='bbox 1154 1564 1502 1600; x_wconf 55' lang='lat' dir='ltr'><em>consideracionem</em></span> 
     </span>
     <span class='ocr_line' id='line_1_24' title="bbox 189 1620 1503 1669; baseline 0.002 -14"><span class='ocrx_word' id='word_1_203' title='bbox 189 1620 310 1656; x_wconf 85' lang='lat' dir='ltr'><em>divini</em></span> <span class='ocrx_word' id='word_1_204' title='bbox 338 1621 500 1667; x_wconf 82' lang='lat' dir='ltr'><em>timoris,</em></span> <span class='ocrx_word' id='word_1_205' title='bbox 525 1621 660 1657; x_wconf 89' lang='lat' dir='ltr'><em>recede</em></span> <span class='ocrx_word' id='word_1_206' title='bbox 682 1633 702 1656; x_wconf 95' lang='lat' dir='ltr'><em>a</em></span> <span class='ocrx_word' id='word_1_207' title='bbox 728 1621 842 1666; x_wconf 83' lang='lat' dir='ltr'><em>malo,</em></span> <span class='ocrx_word' id='word_1_208' title='bbox 872 1621 1047 1669; x_wconf 86' lang='lat' dir='ltr'><em>quoniam</em></span> <span class='ocrx_word' id='word_1_209' title='bbox 1072 1622 1256 1657; x_wconf 89' lang='lat' dir='ltr'><em>accedere</em></span> <span class='ocrx_word' id='word_1_210' title='bbox 1278 1622 1329 1657; x_wconf 89' lang='lat' dir='ltr'><em>ad</em></span> <span class='ocrx_word' id='word_1_211' title='bbox 1361 1623 1503 1658; x_wconf 87' lang='lat' dir='ltr'><em>malum</em></span> 
     </span>
     <span class='ocr_line' id='line_1_25' title="bbox 177 1678 1503 1729; baseline 0.002 -16"><span class='ocrx_word' id='word_1_212' title='bbox 177 1678 353 1726; x_wconf 82' lang='lat' dir='ltr'><em>forsitan</em></span> <span class='ocrx_word' id='word_1_213' title='bbox 385 1680 591 1715; x_wconf 85' lang='lat' dir='ltr'><em>secundum</em></span> <span class='ocrx_word' id='word_1_214' title='bbox 625 1691 779 1715; x_wconf 86' lang='lat' dir='ltr'><em>carnem</em></span> <span class='ocrx_word' id='word_1_215' title='bbox 824 1679 989 1715; x_wconf 81' lang='lat' dir='ltr'><em>humane</em></span> <span class='ocrx_word' id='word_1_216' title='bbox 1026 1679 1260 1729; x_wconf 70' lang='lat' dir='ltr'><em>irfirnzitatis</em></span> <span class='ocrx_word' id='word_1_217' title='bbox 1304 1687 1370 1723; x_wconf 80' lang='lat' dir='ltr'><em>est,</em></span> <span class='ocrx_word' id='word_1_218' title='bbox 1411 1693 1503 1729; x_wconf 85' lang='lat' dir='ltr'><em>per-</em></span> 
     </span>
     <span class='ocr_line' id='line_1_26' title="bbox 132 1737 1503 1787; baseline 0 -13"><span class='ocrx_word' id='word_1_219' title='bbox 132 1742 345 1774; x_wconf 75' lang='lat' dir='ltr'><em>25manere</em></span> <span class='ocrx_word' id='word_1_220' title='bbox 375 1744 501 1773; x_wconf 86' lang='lat' dir='ltr'><em>autem</em></span> <span class='ocrx_word' id='word_1_221' title='bbox 534 1737 570 1772; x_wconf 91' lang='lat' dir='ltr'><em>in</em></span> <span class='ocrx_word' id='word_1_222' title='bbox 604 1737 705 1773; x_wconf 90' lang='lat' dir='ltr'><em>malo</em></span> <span class='ocrx_word' id='word_1_223' title='bbox 738 1744 772 1772; x_wconf 90' lang='lat' dir='ltr'><em>et</em></span> <span class='ocrx_word' id='word_1_224' title='bbox 804 1737 942 1785; x_wconf 84' lang='lat' dir='ltr'><em>exequi</em></span> <span class='ocrx_word' id='word_1_225' title='bbox 972 1737 1117 1773; x_wconf 88' lang='lat' dir='ltr'><em>malum</em></span> <span class='ocrx_word' id='word_1_226' title='bbox 1151 1738 1405 1787; x_wconf 76' lang='lat' dir='ltr'><em>malignitatis</em></span> <span class='ocrx_word' id='word_1_227' title='bbox 1437 1746 1503 1784; x_wconf 83' lang='lat' dir='ltr'><em>est,</em></span> 
     </span>
     <span class='ocr_line' id='line_1_27' title="bbox 189 1795 1503 1843; baseline 0.001 -13"><span class='ocrx_word' id='word_1_228' title='bbox 189 1807 261 1831; x_wconf 88' lang='lat' dir='ltr'><em>non</em></span> <span class='ocrx_word' id='word_1_229' title='bbox 296 1795 544 1841; x_wconf 85' lang='lat' dir='ltr'><em>infirmitatis.</em></span> <span class='ocrx_word' id='word_1_230' title='bbox 578 1795 671 1831; x_wconf 86' lang='lat' dir='ltr'><em>Item</em></span> <span class='ocrx_word' id='word_1_231' title='bbox 695 1795 843 1843; x_wconf 82' lang='lat' dir='ltr'><em>inquire</em></span> <span class='ocrx_word' id='word_1_232' title='bbox 870 1807 1006 1843; x_wconf 86' lang='lat' dir='ltr'><em>pacem</em></span> <span class='ocrx_word' id='word_1_233' title='bbox 1031 1802 1065 1831; x_wconf 87' lang='lat' dir='ltr'><em>et</em></span> <span class='ocrx_word' id='word_1_234' title='bbox 1097 1807 1255 1843; x_wconf 80' lang='lat' dir='ltr'><em>sequere</em></span> <span class='ocrx_word' id='word_1_235' title='bbox 1287 1808 1382 1832; x_wconf 89' lang='lat' dir='ltr'><em>eam.</em></span> <span class='ocrx_word' id='word_1_236' title='bbox 1417 1797 1503 1832; x_wconf 85' lang='lat' dir='ltr'><em>Non</em></span> 
     </span>
     <span class='ocr_line' id='line_1_28' title="bbox 189 1853 1502 1904; baseline 0.001 -16"><span class='ocrx_word' id='word_1_237' title='bbox 189 1853 298 1889; x_wconf 87' lang='lat' dir='ltr'><em>dicit:</em></span> <span class='ocrx_word' id='word_1_238' title='bbox 330 1853 373 1888; x_wconf 85' lang='lat' dir='ltr'><em>Si</em></span> <span class='ocrx_word' id='word_1_239' title='bbox 402 1860 437 1889; x_wconf 90' lang='lat' dir='ltr'><em>te</em></span> <span class='ocrx_word' id='word_1_240' title='bbox 454 1865 540 1902; x_wconf 87' lang='lat' dir='ltr'><em>pax</em></span> <span class='ocrx_word' id='word_1_241' title='bbox 570 1860 766 1901; x_wconf 89' lang='lat' dir='ltr'><em>sequatur,</em></span> <span class='ocrx_word' id='word_1_242' title='bbox 798 1853 947 1901; x_wconf 82' lang='lat' dir='ltr'><em>suscipe</em></span> <span class='ocrx_word' id='word_1_243' title='bbox 980 1865 1089 1898; x_wconf 85' lang='lat' dir='ltr'><em>eam;</em></span> <span class='ocrx_word' id='word_1_244' title='bbox 1119 1854 1187 1889; x_wconf 88' lang='lat' dir='ltr'><em>sed</em></span> <span class='ocrx_word' id='word_1_245' title='bbox 1219 1854 1290 1888; x_wconf 88' lang='lat' dir='ltr'><em>etsi</em></span> <span class='ocrx_word' id='word_1_246' title='bbox 1320 1861 1355 1889; x_wconf 90' lang='lat' dir='ltr'><em>te</em></span> <span class='ocrx_word' id='word_1_247' title='bbox 1378 1854 1502 1904; x_wconf 73' lang='lat' dir='ltr'><em>fuge-</em></span> 
     </span>
     <span class='ocr_line' id='line_1_29' title="bbox 189 1910 1501 1959; baseline 0.001 -14"><span class='ocrx_word' id='word_1_248' title='bbox 189 1911 251 1953; x_wconf 80' lang='lat' dir='ltr'><em>rit,</em></span> <span class='ocrx_word' id='word_1_249' title='bbox 295 1923 452 1959; x_wconf 89' lang='lat' dir='ltr'><em>sequere</em></span> <span class='ocrx_word' id='word_1_250' title='bbox 489 1923 585 1954; x_wconf 80' lang='lat' dir='ltr'><em>eam,</em></span> <span class='ocrx_word' id='word_1_251' title='bbox 632 1918 670 1946; x_wconf 92' lang='lat' dir='ltr'><em>ut</em></span> <span class='ocrx_word' id='word_1_252' title='bbox 704 1918 812 1959; x_wconf 81' lang='lat' dir='ltr'><em>puta,</em></span> <span class='ocrx_word' id='word_1_253' title='bbox 858 1910 893 1946; x_wconf 90' lang='lat' dir='ltr'><em>si</em></span> <span class='ocrx_word' id='word_1_254' title='bbox 934 1912 1035 1959; x_wconf 90' lang='lat' dir='ltr'><em>quod</em></span> <span class='ocrx_word' id='word_1_255' title='bbox 1080 1911 1287 1946; x_wconf 80' lang='lat' dir='ltr'><em>humanum</em></span> <span class='ocrx_word' id='word_1_256' title='bbox 1326 1919 1380 1947; x_wconf 89' lang='lat' dir='ltr'><em>est</em></span> <span class='ocrx_word' id='word_1_257' title='bbox 1418 1924 1501 1947; x_wconf 86' lang='lat' dir='ltr'><em>cum</em></span> 
     </span>
     <span class='ocr_line' id='line_1_30' title="bbox 188 1968 1504 2018; baseline 0.002 -15"><span class='ocrx_word' id='word_1_258' title='bbox 188 1969 313 2017; x_wconf 86' lang='lat' dir='ltr'><em>aliquo</em></span> <span class='ocrx_word' id='word_1_259' title='bbox 348 1969 498 2017; x_wconf 89' lang='lat' dir='ltr'><em>feceris</em></span> <span class='ocrx_word' id='word_1_260' title='bbox 542 1969 658 2012; x_wconf 75' lang='lat' dir='ltr'><em>litem,</em></span> <span class='ocrx_word' id='word_1_261' title='bbox 702 1969 737 2004; x_wconf 91' lang='lat' dir='ltr'><em>si</em></span> <span class='ocrx_word' id='word_1_262' title='bbox 777 1968 927 2017; x_wconf 83' lang='lat' dir='ltr'><em>quidem</em></span> <span class='ocrx_word' id='word_1_263' title='bbox 973 1969 1035 2005; x_wconf 85' lang='lat' dir='ltr'><em>ille</em></span> <span class='ocrx_word' id='word_1_264' title='bbox 1080 1976 1115 2005; x_wconf 89' lang='lat' dir='ltr'><em>te</em></span> <span class='ocrx_word' id='word_1_265' title='bbox 1142 1969 1255 2018; x_wconf 87' lang='lat' dir='ltr'><em>prius</em></span> <span class='ocrx_word' id='word_1_266' title='bbox 1287 1970 1422 2005; x_wconf 78' lang='lat' dir='ltr'><em>invitat</em></span> <span class='ocrx_word' id='word_1_267' title='bbox 1453 1971 1504 2005; x_wconf 92' lang='lat' dir='ltr'><em>ad</em></span> 
     </span>
     <span class='ocr_line' id='line_1_31' title="bbox 133 2026 1506 2077; baseline 0.001 -15"><span class='ocrx_word' id='word_1_268' title='bbox 133 2032 334 2076; x_wconf 60' lang='lat' dir='ltr'><em>S’opacem⁷</em></span> <span class='ocrx_word' id='word_1_269' title='bbox 363 2038 449 2076; x_wconf 83' lang='lat' dir='ltr'><em>pax</em></span> <span class='ocrx_word' id='word_1_270' title='bbox 480 2026 664 2075; x_wconf 78' lang='lat' dir='ltr'><em>sequitur,</em></span> <span class='ocrx_word' id='word_1_271' title='bbox 698 2039 782 2062; x_wconf 87' lang='lat' dir='ltr'><em>cum</em></span> <span class='ocrx_word' id='word_1_272' title='bbox 821 2027 966 2077; x_wconf 74' lang='lat' dir='ltr'><em>gaudio</em></span> <span class='ocrx_word' id='word_1_273' title='bbox 1004 2027 1153 2076; x_wconf 75' lang='lat' dir='ltr'><em>suscipe</em></span> <span class='ocrx_word' id='word_1_274' title='bbox 1185 2040 1279 2063; x_wconf 90' lang='lat' dir='ltr'><em>eam.</em></span> <span class='ocrx_word' id='word_1_275' title='bbox 1328 2028 1441 2071; x_wconf 80' lang='lat' dir='ltr'><em>Quod</em></span> <span class='ocrx_word' id='word_1_276' title='bbox 1472 2028 1506 2064; x_wconf 91' lang='lat' dir='ltr'><em>si</em></span> 
     </span>
     <span class='ocr_line' id='line_1_32' title="bbox 189 2085 1502 2133; baseline 0.001 -13"><span class='ocrx_word' id='word_1_277' title='bbox 189 2085 253 2120; x_wconf 90' lang='lat' dir='ltr'><em>ille</em></span> <span class='ocrx_word' id='word_1_278' title='bbox 286 2085 395 2133; x_wconf 88' lang='lat' dir='ltr'><em>quasi</em></span> <span class='ocrx_word' id='word_1_279' title='bbox 424 2085 550 2121; x_wconf 88' lang='lat' dir='ltr'><em>malus</em></span> <span class='ocrx_word' id='word_1_280' title='bbox 577 2091 808 2133; x_wconf 88' lang='lat' dir='ltr'><em>permaneat</em></span> <span class='ocrx_word' id='word_1_281' title='bbox 840 2085 875 2120; x_wconf 89' lang='lat' dir='ltr'><em>in</em></span> <span class='ocrx_word' id='word_1_282' title='bbox 909 2085 1024 2131; x_wconf 83' lang='lat' dir='ltr'><em>malo,</em></span> <span class='ocrx_word' id='word_1_283' title='bbox 1054 2097 1140 2133; x_wconf 82' lang='lat' dir='ltr'><em>pax</em></span> <span class='ocrx_word' id='word_1_284' title='bbox 1176 2086 1425 2120; x_wconf 79' lang='lat' dir='ltr'><em>absconditur</em></span> <span class='ocrx_word' id='word_1_285' title='bbox 1456 2086 1502 2121; x_wconf 82' lang='lat' dir='ltr'><em>ab</em></span> 
     </span>
     <span class='ocr_line' id='line_1_33' title="bbox 189 2142 1503 2192; baseline -0.001 -13"><span class='ocrx_word' id='word_1_286' title='bbox 189 2143 308 2179; x_wconf 86' lang='lat' dir='ltr'><em>oculis</em></span> <span class='ocrx_word' id='word_1_287' title='bbox 340 2143 426 2189; x_wconf 71' lang='lat' dir='ltr'><em>tuis,</em></span> <span class='ocrx_word' id='word_1_288' title='bbox 471 2150 510 2178; x_wconf 88' lang='lat' dir='ltr'><em>tu</em></span> <span class='ocrx_word' id='word_1_289' title='bbox 550 2142 659 2191; x_wconf 89' lang='lat' dir='ltr'><em>quasi</em></span> <span class='ocrx_word' id='word_1_290' title='bbox 678 2142 790 2192; x_wconf 89' lang='lat' dir='ltr'><em>filius</em></span> <span class='ocrx_word' id='word_1_291' title='bbox 827 2143 935 2191; x_wconf 83' lang='lat' dir='ltr'><em>pacis</em></span> <span class='ocrx_word' id='word_1_292' title='bbox 962 2143 1077 2191; x_wconf 87' lang='lat' dir='ltr'><em>pulsa</em></span> <span class='ocrx_word' id='word_1_293' title='bbox 1123 2143 1275 2178; x_wconf 91' lang='lat' dir='ltr'><em>ianuam</em></span> <span class='ocrx_word' id='word_1_294' title='bbox 1304 2144 1437 2192; x_wconf 83' lang='lat' dir='ltr'><em>pacis;</em></span> <span class='ocrx_word' id='word_1_295' title='bbox 1468 2151 1503 2179; x_wconf 91' lang='lat' dir='ltr'><em>et</em></span> 
     </span>
     <span class='ocr_line' id='line_1_34' title="bbox 189 2200 1501 2249; baseline 0.001 -13"><span class='ocrx_word' id='word_1_296' title='bbox 189 2201 259 2237; x_wconf 86' lang='lat' dir='ltr'><em>lzoc</em></span> <span class='ocrx_word' id='word_1_297' title='bbox 291 2208 345 2236; x_wconf 89' lang='lat' dir='ltr'><em>est</em></span> <span class='ocrx_word' id='word_1_298' title='bbox 377 2201 571 2249; x_wconf 86' lang='lat' dir='ltr'><em>inquirere</em></span> <span class='ocrx_word' id='word_1_299' title='bbox 597 2212 746 2249; x_wconf 90' lang='lat' dir='ltr'><em>pacem.</em></span> <span class='ocrx_word' id='word_1_300' title='bbox 789 2201 868 2236; x_wconf 89' lang='lat' dir='ltr'><em>Nec</em></span> <span class='ocrx_word' id='word_1_301' title='bbox 902 2200 1028 2236; x_wconf 89' lang='lat' dir='ltr'><em>dicas:</em></span> <span class='ocrx_word' id='word_1_302' title='bbox 1065 2201 1130 2236; x_wconf 88' lang='lat' dir='ltr'><em>ille</em></span> <span class='ocrx_word' id='word_1_303' title='bbox 1162 2201 1255 2236; x_wconf 79' lang='lat' dir='ltr'><em>milzi</em></span> <span class='ocrx_word' id='word_1_304' title='bbox 1288 2202 1403 2249; x_wconf 85' lang='lat' dir='ltr'><em>prior</em></span> <span class='ocrx_word' id='word_1_305' title='bbox 1446 2202 1501 2237; x_wconf 92' lang='lat' dir='ltr'><em>in-</em></span> 
     </span>
     <span class='ocr_line' id='line_1_35' title="bbox 188 2258 1500 2308; baseline 0.001 -15"><span class='ocrx_word' id='word_1_306' title='bbox 188 2258 327 2293; x_wconf 87' lang='lat' dir='ltr'><em>iuriam</em></span> <span class='ocrx_word' id='word_1_307' title='bbox 350 2259 451 2307; x_wconf 87' lang='lat' dir='ltr'><em>fecit</em></span> <span class='ocrx_word' id='word_1_308' title='bbox 484 2266 518 2294; x_wconf 87' lang='lat' dir='ltr'><em>et</em></span> <span class='ocrx_word' id='word_1_309' title='bbox 544 2258 658 2307; x_wconf 87' lang='lat' dir='ltr'><em>prius</em></span> <span class='ocrx_word' id='word_1_310' title='bbox 691 2259 797 2293; x_wconf 80' lang='lat' dir='ltr'><em>dehet</em></span> <span class='ocrx_word' id='word_1_311' title='bbox 830 2270 889 2294; x_wconf 87' lang='lat' dir='ltr'><em>me</em></span> <span class='ocrx_word' id='word_1_312' title='bbox 923 2270 1080 2308; x_wconf 74' lang='lat' dir='ltr'><em>rogare.</em></span> <span class='ocrx_word' id='word_1_313' title='bbox 1126 2258 1348 2295; x_wconf 88' lang='lat' dir='ltr'><em>Gloriosior</em></span> <span class='ocrx_word' id='word_1_314' title='bbox 1380 2271 1417 2295; x_wconf 87' lang='lat' dir='ltr'><em>es</em></span> <span class='ocrx_word' id='word_1_315' title='bbox 1449 2267 1500 2303; x_wconf 69' lang='lat' dir='ltr'><em>tu,</em></span> 
     </span>
     <span class='ocr_line' id='line_1_36' title="bbox 133 2316 1500 2367; baseline 0.001 -15"><span class='ocrx_word' id='word_1_316' title='bbox 133 2320 172 2353; x_wconf 75' lang='lat'><em>35</em></span> <span class='ocrx_word' id='word_1_317' title='bbox 188 2316 221 2352; x_wconf 90' lang='lat' dir='ltr'><em>si</em></span> <span class='ocrx_word' id='word_1_318' title='bbox 258 2317 404 2352; x_wconf 86' lang='lat' dir='ltr'><em>nocitus</em></span> <span class='ocrx_word' id='word_1_319' title='bbox 436 2328 572 2365; x_wconf 90' lang='lat' dir='ltr'><em>pacem</em></span> <span class='ocrx_word' id='word_1_320' title='bbox 608 2316 773 2364; x_wconf 90' lang='lat' dir='ltr'><em>pecieris</em></span> <span class='ocrx_word' id='word_1_321' title='bbox 812 2328 923 2364; x_wconf 90' lang='lat' dir='ltr'><em>quam</em></span> <span class='ocrx_word' id='word_1_322' title='bbox 967 2316 1001 2351; x_wconf 91' lang='lat' dir='ltr'><em>si</em></span> <span class='ocrx_word' id='word_1_323' title='bbox 1036 2328 1183 2352; x_wconf 89' lang='lat' dir='ltr'><em>nocens.</em></span> <span class='ocrx_word' id='word_1_324' title='bbox 1237 2317 1365 2360; x_wconf 81' lang='lat' dir='ltr'><em>Quere</em></span> <span class='ocrx_word' id='word_1_325' title='bbox 1403 2330 1500 2367; x_wconf 78' lang='lat' dir='ltr'><em>ergo</em></span> 
     </span>
     <span class='ocr_line' id='line_1_37' title="bbox 183 2374 1500 2424; baseline 0 -14"><span class='ocrx_word' id='word_1_326' title='bbox 183 2386 333 2423; x_wconf 77' lang='lat' dir='ltr'><em>pacem,</em></span> <span class='ocrx_word' id='word_1_327' title='bbox 378 2381 417 2409; x_wconf 89' lang='lat' dir='ltr'><em>ut</em></span> <span class='ocrx_word' id='word_1_328' title='bbox 459 2374 629 2409; x_wconf 82' lang='lat' dir='ltr'><em>invenias</em></span> <span class='ocrx_word' id='word_1_329' title='bbox 661 2374 857 2423; x_wconf 77' lang='lat' dir='ltr'><em>premium</em></span> <span class='ocrx_word' id='word_1_330' title='bbox 884 2374 1003 2422; x_wconf 86' lang='lat' dir='ltr'><em>pacis.</em></span> <span class='ocrx_word' id='word_1_331' title='bbox 1049 2375 1162 2410; x_wconf 87' lang='lat' dir='ltr'><em>Beati</em></span> <span class='ocrx_word' id='word_1_332' title='bbox 1203 2375 1299 2410; x_wconf 87' lang='lat' dir='ltr'><em>enim</em></span> <span class='ocrx_word' id='word_1_333' title='bbox 1335 2375 1500 2424; x_wconf 78' lang='lat' dir='ltr'><em>pacifici,</em></span> 
     </span>
     <span class='ocr_line' id='line_1_38' title="bbox 189 2431 1291 2481; baseline 0.001 -14"><span class='ocrx_word' id='word_1_334' title='bbox 189 2432 365 2481; x_wconf 85' lang='lat' dir='ltr'><em>quoniam</em></span> <span class='ocrx_word' id='word_1_335' title='bbox 387 2432 469 2481; x_wconf 88' lang='lat' dir='ltr'><em>filii</em></span> <span class='ocrx_word' id='word_1_336' title='bbox 501 2432 576 2468; x_wconf 87' lang='lat' dir='ltr'><em>Dei</em></span> <span class='ocrx_word' id='word_1_337' title='bbox 607 2432 855 2467; x_wconf 77' lang='lat' dir='ltr'><em>vocabuntur.</em></span> <span class='ocrx_word' id='word_1_338' title='bbox 891 2433 974 2468; x_wconf 83' lang='lat' dir='ltr'><em>Hec</em></span> <span class='ocrx_word' id='word_1_339' title='bbox 1008 2431 1291 2469; x_wconf 80' lang='lat' dir='ltr'><em>Crisostomus.</em></span> 
     </span>
    </p>
   </div>
   <div class='ocr_carea' id='block_1_3' title="bbox 1748 236 1793 270">
    <p class='ocr_par' dir='ltr' id='par_1_3' title="bbox 1748 236 1793 270">
     <span class='ocr_line' id='line_1_39' title="bbox 1748 236 1793 270; baseline -0.022 0"><span class='ocrx_word' id='word_1_340' title='bbox 1748 236 1793 270; x_wconf 83' lang='lat'><em>55</em></span> 
     </span>
    </p>
   </div>
   <div class='ocr_carea' id='block_1_4' title="bbox 247 2490 1789 2538">
    <p class='ocr_par' dir='ltr' id='par_1_4' title="bbox 247 2490 1789 2538">
     <span class='ocr_line' id='line_1_40' title="bbox 247 2490 1789 2538; baseline -0.001 -13"><span class='ocrx_word' id='word_1_341' title='bbox 247 2492 395 2526; x_wconf 86' lang='lat' dir='ltr'><em>Totum</em></span> <span class='ocrx_word' id='word_1_342' title='bbox 430 2498 561 2525; x_wconf 82' lang='lat' dir='ltr'><em>autem</em></span> <span class='ocrx_word' id='word_1_343' title='bbox 595 2490 751 2526; x_wconf 86' lang='lat' dir='ltr'><em>lucrum</em></span> <span class='ocrx_word' id='word_1_344' title='bbox 786 2490 894 2537; x_wconf 82' lang='lat' dir='ltr'><em>quod</em></span> <span class='ocrx_word' id='word_1_345' title='bbox 928 2491 1049 2526; x_wconf 83' lang='lat' dir='ltr'><em>horno</em></span> <span class='ocrx_word' id='word_1_346' title='bbox 1083 2499 1263 2538; x_wconf 82' lang='lat' dir='ltr'><em>reportat</em></span> <span class='ocrx_word' id='word_1_347' title='bbox 1302 2492 1349 2526; x_wconf 85' lang='lat' dir='ltr'><em>de</em></span> <span class='ocrx_word' id='word_1_348' title='bbox 1389 2490 1501 2527; x_wconf 87' lang='lat' dir='ltr'><em>bellis</em></span> <span class='ocrx_word' id='word_1_349' title='bbox 1516 2497 1611 2524; x_wconf 82' lang='lat' dir='ltr'><em>From</em></span> <span class='ocrx_word' id='word_1_350' title='bbox 1634 2505 1698 2524; x_wconf 80' lang='lat' dir='ltr'><em>war</em></span> <span class='ocrx_word' id='word_1_351' title='bbox 1718 2506 1789 2524; x_wconf 78' lang='lat' dir='ltr'><em>man</em></span> 
     </span>
    </p>
   </div>
   <div class='ocr_carea' id='block_1_5' title="bbox 132 2546 1501 2654">
    <p class='ocr_par' dir='ltr' id='par_1_5' title="bbox 132 2546 1501 2654">
     <span class='ocr_line' id='line_1_41' title="bbox 190 2546 1501 2596; baseline 0.002 -13"><span class='ocrx_word' id='word_1_352' title='bbox 190 2547 275 2583; x_wconf 83' lang='lat' dir='ltr'><em>istis</em></span> <span class='ocrx_word' id='word_1_353' title='bbox 313 2548 373 2583; x_wconf 82' lang='lat' dir='ltr'><em>vel</em></span> <span class='ocrx_word' id='word_1_354' title='bbox 418 2547 551 2583; x_wconf 79' lang='lat' dir='ltr'><em>litibus</em></span> <span class='ocrx_word' id='word_1_355' title='bbox 596 2546 752 2584; x_wconf 77' lang='lat' dir='ltr'><em>videtur</em></span> <span class='ocrx_word' id='word_1_356' title='bbox 796 2556 902 2583; x_wconf 82' lang='lat' dir='ltr'><em>stare</em></span> <span class='ocrx_word' id='word_1_357' title='bbox 941 2547 981 2583; x_wconf 87' lang='lat' dir='ltr'><em>in</em></span> <span class='ocrx_word' id='word_1_358' title='bbox 1020 2548 1158 2584; x_wconf 85' lang='lat' dir='ltr'><em>mundi</em></span> <span class='ocrx_word' id='word_1_359' title='bbox 1198 2548 1323 2596; x_wconf 76' lang='lat' dir='ltr'><em>gloria</em></span> <span class='ocrx_word' id='word_1_360' title='bbox 1364 2549 1423 2585; x_wconf 86' lang='lat' dir='ltr'><em>vel</em></span> <span class='ocrx_word' id='word_1_361' title='bbox 1462 2548 1501 2585; x_wconf 89' lang='lat' dir='ltr'><em>in</em></span> 
     </span>
     <span class='ocr_line' id='line_1_42' title="bbox 132 2604 1501 2654; baseline 0.001 -14"><span class='ocrx_word' id='word_1_362' title='bbox 132 2619 176 2649; x_wconf 75' lang='lat'><em>40</em></span> <span class='ocrx_word' id='word_1_363' title='bbox 192 2604 377 2653; x_wconf 81' lang='lat' dir='ltr'><em>cupidine</em></span> <span class='ocrx_word' id='word_1_364' title='bbox 410 2605 693 2653; x_wconf 78' lang='lat' dir='ltr'><em>temporalium</em></span> <span class='ocrx_word' id='word_1_365' title='bbox 735 2605 996 2654; x_wconf 82' lang='lat' dir='ltr'><em>quesitorum.</em></span> <span class='ocrx_word' id='word_1_366' title='bbox 1043 2607 1248 2652; x_wconf 77' lang='lat' dir='ltr'><em>Quantum</em></span> <span class='ocrx_word' id='word_1_367' title='bbox 1295 2608 1344 2642; x_wconf 77' lang='lat' dir='ltr'><em>ad</em></span> <span class='ocrx_word' id='word_1_368' title='bbox 1388 2619 1501 2642; x_wconf 85' lang='lat' dir='ltr'><em>mun-</em></span> 
     </span>
    </p>
   </div>
   <div class='ocr_carea' id='block_1_6' title="bbox 260 2760 1500 2797">
    <p class='ocr_par' dir='ltr' id='par_1_6' title="bbox 260 2760 1500 2797">
     <span class='ocr_line' id='line_1_43' title="bbox 260 2760 1500 2797; baseline 0 -9"><span class='ocrx_word' id='word_1_369' title='bbox 260 2760 284 2788; x_wconf 80' lang='lat'><em>3.</em></span> <span class='ocrx_word' id='word_1_370' title='bbox 295 2762 338 2788; x_wconf 91' lang='lat' dir='ltr'><em>A:</em></span> <span class='ocrx_word' id='word_1_371' title='bbox 354 2761 384 2788; x_wconf 85' lang='lat' dir='ltr'><em>in</em></span> <span class='ocrx_word' id='word_1_372' title='bbox 392 2769 511 2796; x_wconf 83' lang='lat' dir='ltr'><em>pacem.</em></span> <span class='ocrx_word' id='word_1_373' title='bbox 569 2770 606 2789; x_wconf 88' lang='lat'><em>12.</em></span> <span class='ocrx_word' id='word_1_374' title='bbox 623 2763 649 2789; x_wconf 89' lang='lat' dir='ltr'><strong>A</strong></span> <span class='ocrx_word' id='word_1_375' title='bbox 660 2770 784 2797; x_wconf 84' lang='lat' dir='ltr'><em>:pacem</em></span> <span class='ocrx_word' id='word_1_376' title='bbox 799 2763 975 2797; x_wconf 84' lang='lat' dir='ltr'><em>loquuntur.</em></span> <span class='ocrx_word' id='word_1_377' title='bbox 1044 2761 1088 2789; x_wconf 70' lang='lat'><em>38.</em></span> <span class='ocrx_word' id='word_1_378' title='bbox 1110 2763 1138 2790; x_wconf 86' lang='lat' dir='ltr'><strong>A</strong></span> <span class='ocrx_word' id='word_1_379' title='bbox 1153 2762 1181 2789; x_wconf 86' lang='lat' dir='ltr'><em>in</em></span> <span class='ocrx_word' id='word_1_380' title='bbox 1200 2770 1314 2797; x_wconf 68' lang='lat' dir='ltr'><em>marg.»</em></span> <span class='ocrx_word' id='word_1_381' title='bbox 1329 2762 1500 2790; x_wconf 82' lang='lat' dir='ltr'><em>Joliannes.</em></span> 
     </span>
    </p>
   </div>
   <div class='ocr_carea' id='block_1_7' title="bbox 193 2855 1119 2898">
    <p class='ocr_par' dir='ltr' id='par_1_7' title="bbox 193 2855 1119 2898">
     <span class='ocr_line' id='line_1_44' title="bbox 193 2855 1119 2898; baseline 0.001 -12"><span class='ocrx_word' id='word_1_382' title='bbox 193 2866 223 2898; x_wconf 87' lang='lat'><em>7.</em></span> <span class='ocrx_word' id='word_1_383' title='bbox 250 2856 376 2887; x_wconf 76' lang='lat' dir='ltr'><em>Psalm.</em></span> <span class='ocrx_word' id='word_1_384' title='bbox 402 2856 548 2896; x_wconf 78' lang='lat' dir='ltr'>XXXIII,</span> <span class='ocrx_word' id='word_1_385' title='bbox 580 2866 630 2897; x_wconf 72' lang='lat'><em>14.</em></span> <span class='ocrx_word' id='word_1_386' title='bbox 708 2857 757 2889; x_wconf 81' lang='lat'><em>15.</em></span> <span class='ocrx_word' id='word_1_387' title='bbox 784 2856 839 2897; x_wconf 66' lang='lat' dir='ltr'><em>ib„</em></span> <span class='ocrx_word' id='word_1_388' title='bbox 871 2855 920 2888; x_wconf 83' lang='lat'><em>15.</em></span> <span class='ocrx_word' id='word_1_389' title='bbox 995 2855 1047 2888; x_wconf 77' lang='lat'><em>26.</em></span> <span class='ocrx_word' id='word_1_390' title='bbox 1075 2857 1119 2888; x_wconf 81' lang='lat' dir='ltr'><em>ib.</em></span> 
     </span>
    </p>
   </div>
   <div class='ocr_carea' id='block_1_8' title="bbox 1534 2532 1774 2628">
    <p class='ocr_par' dir='ltr' id='par_1_8' title="bbox 1534 2532 1774 2628">
     <span class='ocr_line' id='line_1_45' title="bbox 1534 2532 1774 2567; baseline 0.004 -9"><span class='ocrx_word' id='word_1_391' title='bbox 1534 2540 1588 2558; x_wconf 76' lang='lat' dir='ltr'><em>can</em></span> <span class='ocrx_word' id='word_1_392' title='bbox 1610 2532 1678 2566; x_wconf 76' lang='lat' dir='ltr'><em>gain</em></span> <span class='ocrx_word' id='word_1_393' title='bbox 1701 2533 1774 2567; x_wconf 82' lang='lat' dir='ltr'><em>only</em></span> 
     </span>
     <span class='ocr_line' id='line_1_46' title="bbox 1536 2567 1771 2602; baseline 0.009 -11"><span class='ocrx_word' id='word_1_394' title='bbox 1536 2567 1663 2601; x_wconf 59' lang='lat' dir='ltr'><em>xx&#39;orldly</em></span> <span class='ocrx_word' id='word_1_395' title='bbox 1685 2567 1771 2602; x_wconf 67' lang='lat' dir='ltr'><em>glory</em></span> 
     </span>
     <span class='ocr_line' id='line_1_47' title="bbox 1569 2601 1735 2628; baseline 0 0"><span class='ocrx_word' id='word_1_396' title='bbox 1569 2610 1604 2628; x_wconf 83' lang='lat' dir='ltr'><em>or</em></span> <span class='ocrx_word' id='word_1_397' title='bbox 1624 2601 1735 2628; x_wconf 72' lang='lat' dir='ltr'><em>siches.</em></span> 
     </span>
    </p>
   </div>
  </div>
 </body>
</html>
