2003 3322
202 229 290 257 CAP.
311 220 380 274 Ν]
678 231 888 263 SECUNDA
917 232 1043 263 PARS.
1719 223 1796 260 253

202 339 466 390 elemosynam
505 338 646 374 nesciat
683 337 840 374 sinistra
879 345 943 373 tua
983 338 1074 386 quid
1093 338 1224 386 faciat
1257 339 1400 374 dextra
1432 347 1509 375 tua.

202 396 316 446 Ergo
347 396 402 432 sic
434 396 492 431 illi
512 396 670 444 faciunt
704 402 742 430 ut
773 396 868 431 sciat
900 396 1058 431 sinistra
1091 408 1224 432 eorum
1264 397 1355 444 quid
1383 397 1513 445 faciat

202 455 344 490 dextra
377 465 523 491 eorum.
564 454 678 497 Quod
710 453 833 503 igitur
864 453 900 489 in
933 453 1010 489 illis
1041 454 1237 502 culpatum
1272 462 1338 498 est,
1372 455 1441 490 lzoc
1473 462 1511 490 tu

191 513 334 560 facere
366 511 521 549 vetaris.
555 511 596 546 ln
629 512 707 547 illis
737 518 862 547 autem
899 511 970 547 hoc
1001 511 1196 560 culpatum
1230 519 1298 557 est,
1331 513 1432 560 quod
1460 513 1511 548 ita

169 565 361 618 5saciunt‚
401 577 439 604 ut
478 569 611 605 laudes
650 569 843 605 hominum
882 576 1054 618 querant.
1112 570 1363 619 Quapropter
1396 570 1801 606 nichilThelefthandis

201 627 492 675 consequencius
544 627 701 663 sinistra
754 627 906 662 videtur
955 627 1181 676 significare
1232 640 1345 675 quam
1390 628 1511 676 ipsam
1570 612 1764 680 ἓζ-Ξῑιῧζζεῐξέ

201 685 327 720 laudis
371 685 678 721 delectacionem.
726 685 904 720 Dextera
953 696 1045 720 vera
1093 685 1224 734 signat
1262 686 1511 722 intencionem
1527 681 1792 743 riiffltirlgassdffliffi

200 743 387 791 implendi
410 750 598 792 precepta
633 743 774 778 diuina.
815 742 909 777 Cum
933 742 1060 790 itaque
1082 743 1314 779 consciencie
1326 744 1513 792 facientis
1535 749 1633 777 God⁷s
1655 750 1792 786 bidding,

200 801 463 850 elemosynam
497 801 628 836 miscet
659 812 699 836 se
720 800 908 849 appeticio
932 800 1060 835 laudis
1083 802 1258 847 humane,
1280 801 1333 850 fit
1354 801 1511 837 sinistra

147 865 184 886 10
200 858 350 893 conscia
383 858 510 907 operis
544 859 724 893 dextere:
769 858 925 893 Nesciat
963 857 1086 907 igitur
1122 858 1279 894 sinistra
1320 866 1383 894 tua
1422 859 1514 908 quid

188 915 320 964 faciat
364 916 541 961 dextera,
587 916 625 951 id
671 923 738 962 est,
788 928 860 951 non
903 927 943 951 se
982 916 1141 952 misceat
1184 917 1415 953 consciencie
1452 925 1513 953 tue

202 973 329 1009 laudis
361 973 526 1009 humane
557 974 760 1023 appeticio,
794 986 877 1009 cum
912 973 948 1008 in
981 973 1187 1009 elemosina
1209 975 1398 1023 facienda
1418 987 1512 1024 pre-

199 1038 347 1080 ceptum
390 1031 560 1066 divinum
593 1032 789 1067 contendis
821 1031 994 1080 implere,
1041 1039 1080 1067 ut
1111 1032 1158 1067 sit
1191 1032 1415 1083 elemosyna
1448 1040 1512 1068 tua

200 1089 235 1124 in
269 1089 504 1125 abscondito.
557 1089 661 1133 Quid
692 1097 747 1124 est
780 1090 815 1124 in
848 1089 1084 1132 abscondito,
1126 1090 1199 1125 nisi
1230 1090 1265 1125 in
1299 1091 1381 1139 ipsa
1414 1091 1511 1126 bona

148 1144 412 1182 15conciencia
446 1159 517 1195 que
549 1147 668 1183 oculis
700 1147 876 1182 humanis
909 1158 981 1182 non
1010 1154 1136 1195 potest
1162 1148 1426 1184 demonstrari
1445 1161 1512 1185 nec

200 1204 326 1239 uerbis
357 1205 535 1253 aperiri?
585 1205 902 1252 Quandoquidem
948 1205 1061 1240 multi
1096 1205 1216 1241 multa
1256 1206 1508 1242 menciuntur.

204 1261 457 1311 Quapropter
487 1262 522 1298 si
552 1263 717 1298 dextera
750 1262 979 1298 intrinsecus
1010 1263 1095 1312 agit
1127 1262 1163 1298 in
1192 1264 1427 1308 abscondito,
1460 1265 1512 1300 ad

198 1319 396 1355 sinistram
432 1320 626 1369 pertinent
666 1320 792 1356 omnia
826 1320 1025 1356 exteriora
1059 1333 1130 1368 que
1160 1329 1248 1357 sunt
1281 1322 1443 1357 visibilia
1477 1329 1511 1358 et

199 1378 439 1426 temporalia.
491 1378 548 1413 Sit
588 1378 711 1428 igitur
751 1378 956 1414 elemosina
995 1386 1059 1414 tua
1093 1379 1128 1414 in
1161 1379 1243 1427 ipsa
1276 1379 1510 1416 consciencia

143 1444 184 1465 20
199 1442 276 1480 tua,
310 1435 372 1470 ubi
403 1436 515 1471 multi
545 1436 790 1471 elemosinam
813 1435 970 1484 faciunt
994 1437 1090 1472 bona
1115 1437 1323 1480 uoluntate,
1356 1438 1513 1473 eciamsi

194 1493 395 1541 pecuniam
442 1494 502 1528 vel
545 1494 578 1529 si
614 1493 704 1541 quid
740 1494 848 1529 aliud
894 1495 996 1541 quod
1033 1495 1137 1543 inopi
1173 1495 1421 1545 largiendum
1457 1503 1511 1531 est

200 1562 271 1586 non
315 1551 492 1587 habeant.
544 1551 663 1587 Multi
703 1559 829 1587 autem
867 1552 977 1600 soris
1010 1552 1166 1600 faciunt
1212 1561 1246 1588 et
1293 1553 1393 1589 intus
1437 1566 1509 1589 non

191 1608 348 1656 faciunt
398 1609 463 1657 qui
512 1609 571 1644 vel
619 1609 828 1645 ambicione
873 1610 933 1645 uel
975 1610 1139 1646 alicuius
1184 1611 1242 1646 rei
1283 1611 1510 1660 temporalis

199 1666 337 1716 gracia
373 1667 504 1702 uolunt
536 1667 808 1703 misericordes
841 1668 968 1703 videri
998 1668 1034 1703 in
1068 1668 1202 1715 quibus
1234 1669 1316 1704 sola
1349 1669 1506 1705 sinistra

145 1722 183 1754 25
200 1724 359 1772 operari
388 1724 646 1760 existimanda
678 1732 745 1762 est.

258 1783 365 1823 Item,
404 1782 472 1817 alii
507 1790 593 1818 sunt
632 1783 696 1831 qui
725 1783 834 1830 qnasi
865 1783 966 1819 inter
998 1791 1179 1831 utrosque
1212 1784 1335 1819 locum
1371 1792 1508 1829 tenent,
1571 1791 1620 1830 No
1641 1792 1758 1827 eartmy

201 1847 238 1875 ut
284 1848 317 1875 et
362 1840 571 1876 intencione
614 1853 683 1888 que
729 1841 765 1876 in
803 1842 924 1876 Deum
964 1848 1019 1876 est
1057 1842 1302 1877 elemosinam
1332 1843 1512 1890 faciant;
1542 1830 1779 1888 ffiffiaeeismmguslt·

200 1905 234 1933 et
267 1905 392 1933 tamen
425 1898 567 1934 inserat
600 1911 640 1934 se
672 1899 759 1934 lzuic
792 1899 932 1948 optime
966 1899 1155 1934 voluntati
1184 1901 1366 1935 nonnulla
1389 1901 1508 1936 eciam
1550 1895 1776 1958 wislhtgiobey

202 1956 328 1990 laudis
367 1955 427 1991 vel
468 1956 647 2003 cuiusque
686 1957 744 1991 rei
769 1957 941 2006 fragilis
980 1964 1013 1992 et
1047 1958 1273 2005 temporalis
1305 1958 1507 2006 cupiditas.
1696 1952 1702 1957 ’

144 2013 185 2045 30
199 2013 276 2049 Sed
299 2013 488 2049 Dominus
520 2021 649 2049 noster
682 2015 942 2050 veliemencius
961 2014 1140 2062 prohibet
1166 2015 1288 2051 solam
1311 2016 1507 2052 sinistram

199 2071 235 2106 in
280 2071 386 2106 nobis
429 2071 599 2120 operari,
646 2073 797 2119 quando
842 2072 960 2108 eciam
1007 2072 1163 2107 misceri
1203 2085 1285 2108 eam
1330 2074 1509 2122 prohibet

200 2128 379 2177 operibus
412 2129 585 2173 dextere,
628 2137 665 2164 ut
698 2130 839 2166 scilicet
873 2142 945 2165 non
978 2130 1091 2165 modo
1123 2130 1205 2165 sola
1239 2132 1509 2179 temporalium

200 2198 330 2221 rerum
355 2186 562 2235 cupiditate
584 2199 788 2223 caveamus
820 2187 1064 2223 elemosinam
1081 2188 1245 2236 facere,-
1275 2189 1345 2224 sed
1376 2201 1442 2225 nec
1474 2190 1510 2225 in

81 2241 161 2273 381¹*
201 2245 271 2279 hoc
323 2256 439 2292 opere
488 2245 733 2281 attendamus
784 2246 908 2281 Deum
962 2252 1001 2279 ut
1052 2257 1134 2281 sese
1186 2246 1257 2281 mis
1285 2241 1291 2299 Ι
1318 2255 1400 2282 ceat
1452 2247 1513 2282 vel

144 2299 183 2333 35
199 2302 388 2351 adiungat
420 2302 659 2338 exteriorum
692 2303 880 2352 appeticio
908 2303 1210 2339 commodorum.
1245 2304 1390 2354 Agitur
1412 2304 1509 2340 enim

201 2360 246 2395 de
279 2360 397 2395 corde
430 2360 663 2407 mundando,
709 2362 811 2409 quod
845 2361 918 2396 nisi
938 2360 1068 2408 fuerit
1102 2361 1281 2410 simplex,
1326 2362 1509 2398 mundum

200 2424 235 2453 et
261 2429 406 2465 purum
440 2429 511 2453 non
545 2418 628 2453 erit.
665 2418 843 2467 Simplex
873 2425 1000 2454 autem
1034 2420 1224 2466 quomodo
1257 2419 1331 2455 erit
1361 2420 1396 2456 si
1417 2420 1509 2456 duo-

199 2475 268 2510 bus
300 2475 465 2510 dominis
497 2475 642 2511 serviat
674 2488 740 2512 nec
772 2489 845 2512 una
879 2475 1090 2512 intencione
1122 2488 1253 2513 rerum
1287 2485 1509 2513 eternarum

194 2532 375 2582 purificet
417 2533 536 2568 aciem
576 2545 700 2581 suam,
746 2534 816 2570 sed
854 2546 936 2570 eam
976 2534 1199 2570 mortalium
1240 2547 1388 2583 quoque
1413 2536 1509 2584 fra-

266 2686 291 2715 3.
325 2688 363 2715 13:
395 2688 558 2723 culpabilis
588 2692 642 2716 est.
752 2698 792 2717 10.
821 2690 857 2717 B:
891 2690 1054 2717 consciam.
1164 2691 1205 2719 [ὁ.
1233 2691 1279 2718 A:
1306 2690 1396 2719 multi
1418 2692 1509 2719 mala.

200 2722 239 2750 18.
261 2722 377 2750 Codd.:
394 2723 540 2755 pertinet.
643 2731 685 2750 22.
708 2725 733 2751 A
755 2725 784 2752 in
808 2732 922 2760 marg:
945 2733 970 2753 1.
1073 2726 1119 2752 26.
1142 2727 1170 2753 A
1191 2726 1221 2753 in
1243 2733 1357 2761 marg:
1379 2733 1415 2759 2‚·
1436 2726 1456 2752 Β
1478 2727 1507 2753 iu

198 2764 312 2792 marg:
332 2759 375 2792 33·
393 2757 434 2784 ib.
455 2758 499 2785 A:
520 2761 660 2794 utroque.
734 2766 781 2794 29.
803 2758 841 2787 B:
863 2759 1032 2788 cuiuslibet.
1106 2758 1149 2789 35.
1171 2761 1216 2788 A:
1237 2760 1382 2799 adiugat.

273 2829 322 2861 15.
348 2829 466 2862 Matth.
493 2830 549 2870 Vt,
575 2840 607 2871 4.
