2062 3327
209 266 260 303 24
907 257 1027 290 opus
1053 256 1391 288 EVANGELICUM
1594 243 1701 297 [CAP.
1727 252 1809 280 vm.

496 380 630 403 amare
662 379 733 403 non
768 366 868 402 valet
900 372 935 401 et
967 364 1169 414 negligere
1208 363 1315 398 illum
1355 363 1419 411 qui
1455 370 1516 399 tue
1548 362 1689 398 dicioni
1726 374 1810 398 cum

497 425 704 461 dileccione
747 423 872 460 omnia
912 423 1059 471 prebet.
1106 421 1276 470 Propter
1323 421 1391 456 hoc
1428 420 1552 471 igitur
1590 432 1661 455 non
1702 419 1816 470 diligi

496 483 661 519 mundus
700 481 919 531 precipitur
962 480 1030 516 sed
1073 479 1187 529 diligi
1220 478 1429 528 proximus
1471 491 1493 514 a
1532 478 1617 514 Deo
1650 478 1814 524 iubetur,

497 541 583 589 quia
610 539 821 589 proximus
860 538 977 574 vicem
1016 537 1076 573 sui
1112 537 1258 572 amoris
1290 543 1417 585 potest
1459 536 1683 585 rependere,
1716 536 1817 584 quod

497 598 662 634 mundus
693 597 846 633 minime
873 608 989 645 posse
1019 607 1091 631 non
1116 595 1325 633 dubitatur.
1360 594 1468 630 Licet
1490 594 1587 630 enim
1620 593 1813 629 inimicum
1833 597 1849 629 5

498 668 578 693 esse
629 655 869 705 diligendum
926 653 1117 690 Dominus
1159 652 1390 701 preceperit,
1438 659 1477 687 ut
1527 651 1594 687 illa
1660 651 1816 687 dileccio

498 714 662 751 amicum
695 713 802 749 illum
837 724 888 748 ex
918 711 1070 747 inimico
1114 711 1273 761 efficiat,
1322 709 1489 758 quisquis
1525 721 1622 759 ergo
1656 709 1817 758 cupidus

499 772 617 818 dives,
649 771 684 807 si
716 771 795 806 vult
827 777 978 806 eternas
1010 769 1152 805 habere
1184 768 1356 815 divicias,
1391 767 1654 804 distribuendo
1687 767 1818 817 egenis

494 836 643 879 prestet
675 828 827 864 interim
861 840 933 864 non
975 839 1192 863 mansuras.
1239 826 1281 861 Si
1320 825 1417 861 enim
1450 825 1551 874 quod
1583 825 1714 875 diligit
1745 837 1817 860 non

500 887 642 934 vendit,
672 898 781 922 nemo
806 895 932 922 emere
950 892 1078 935 potest
1105 885 1207 933 quod
1238 884 1353 933 cupit.
1387 883 1512 918 Avari
1541 883 1625 919 ideo
1658 895 1820 931 namque
1839 896 1877 916 ιο

499 946 535 981 in
568 945 706 981 iudicio
739 957 760 980 a
794 943 1007 980 rectissimo
1028 943 1152 979 iudice
1181 948 1452 991 nuncupantur
1483 941 1701 977 maledicti:
1732 941 1818 989 quia

500 1003 564 1052 qui
588 1002 834 1053 preteribant
852 1014 986 1038 eorum
1010 1001 1228 1037 habitacula
1261 1012 1333 1036 non
1367 999 1559 1035 dicebant:
1592 998 1819 1035 Benediccio

500 1060 662 1100 Domini
691 1072 809 1110 super
841 1072 920 1107 vos,
961 1059 1227 1096 benediximus
1260 1058 1365 1094 vobis
1397 1057 1432 1093 in
1466 1057 1615 1094 nomine
1646 1056 1817 1094 Domini.

503 1119 680 1168 Infelices
711 1131 808 1169 ergo
849 1125 937 1154 sunt
970 1117 1084 1153 avari
1121 1117 1256 1152 divites
1294 1116 1358 1164 qui
1390 1122 1556 1164 propter
1590 1127 1651 1151 res
1691 1122 1818 1150 trans-

500 1177 635 1213 itorias
666 1177 702 1212 in
731 1176 1046 1226 dampnacionem
1075 1182 1303 1224 perpetuam
1337 1173 1572 1209 dilabuntur.
1607 1173 1658 1209 Et
1687 1185 1706 1209 e
1733 1185 1820 1209 con·
1842 1176 1878 1209 15

501 1235 647 1271 trario:
677 1235 791 1271 Beati
817 1241 905 1270 sunt
932 1231 1407 1281 misericordes,quoniam
1428 1231 1501 1280 ipsi
1514 1230 1821 1268 misericordiam

502 1300 791 1341 consequentur.
845 1292 962 1328 Felix
1004 1299 1057 1328 est
1104 1291 1227 1342 igitur
1271 1289 1508 1336 misericors,
1547 1289 1637 1325 dum
1676 1289 1711 1324 in
1752 1289 1823 1324 hac

503 1352 643 1387 virtute
673 1362 746 1387 non
777 1350 1035 1387 substanciam
1067 1350 1135 1386 sed
1172 1349 1349 1397 affectum
1382 1348 1489 1384 Deus
1522 1347 1693 1396 requirit.

561 1411 609 1445 Et
642 1417 751 1457 patet
784 1409 891 1457 quod
925 1416 1141 1456 paupertas
1184 1405 1348 1455 spiritus
1388 1404 1544 1441 inducit
1577 1417 1691 1442 veras
1725 1404 1823 1440 divi-

505 1467 584 1504 cias
619 1475 655 1503 et
687 1466 865 1503 virtutes.
1844 1476 1886 1497 20

1014 1600 1154 1643 CAP.
1188 1600 1321 1644 VIII.

217 1730 350 1757 Christ’s
377 1729 491 1757 second
565 1710 756 1759 Sequitur
778 1710 999 1745 secundum
1027 1709 1193 1744 verbum
1226 1706 1373 1743 Christi
1398 1708 1494 1743 dum
1520 1705 1683 1743 dicitur:
1717 1705 1831 1741 Beati

217 1765 355 1827 δὲζέῃῇιῑε
368 1764 490 1827 ᾖξίῗξό
509 1769 631 1815 mites,
665 1768 842 1817 quoniam
877 1767 951 1816 ipsi
975 1766 1226 1816 possidebunt
1259 1773 1419 1802 terram.
1469 1764 1543 1801 Ubi
1577 1772 1685 1812 patet
1718 1764 1827 1812 quod

466 1820 471 1825 ³
509 1825 687 1874 loquitur
720 1827 768 1862 de
810 1825 962 1861 miticia
995 1837 1072 1873 que
1111 1823 1292 1872 sequitur
1325 1824 1375 1860 ad
1408 1822 1693 1872 humilitatem,
1727 1821 1828 1858 sicut

508 1883 659 1921 invidia
691 1883 872 1932 sequitur
906 1884 955 1919 ad
989 1881 1234 1930 superbiam.
1270 1881 1466 1930 Loquitur
1490 1882 1537 1917 de
1565 1889 1671 1916 terra
1693 1879 1826 1916 viven-
1845 1885 1883 1916 25

510 1942 614 1978 cium
666 1954 742 1990 que
788 1950 845 1978 est
890 1953 1056 1989 regnum
1104 1940 1296 1977 celorum.
1357 1940 1470 1976 Unde
1509 1937 1755 1986 Augustinus
1788 1937 1828 1973 in

509 2002 556 2037 de
596 2012 780 2036 sermone
813 1998 976 2036 Domini
1015 1998 1055 2034 in
1094 2000 1248 2034 Monte:
1289 1998 1401 2033 Illam
1440 1997 1557 2033 credo
1596 2003 1743 2032 terram
1784 1995 1830 2031 de

510 2071 581 2107 qua
616 2058 651 2094 in
685 2057 842 2094 Psalmo
880 2057 1021 2093 CXLI⁰
1047 2056 1208 2092 dicitur:
1242 2056 1336 2105 Spes
1366 2068 1447 2092 mea
1478 2067 1516 2091 es
1540 2062 1593 2102 tu,
1625 2061 1664 2090 tu
1692 2053 1828 2103 porcio

510 2129 592 2152 mea
626 2116 662 2152 in
695 2123 803 2152 terra
837 2115 1060 2151 vivencium.
1096 2114 1300 2164 Signficat
1328 2113 1424 2149 enim
1459 2113 1663 2161 quamdam
1696 2111 1828 2147 solidi-

510 2181 624 2210 tatem
658 2181 693 2210 et
714 2173 960 2210 stabilitatem
985 2179 1172 2222 perpetue
1204 2171 1444 2217 hereditatis,
1473 2167 1478 2222 Ι
1506 2170 1570 2207 ubi
1599 2169 1726 2205 anima
1757 2182 1830 2218 per
1870 2176 1950 2210 355¹·

512 2233 649 2268 bonum
683 2232 860 2281 affectum
884 2239 1079 2280 tamquam
1104 2230 1186 2266 loco
1213 2242 1281 2266 suo
1313 2229 1528 2278 requiescit,
1559 2228 1656 2264 sicut
1687 2239 1828 2276 corpus

510 2290 545 2325 in
579 2297 699 2336 terra,
733 2297 768 2326 et
800 2289 886 2325 inde
918 2289 999 2325 cibo
1038 2301 1106 2325 suo
1139 2288 1272 2335 alitur,
1310 2287 1407 2324 sicut
1446 2298 1586 2336 corpus
1618 2297 1669 2322 ex
1700 2292 1828 2321 terra:

511 2348 593 2397 ipsa
626 2355 681 2383 est
713 2347 862 2396 requies
894 2354 927 2383 et
961 2347 1037 2382 vita
1070 2353 1306 2384 sanctorum.
1341 2345 1456 2381 Mites
1487 2351 1612 2380 autent
1645 2350 1735 2379 sunt
1767 2343 1830 2391 qui

511 2406 648 2441 cedunt
671 2405 979 2454 improbitatibus
1008 2412 1042 2441 et
1065 2417 1136 2440 non
1162 2404 1343 2440 resistunt
1366 2402 1483 2449 malo,
1515 2402 1583 2438 sed
1606 2402 1758 2437 vincunt
1791 2401 1826 2436 in

512 2465 606 2499 bono
640 2463 796 2498 malum.
1844 2468 1883 2500 35

582 2619 606 2646 5.
626 2621 724 2653 Aug:
745 2618 828 2646 Licet
848 2618 936 2646 enim.
1046 2626 1071 2653 7.
1094 2618 1137 2645 A:
1159 2617 1243 2653 quod
1260 2616 1394 2644 inimico.
1503 2614 1546 2643 23.
1569 2616 1606 2642 B:
1636 2615 1688 2642 ubi
1700 2617 1828 2650 patente

513 2654 605 2689 quod.
680 2654 725 2680 26.
741 2653 812 2681 Ain
830 2661 941 2688 marg.:
957 2652 1158 2688 Augustinus.
1232 2659 1278 2687 29.
1294 2652 1332 2679 B:
1349 2651 1465 2687 signat.
1539 2657 1586 2686 29,
1599 2649 1645 2678 30.
1660 2650 1704 2677 A:
1720 2649 1827 2677 solidi-

514 2691 609 2715 tatem
629 2688 812 2716 hereditatis
826 2692 977 2723 perpetue
998 2690 1028 2714 et
1045 2687 1253 2714 stabilitatem.

587 2784 615 2815 5.
642 2782 760 2814 Matth.
786 2783 886 2822 XXII,
915 2784 967 2825 39.
994 2781 1113 2813 Matth.
1140 2782 1180 2821 V,
1207 2792 1262 2822 44.
1364 2790 1413 2812 12.
1440 2780 1566 2813 Psalm.
1587 2779 1768 2818 CXXVIII,
1795 2777 1828 2810 8.

521 2828 569 2860 16.
597 2828 715 2859 Matth.
742 2829 782 2867 V,
810 2839 840 2870 7.
980 2838 1032 2859 22.
1059 2827 1178 2859 Matth.
1195 2828 1235 2862 V.
1261 2837 1293 2868 4.
1432 2825 1483 2858 26.
1512 2826 1596 2868 Cap.
1623 2826 1661 2865 ΙΙ,
1687 2836 1720 2867 p.
1753 2823 1826 2865 167.

518 2874 570 2905 28.
598 2875 723 2905 Psalm.
751 2875 867 2915 CXLI,
893 2873 935 2906 6.,
