2003 3322
201 233 280 279 354

215 529 274 556 We
295 533 377 556 must
397 534 450 556 not

240 565 275 590 be
295 564 383 599 hasty
402 569 432 590 to

224 599 313 633 judge
334 600 448 628 others,

198 1980 291 2008 Some
312 1980 471 2015 provision

278 2016 326 2042 ἴοι·
344 2016 393 2042 the

263 2051 361 2077 future
382 2051 407 2077 is

265 2085 403 2112 allowed.

888 243 1006 276 01³th
1031 243 1366 276 EVANGELICUM
1574 229 1682 284 [CAP.
1701 237 1794 266 xxx.

481 348 657 397 paciaris
700 349 839 385 harum
885 362 1017 386 rerum
1063 350 1321 401 indigenciam
1367 349 1436 386 sed
1477 349 1596 385 eciam
1631 355 1796 398 propter

487 407 585 442 hanc
622 407 856 456 explendam
895 408 1036 444 milites
1068 409 1221 444 domino
1254 409 1338 444 Deo
1371 415 1447 454 tuo,
1487 407 1549 443 cui
1577 407 1726 443 servias
1758 407 1795 442 in

487 464 635 512 Spiritu
669 466 809 501 Sancto
842 478 926 501 cum
958 466 1120 516 gaudio.

544 522 631 558 Hoc
673 530 799 558 autem
845 524 928 560 loco
973 524 1215 560 vehementer
1257 524 1469 560 cavendum
1508 530 1563 559 est
1605 535 1651 558 ne
1682 523 1797 571 forte

486 592 570 615 cum
610 580 823 616 viderimus
859 582 1025 630 aliquem
1063 594 1219 618 servum
1265 582 1342 617 Dei
1384 581 1598 630 providere
1641 592 1685 616 ne
1723 580 1828 617 ista5

486 638 703 674 necessaria
728 639 862 685 desint,
896 640 957 675 vel
986 640 1057 675 sibi
1089 640 1149 676 vel
1179 640 1245 687 eis,
1268 651 1431 688 quorum
1465 652 1558 675 cura
1590 638 1662 674 sibi
1692 650 1795 675 com-

486 696 602 731 missa
641 703 707 742 est,
755 697 967 733 iudicemus
1004 710 1087 733 eum
1129 704 1263 733 contra
1298 705 1525 747 preceptum
1558 697 1635 732 Dei
1653 696 1797 745 facere

486 761 521 789 et
554 754 600 789 de
631 754 802 790 crastino
833 767 915 791 esse
945 756 1167 791 sollicitum.
1202 755 1304 791 Nam
1338 762 1373 792 et
1404 756 1485 804 ipse
1517 754 1707 790 Dominus
1737 754 1799 790 cui

486 811 707 847 ministrant
758 813 892 862 angeli
940 820 1067 849 tamen
1114 820 1282 862 propter
1332 813 1568 863 exemplum,
1619 825 1665 849 ne
1715 812 1797 861 quis

481 876 616 918 postea
648 871 877 906 scandalum
905 878 1125 919 pateretur,
1164 883 1248 907 cum
1281 871 1445 921 aliquem
1478 882 1683 907 servorum
1715 870 1797 907 eius
1816 884 1855 905 10

485 928 823 964 animadvertisset
855 929 926 964 ista
959 929 1176 965 necessaria
1209 941 1444 979 procurare,
1477 929 1625 965 loculos
1656 928 1798 964 habere

487 986 670 1036 dignatus
708 993 762 1022 est
800 999 884 1022 cum
918 987 1099 1036 pecunia,
1135 988 1236 1023 unde
1272 987 1400 1023 usibus
1432 986 1660 1023 necessariis
1690 986 1797 1035 quid-

485 1043 578 1091 quid
622 1056 716 1092 opus
743 1044 891 1092 suisset
923 1045 1169 1094 preberetur,
1214 1057 1375 1094 quorum
1416 1045 1632 1081 loculorum
1671 1051 1798 1081 custos

485 1108 523 1144 et
549 1101 640 1149 fur,
683 1102 782 1138 sicut
812 1103 1001 1152 scriptum
1034 1110 1102 1150 est,
1144 1103 1267 1140 Judas
1306 1103 1371 1139 ille
1402 1103 1587 1152 proditor
1612 1102 1698 1151 suit
1734 1101 1800 1152 qui

486 1172 569 1195 eum
611 1160 787 1195 tradidit.
836 1160 901 1196 Sic
938 1167 973 1197 et
1010 1160 1210 1210 apostolus
1242 1161 1390 1197 Paulus
1421 1168 1550 1211 potest
1588 1159 1716 1197 videri
1751 1160 1853 1196 de15

485 1217 655 1253 crastino
678 1218 883 1268 cogitasse,
906 1231 991 1255 cum
1016 1219 1138 1255 dixit:
1159 1219 1220 1255 De
1235 1219 1403 1255 collectis
1424 1227 1550 1256 autem
1573 1219 1609 1255 in
1631 1225 1797 1265 sanctos,

484 1275 582 1311 sicut
604 1276 788 1311 ordinavi
807 1276 976 1313 ecclesiis
1005 1276 1177 1323 Galacie‚
1201 1277 1255 1313 ita
1277 1284 1312 1313 et
1335 1289 1401 1314 vos
1413 1277 1562 1326 facite:
1587 1277 1796 1314 secundum

486 1346 599 1369 unam
622 1334 772 1369 sabbati
793 1335 1049 1384 unusquisque
1070 1342 1240 1371 vestrum
1263 1336 1369 1385 apud
1388 1347 1429 1371 se
1445 1342 1580 1385 ponat,
1603 1333 1796 1371 thesauri-

484 1404 579 1443 {ans
616 1392 719 1440 quod
755 1392 829 1428 sibi
853 1393 1061 1442 placuerit,
1103 1399 1143 1428 ut
1175 1405 1246 1429 non
1280 1405 1364 1429 cum
1398 1405 1551 1440 venero,
1583 1399 1673 1429 tunc
1693 1392 1799 1443 fiant

484 1450 653 1485 collecte.
693 1449 788 1485 Cum
821 1457 947 1486 autem
981 1463 1133 1497 venero,
1165 1463 1407 1500 quoscunque
1432 1450 1697 1501 probaveritis
1723 1462 1799 1500 per
1814 1460 1855 1483 20

484 1507 681 1557 epistolas,
697 1508 765 1544 hos
781 1508 929 1544 mittam
939 1509 1125 1557 perferre
1137 1509 1317 1560 graciam
1334 1516 1503 1545 vestram
1518 1509 1554 1545 in
1567 1508 1797 1554 Jerusalem,

485 1566 586 1614 quod
612 1565 647 1602 si
674 1566 837 1616 dignum
857 1567 989 1614 fuerit
1016 1573 1057 1602 ut
1090 1579 1163 1617 ego
1191 1579 1289 1613 eam,
1317 1579 1465 1603 mecum
1496 1567 1612 1603 ibunt.
1643 1567 1797 1603 Veniam

485 1631 612 1659 autem
647 1624 699 1659 ad
730 1637 809 1670 vos,
849 1637 934 1660 cum
967 1624 1239 1661 Macedoniam
1272 1625 1487 1670 transiero,·
1525 1624 1796 1661 Macedoniam

486 1681 583 1717 enim
617 1693 702 1717 cum
731 1682 1018 1731 pertransiero,
1057 1683 1163 1732 apud
1194 1695 1261 1719 vos
1283 1683 1461 1731 forsitan
1501 1683 1706 1720 remanebo
1737 1681 1800 1718 vel

485 1739 605 1775 eciam
638 1739 844 1790 hyemabo,
879 1748 918 1776 ut
950 1753 1016 1777 vos
1045 1754 1104 1777 me
1134 1741 1283 1777 ducatis
1313 1753 1535 1790 quocunque
1567 1741 1660 1777 iero.
1696 1740 1797 1777 Nolo
1814 1739 1855 1772 25

486 1797 582 1833 enim
618 1809 685 1833 vos
717 1810 815 1834 nunc
846 1798 881 1833 in
914 1798 1080 1834 transitu
1113 1799 1264 1835 videre:
1296 1800 1419 1849 Spero
1448 1799 1546 1835 enim
1569 1811 1630 1835 me
1651 1798 1799 1847 aliquid

485 1855 673 1904 temporis
705 1868 863 1892 manere
893 1857 999 1905 apud
1031 1869 1109 1903 vos,
1141 1857 1176 1893 si
1201 1857 1427 1906 permiserit
1458 1857 1660 1893 Dominus.
1701 1855 1796 1892 Per-

486 1913 644 1949 manebo
677 1921 803 1949 autem
836 1914 985 1962 Ephesi
1016 1926 1132 1962 usque
1163 1915 1216 1950 ad
1246 1915 1503 1951 Pentecosten.

544 1971 652 2018 Item,
685 1972 721 2007 in
753 1972 910 2008 Actibus
941 1972 1216 2021 Apostolorum
1248 1973 1435 2022 scriptum
1469 1979 1537 2019 est,
1570 1984 1612 2010 ea
1645 1983 1716 2021 que
1745 1971 1797 2007 ad

487 2029 625 2065 victum
648 2036 736 2065 sunt
758 2030 990 2077 necessaria,
1022 2042 1102 2066 esse
1124 2038 1340 2080 procurata
1371 2031 1408 2066 in
1419 2032 1605 2080 futurum
1630 2036 1797 2079 propter
1812 2030 1854 2062 30

477 2087 631 2135 famem
677 2087 949 2123 imminentem.
996 2088 1060 2124 Sic
1103 2087 1201 2124 enim
1246 2088 1433 2139 legimus:
1475 2089 1518 2124 In
1556 2088 1632 2124 illis
1669 2094 1794 2123 autem

486 2145 617 2181 diebus
661 2146 939 2181 descenderunt
971 2146 1017 2181 ab
1047 2146 1279 2182 Jerosolima
1318 2147 1510 2195 prophete
1540 2145 1796 2189 Antiochiam,

485 2210 643 2251 eratque
666 2216 810 2253 magna
834 2204 1044 2241 exultacio.
1074 2204 1339 2254 Congregatis
1353 2212 1479 2240 autem
1502 2204 1608 2240 nobis
1629 2215 1797 2254 surgens

486 2273 581 2296 unus
632 2273 683 2297 ex
728 2262 807 2297 illis
850 2261 1001 2297 nomine
1038 2261 1212 2312 Agabus,
1263 2263 1445 2312 signabat
1485 2275 1561 2311 per
1605 2261 1792 2310 Spiritum

476 2319 629 2366 samem
655 2332 838 2369 magnam
852 2321 1037 2368 futuram
1068 2320 1104 2355 in
1128 2320 1307 2356 universo
1337 2321 1491 2367 mundo,
1522 2332 1594 2369 que
1622 2327 1658 2355 et
1679 2319 1794 2367 facta
1812 2318 1852 2351 35

485 2384 540 2412 est
571 2378 638 2412 sub
677 2377 840 2413 Claudio
872 2390 1016 2413 cesare.
1051 2378 1378 2414 Descendencium
1413 2385 1538 2413 autem
1572 2385 1612 2413 ut
1640 2378 1796 2426 quisque

484 2435 716 2482 abundabat,
755 2442 972 2471 statuerunt
1005 2436 1260 2485 unusquisque
1291 2448 1424 2472 eorum
1464 2436 1500 2471 in
1540 2435 1794 2472 ministerium

485 2493 636 2528 mittere
654 2494 902 2544 presbyteris
930 2494 1187 2529 habitantibus
1219 2494 1255 2529 in
1276 2494 1398 2530 Judea
1421 2494 1636 2542 fratribus,
1668 2493 1732 2542 qui
1762 2499 1796 2528 et

556 2692 580 2711 2.
601 2685 644 2712 A:
666 2688 716 2712 tuo
738 2685 831 2712 deest.
905 2693 931 2719 2,
952 2684 978 2713 3.
997 2686 1043 2713 A:
1064 2686 1118 2713 cui
1133 2686 1256 2713 servias
1274 2701 1307 2704 —
1326 2685 1448 2722 gaudio
1469 2686 1562 2712 deest.
1634 2684 1660 2712 5.
1681 2685 1726 2713 A:
1746 2693 1793 2712 ve-

485 2720 630 2747 nerimus.
705 2728 744 2754 ¹7·
765 2722 810 2747 A:
835 2720 964 2747 Galicie.
1037 2728 1081 2748 22.
1102 2722 1146 2748 A:
1168 2721 1258 2756 quasi
1275 2721 1403 2757 dignum
1413 2719 1521 2756 fuerit
1538 2723 1576 2747 et.

555 2813 586 2845 9.
612 2802 731 2834 Matth.
759 2804 814 2842 IV,
846 2814 894 2834 11.
996 2814 1044 2844 14.
1070 2803 1148 2835 Joh.
1174 2804 1259 2843 XIII,
1281 2803 1312 2835 6.
1413 2802 1461 2835 16.
1488 2803 1511 2834 Ι.
1539 2803 1619 2834 Cor.
1644 2804 1732 2843 XVI,
1765 2813 1790 2834 1.

488 2850 540 2881 31.
567 2850 641 2880 Act.
666 2850 722 2889 XI,
751 2859 803 2891 27.
