2003 3322
165 276 216 312 90
866 272 984 304 OPUS
1009 272 1344 305 EVANGELICUM
1519 262 1627 316 [CAP.
1649 270 1760 299 xxvi.

452 377 656 426 sapiencia
696 377 808 414 cuius
851 378 992 415 delicie
1030 388 1122 415 sunt
1162 392 1246 416 esse
1286 392 1376 416 curn
1418 379 1509 416 filiis
1552 380 1762 417 hominum

452 445 588 473 manet
619 436 749 473 solum
790 449 879 472 cum
922 436 1085 474 homine
1129 437 1277 482 lucido,
1324 437 1419 486 quia
1460 438 1495 474 in
1538 438 1762 475 malivolam

452 495 619 530 animam
660 507 733 530 non
773 494 945 531 introibit
982 495 1174 544 sapiencia
1208 508 1274 532 nec
1306 496 1491 532 habitabit
1523 496 1558 532 in
1597 509 1764 546 corpore

449 551 603 590 subdito
630 552 802 602 peccatis
847 556 904 597 (ut
936 552 1083 589 dicitur
1116 555 1209 602 Sap.
1235 566 1321 602 cap.
1356 556 1383 601 Ι,
1417 556 1476 601 4),
1518 555 1625 602 quod
1656 555 1764 603 Apo—

449 611 573 647 stolus
606 612 678 646 sub
711 610 1033 659 interrogacione
1066 611 1228 659 exponit
1258 612 1474 649 alludendo
1503 612 1608 649 dicto
1631 612 1797 649 sensui5

450 668 628 705 mistico:
680 668 777 718 Qoe,
822 668 964 717 inquit,
1009 670 1307 706 comnzunicacio
1352 670 1501 707 Christi
1541 671 1593 706 ad
1623 671 1763 718 Belial,

449 734 514 763 aut
547 727 642 763 lucis
673 727 725 763 ad
755 728 964 764 tenebras?
1007 729 1065 772 (II.
1101 728 1190 764 Cor.
1223 729 1286 775 VI,
1326 731 1404 775 14.)
1450 731 1540 765 Non
1573 740 1667 777 ergo
1705 729 1764 765 in-

448 784 603 822 habitat
635 784 812 821 increata
844 785 1048 834 sapiencia
1072 798 1148 834 que
1181 795 1239 823 est
1271 787 1336 822 lux
1366 798 1461 823 vera
1493 786 1533 823 in
1557 799 1762 836 quoquam

448 855 519 891 per
549 842 725 891 graciam
759 842 834 879 nisi
866 843 1226 892 supernaturaliter
1264 843 1462 881 illuminet
1493 844 1596 881 vires
1629 845 1762 882 anime

449 900 525 937 sibi
565 900 759 948 subditas,
808 914 885 950 que
929 910 1112 950 respectu
1157 901 1437 939 irradiacionis
1484 903 1762 951 supercelestis
1782 915 1821 936 10

448 968 644 996 vocantur
704 961 881 996 tenebre.
958 961 1073 997 Unde
1136 960 1347 997 Psalmista
1408 960 1612 1009 signanter
1673 970 1763 998 orat

449 1018 608 1054 Psalmo
641 1019 756 1064 XVII,
792 1028 864 1066 29:
897 1019 1064 1054 Domine
1085 1018 1194 1055 Deus
1226 1031 1343 1064 meus,
1378 1019 1552 1055 illumina
1584 1020 1763 1056 tenebras

449 1088 566 1112 meas.
616 1076 847 1113 Habeamus
898 1085 977 1113 tres
1027 1076 1190 1125 spiritus
1240 1076 1407 1123 lucidos,
1461 1076 1678 1114 animalem
1722 1077 1763 1114 in

448 1133 576 1182 capite
603 1134 764 1170 celestia
798 1134 1005 1182 sapiendo,
1040 1134 1203 1171 vitalem
1233 1134 1273 1171 in
1302 1136 1421 1172 corde
1456 1135 1646 1173 articulos
1668 1135 1762 1172 fidei

448 1193 662 1237 credendo,
698 1205 789 1228 cum
822 1192 949 1229 iustus
983 1205 1026 1229 ex
1059 1193 1137 1229 fide
1168 1192 1274 1239 vivit,
1315 1194 1541 1230 naturalem
1574 1193 1615 1230 in
1647 1202 1762 1242 epate
1782 1194 1818 1226 15

447 1263 516 1299 spe
548 1250 823 1298 spiritualibus
856 1250 1090 1288 inherendo.
1137 1253 1185 1287 Et
1225 1259 1320 1288 tunc
1353 1251 1516 1288 indubie
1550 1252 1763 1300 copulatur

446 1308 657 1345 nobiscum
710 1311 816 1345 Deus
875 1321 994 1358 quem
1046 1308 1277 1358 philosophi
1328 1318 1523 1346 vocarunt
1584 1309 1760 1347 animam

449 1366 608 1411 mundi;
663 1375 700 1403 et
743 1376 839 1403 tunc
894 1380 975 1404 non
1034 1367 1285 1404 offendemus
1340 1376 1384 1404 ut
1434 1368 1673 1404 ambulantes
1726 1369 1761 1404 in

447 1425 612 1461 tenebris
656 1424 775 1473 (sicut
808 1426 925 1462 docet
958 1426 1140 1462 Salvator
1171 1426 1258 1462 Joh.
1292 1427 1372 1472 XI).
1417 1427 1466 1462 Et
1508 1434 1605 1463 tunc
1649 1425 1761 1463 habi-

447 1483 547 1520 tuati
583 1482 658 1519 hiis
691 1482 818 1520 tribus
850 1483 1069 1520 luminibus
1101 1483 1336 1532 theologicis
1366 1485 1518 1521 vadunt
1541 1485 1761 1532 gaudentes
1778 1495 1820 1516 20

446 1542 487 1578 in
515 1540 849 1578 tribulacionibus
883 1550 919 1578 et
952 1541 1306 1590 persecucionibus
1330 1541 1510 1591 corporis
1541 1543 1760 1579 secundum

449 1599 675 1636 doctrinam
709 1600 893 1648 Apostoli
922 1601 1021 1648 Eph.
1045 1601 1090 1646 V,
1127 1612 1169 1647 9:
1203 1601 1375 1637 Fructus
1405 1600 1567 1650 spiritus
1598 1608 1653 1637 est
1685 1609 1760 1637 etc.

450 1667 486 1695 et
517 1657 655 1694 Jacobi
684 1659 710 1703 Ι,
742 1668 786 1695 2;
826 1658 948 1694 Omne
977 1658 1167 1709 gaudium
1199 1658 1418 1695 existimate
1451 1667 1522 1695 etc.
1558 1658 1623 1695 Sic
1655 1658 1760 1695 enim

449 1728 548 1754 aura
581 1715 864 1764 pestilencialis
897 1716 1029 1752 anime
1062 1729 1143 1752 non
1175 1716 1348 1753 nocebit.

199 1790 400 1825 Augustine’s
507 1773 758 1811 Duodecima
805 1783 939 1811 autem
988 1774 1128 1811 abusio
1176 1787 1253 1823 que
1298 1783 1355 1811 est
1399 1774 1497 1811 lucis
1542 1774 1761 1823 spiritualis
1778 1775 1818 1808 25

168 1826 428 1896 ρξὲἓιζῧξζῇξῆοἷῑ
452 1832 632 1881 privacio
669 1833 890 1868 secundum
922 1832 1192 1881 Augustinurn
1232 1833 1411 1881 sequitur
1443 1832 1484 1869 in
1516 1833 1589 1869 hec
1620 1834 1760 1870 verba:

264 1896 331 1923 law.
450 1891 729 1937 Duodecimus,
774 1889 917 1939 inquit,
961 1891 1115 1941 gradus
1146 1891 1339 1927 abusionis
1371 1898 1439 1937 est,
1481 1891 1653 1940 populus
1682 1891 1763 1928 sine

451 1950 558 1999 lege:
590 1949 654 1997 qui
685 1949 774 1984 dum
808 1949 886 1985 Dei
922 1949 1022 1985 dicta
1062 1956 1098 1985 et
1136 1950 1266 1999 legum
1304 1949 1449 1999 scripta
1489 1950 1764 1998 contempserit

444 2019 519 2056 per
543 2007 789 2043 diversorum
814 2019 995 2043 errorum
1021 2007 1102 2043 vias
1134 2008 1294 2048 eundem
1313 2007 1553 2057 perdicionis
1584 2007 1761 2056 laqueum

448 2065 624 2101 incurrit.
661 2065 722 2100 De
744 2065 877 2113 quibus
909 2065 980 2101 viis
1010 2066 1078 2101 sub
1106 2077 1276 2114 persona
1298 2065 1610 2114 prevaricatoris
1627 2066 1766 2114 populi
1779 2067 1821 2099 30

449 2124 657 2159 humanum
679 2135 803 2173 genus
820 2124 1014 2173 propheta
1038 2124 1089 2159 ita
1118 2121 1123 2172 Ι
1153 2124 1376 2174 deplangit:
1407 2123 1489 2159 Nos
1517 2130 1644 2159 autem
1666 2123 1764 2160 sicut
1809 2133 1890 2169 36311

448 2193 537 2217 oves
568 2181 802 2229 erravimus,
835 2182 1090 2230 unusquisque
1122 2182 1157 2217 in
1191 2181 1292 2217 viam
1315 2194 1425 2217 suam
1450 2181 1669 2217 declinavit.
1702 2182 1765 2218 De

448 2240 581 2288 quibus
609 2239 679 2275 viis
701 2239 819 2275 eciam
843 2240 1045 2288 Sapiencia
1069 2239 1239 2289 loquitur
1254 2252 1330 2288 per
1352 2239 1619 2275 Salomonem:
1639 2239 1764 2275 Multe

448 2298 506 2333 vie
544 2297 724 2333 videntur
762 2298 975 2333 hominibus
1008 2305 1110 2333 recte
1141 2305 1176 2333 et
1207 2297 1412 2333 novissime
1448 2309 1583 2333 earum
1621 2297 1764 2333 ducunt

448 2356 500 2391 ad
532 2362 710 2393 mortem.
763 2355 847 2405 Que
879 2356 997 2391 multe
1024 2355 1263 2405 perdicionis
1302 2355 1360 2392 vie
1396 2362 1484 2391 tunc
1519 2355 1819 2402 z'ncedztntzcr,35

448 2426 532 2450 cum
573 2426 646 2449 una
686 2414 835 2464 regalis
875 2414 949 2461 via,
994 2414 1061 2450 lex
1102 2413 1179 2449 Dei
1221 2413 1397 2450 videlicet
1440 2425 1511 2461 que
1553 2425 1670 2462 neque
1713 2414 1764 2448 ad

449 2472 653 2508 dexteram
698 2484 816 2520 neque
847 2472 899 2507 ad
934 2472 1130 2508 sinistram
1165 2472 1331 2507 declinat
1368 2483 1443 2520 per
1479 2471 1762 2521 negligenciam

449 2530 653 2566 deseritur.
699 2530 760 2566 De
803 2542 875 2578 qua
920 2530 980 2566 via
1029 2530 1204 2566 dominus
1234 2530 1346 2566 Jesus
1382 2529 1561 2565 Christus
1604 2529 1669 2577 qui
1708 2536 1764 2565 est

518 2706 557 2725 12.
578 2699 606 2724 A
627 2698 656 2724 in
679 2706 793 2732 marg:
828 2698 908 2726 Nota
938 2699 1021 2725 bene.
1114 2707 1156 2732 14.
1179 2698 1296 2725 Codd.:
1318 2698 1403 2732 fidei
1419 2698 1513 2725 deest.
1546 2696 1674 2725 Addidi.
1707 2698 1764 2725 See

448 2733 547 2759 Scrm.
569 2732 605 2765 lI⁷
627 2732 687 2766 391·
764 2732 805 2760 16.
826 2734 869 2760 A:
891 2733 1001 2767 specie.
1084 2732 1126 2760 215.
1151 2734 1195 2760 A:
1215 2733 1258 2760 sic
1279 2736 1390 2760 autem.
1474 2732 1515 2759 25.
1543 2733 1570 2759 A
1590 2732 1619 2759 in
1648 2740 1762 2767 marg:

448 2768 637 2794 Duodecima
669 2767 787 2794 abusio.
860 2767 908 2795 26.
936 2769 964 2795 A
990 2768 1019 2795 in
1049 2776 1161 2803 marg:
1192 2767 1395 2803 Augustinus,
1467 2766 1514 2801 34.
1536 2767 1580 2794 A:
1602 2766 1762 2794 deducunt.

520 2851 571 2882 26.
605 2852 788 2892 Augustini
823 2852 914 2893 Opp.
946 2859 1032 2883 tom.
1065 2852 1120 2891 VI,
1157 2863 1187 2893 p.
1224 2851 1299 2882 216.
1445 2852 1497 2884 32.
1531 2852 1571 2882 Is.
1607 2851 1690 2891 LIII,
1730 2849 1761 2882 6.

450 2898 502 2929 33.
530 2899 632 2928 Prov.
658 2898 745 2937 XIV,
778 2908 827 2929 12.
926 2898 978 2930 38.
1005 2899 1107 2929 Rom.
1134 2898 1173 2937 Χ,
1199 2908 1232 2938 4.
