2003 3322
130 244 182 292 84
842 249 960 281 OPUs
986 248 1323 281 EVANGELmUM
1510 235 1616 291 [CAP.
1638 244 1734 273 xxv.

420 358 616 406 quosdam
651 356 780 404 diligit
813 357 863 392 ad
896 355 1187 392 beatitudinem
1227 365 1265 392 et
1297 357 1493 404 quosdam
1535 357 1586 392 ad
1624 355 1737 403 puni-

421 415 578 451 cionem
625 414 941 459 misericordem,
995 423 1032 450 et
1077 413 1248 450 breviter
1294 426 1456 450 omnem
1509 422 1736 450 creaturam

421 472 549 520 diligit
583 474 688 508 Deus
721 471 1133 520 proporcionabiliter
1166 473 1216 508 ad
1249 471 1332 508 eius
1373 471 1616 517 bonitatem3
1662 483 1738 520 que

422 539 610 567 causatur
644 542 688 566 ex
721 530 942 567 dileccione
975 529 1060 576 Dei,
1100 538 1143 566 ut
1182 531 1287 566 hunc
1320 539 1483 578 generat
1522 531 1654 566 denuo
1694 541 1738 566 ex

423 601 532 625 mera
565 587 699 635 gracia
731 589 832 633 <Joh.
867 590 944 634 ΙΙΙ),
986 589 1091 624 hunc
1131 587 1293 624 indurat
1333 600 1377 624 ex
1408 587 1640 636 precedenti
1674 588 1770 624 <ie-5

423 646 565 683 merito
599 650 656 691 (ut
688 655 797 693 patet
827 648 874 682 de
897 647 1120 692 Pharaone,
1144 646 1269 682 Exodi
1290 647 1386 693 VII),
1421 647 1527 682 hunc
1560 645 1741 682 dissolvit

422 704 461 740 in
510 704 698 741 lacrimas
747 704 972 752 penitencie
1024 705 1082 751 (ut
1130 712 1241 752 patet
1291 705 1339 740 de
1377 704 1740 752 Nabugodonosor,

422 762 599 799 Danielis
624 763 685 807 IV,
703 770 740 798 et
763 763 811 798 de
833 762 961 799 Maria
984 762 1220 810 Magdalene
1235 763 1355 806 (Luce
1370 763 1465 808 VII).
1499 764 1548 798 Et
1570 761 1742 799 breviter

423 829 521 869 quot
553 829 645 856 sunt
673 819 871 857 maneries
901 819 1120 857 bestiarum
1144 820 1205 856 vel
1229 832 1445 868 corporum
1478 819 1742 866 naturalium,

423 887 481 915 tot
504 877 833 927 proporcionalia
866 887 1003 915 causat
1032 877 1072 915 in
1096 878 1272 914 homine.
1306 880 1355 914 Et
1378 877 1744 926 proporcionaliter
1763 891 1801 912 10

425 936 479 972 hii
513 936 580 985 qui
613 935 757 985 spiritu
790 935 862 972 Dei
896 944 1068 984 aguntur
1107 945 1317 984 tamquam
1364 949 1516 984 organa
1564 936 1742 973 eiusdem

425 994 525 1031 lucis
540 994 692 1031 faciunt
707 994 1085 1042 proporcionaliter.
1104 995 1218 1031 Unde
1227 995 1443 1042 Apostolus
1459 996 1489 1030 II
1506 995 1597 1031 Cor.
1615 995 1658 1041 ΙΙ,
1677 995 1743 1030 16:

424 1053 521 1089 Aliis
552 1053 704 1102 quidem
738 1053 837 1089 odor
868 1053 1006 1089 mortis
1036 1065 1170 1089 sumus
1202 1053 1239 1088 in
1273 1059 1450 1099 mortem,
1490 1053 1578 1089 aliis
1617 1059 1744 1088 autem

426 1112 526 1147 odor
558 1111 632 1147 vite
664 1111 700 1147 in
733 1111 863 1147 vitam.
910 1110 1014 1147 Hinc
1048 1110 1221 1159 figurant
1252 1110 1406 1158 yridem
1439 1110 1584 1147 federis
1616 1109 1746 1146 incar-

426 1168 608 1206 nacionis
655 1178 692 1205 et
743 1168 1021 1217 prenosticum
1074 1168 1155 1205 diei
1206 1168 1359 1214 iudicii,
1414 1168 1507 1205 hinc
1555 1168 1743 1205 halonem
1766 1171 1802 1203 15

427 1226 637 1264 tirannidis
666 1235 829 1264 ventose
857 1227 918 1264 vel
956 1239 1059 1275 aque
1097 1226 1389 1263 tribulacionis.
1425 1227 1540 1264 Unde
1564 1226 1748 1263 Salvator

427 1284 596 1322 Matthei
629 1286 675 1332 V,
715 1286 776 1332 16,
810 1285 1014 1333 signanter
1046 1284 1236 1333 precipit:
1271 1285 1334 1321 Sic
1367 1285 1492 1321 luceat
1524 1284 1596 1321 lux
1618 1291 1748 1320 vestra

427 1356 560 1380 coram
584 1343 810 1391 hominibus,
844 1351 884 1379 ut
916 1343 1070 1380 videant
1102 1355 1220 1393 opera
1244 1350 1375 1379 vestra
1398 1343 1508 1379 bona.
1541 1344 1590 1379 Et
1613 1343 1749 1391 quoad

428 1402 664 1451 qualitatem
706 1410 745 1439 et
783 1401 932 1438 dictam
973 1401 1234 1438 duracionem
1274 1413 1442 1449 operum
1482 1413 1559 1449 que
1604 1402 1749 1437 debent

429 1473 512 1497 esse
545 1459 771 1508 spiritualia
812 1468 849 1496 et
888 1459 988 1496 nulli
1029 1459 1235 1496 contraria
1274 1459 1350 1495 nisi
1389 1459 1603 1496 occasione
1643 1459 1748 1495 mala
1764 1473 1808 1494 20

429 1527 607 1567 accepta,
655 1517 752 1554 dixit
791 1519 930 1554 eadem
970 1519 1035 1554 lux
1071 1519 1159 1555 Joh.
1183 1519 1247 1563 VI,
1291 1528 1364 1565 27:
1405 1517 1633 1567 Operamini
1675 1529 1748 1553 non

429 1578 553 1614 cibum
592 1577 657 1625 qui
680 1576 787 1625 perit
817 1577 886 1612 sed
917 1576 982 1625 qui
1006 1583 1211 1626 permanet
1244 1576 1279 1611 in
1313 1576 1390 1612 vita
1423 1583 1567 1612 eterna.
1614 1577 1663 1611 Et
1694 1574 1750 1611 sic

430 1635 505 1672 ista
538 1636 714 1671 secunda
740 1634 841 1671 lucis
864 1634 1092 1682 proprietas
1127 1646 1216 1670 cum
1250 1633 1330 1670 suis
1363 1632 1614 1682 appendiciis
1647 1633 1750 1669 foret

431 1693 632 1730 sufficiens
676 1692 896 1729 instruccio
941 1693 1016 1729 toti
1061 1701 1205 1729 nature
1258 1693 1446 1738 humane,
1493 1700 1536 1728 ut
1579 1690 1751 1739 attingat

432 1752 617 1788 beatifice
649 1751 780 1787 lucem
814 1763 963 1787 veram.
1768 1753 1808 1785 25

928 1887 1067 1929 CAP.
1100 1887 1264 1928 XXV.

494 1995 638 2032 Gracia
672 1994 837 2032 materie
871 1995 1110 2043 complende
1143 1996 1191 2031 de
1224 1995 1312 2031 luce
1346 2003 1469 2031 restat
1491 1994 1625 2031 videre
1654 1994 1752 2030 duas

436 2055 535 2092 alias
562 2053 661 2090 lucis
686 2053 965 2102 proprietates,
999 2061 1042 2089 ut
1073 2053 1135 2089 vel
1168 2052 1224 2090 sic
1257 2053 1405 2090 sciatur
1437 2052 1469 2089 si
1492 2051 1636 2101 prelati
1671 2064 1753 2088 rno-

437 2112 551 2149 derni
578 2111 656 2148 sint
679 2112 743 2148 lux
768 2111 921 2157 mundi,
946 2110 1047 2147 sicut
1070 2111 1227 2148 Veritas
1251 2111 1347 2148 dicit
1371 2112 1420 2147 de
1443 2110 1523 2147 suis
1547 2109 1752 2159 apostolis.

146 2186 171 2214 3.
193 2186 284 2221 Light
300 2187 325 2213 is
341 2170 581 2212 mostTercia
624 2178 757 2207 autem
804 2169 903 2206 lucis
942 2169 1168 2217 proprietas
1209 2171 1317 2218 quod
1356 2169 1396 2206 in
1434 2168 1545 2206 omni
1589 2167 1754 2205 accione
1771 2172 1813 2205 30

171 2223 290 2256 regular
310 2221 340 2248 5¹¹
361 2221 400 2248 ³1⁵
438 2229 521 2265 eius
555 2236 613 2264 est
645 2228 959 2273 ordinatissima,
994 2228 1102 2276 quod
1135 2236 1245 2276 patet
1277 2240 1321 2264 ex
1353 2226 1588 2264 duodecim:

229 2256 341 2283 action.

147 2291 422 2355 Τὲκξῖὲξκῐκὴυὲείςὶη
497 2287 632 2323 Primo
665 2299 709 2323 ex
740 2285 1015 2323 indifferencia
1048 2285 1237 2332 accionis,
1271 2299 1361 2322 cum
1400 2286 1441 2322 in
1473 2284 1584 2322 omni
1617 2282 1756 2333 capaci

227 2367 346 2392 shown.
442 2345 574 2381 medio
607 2353 804 2393 quantum
838 2352 967 2392 potest
999 2343 1083 2380 sine
1116 2343 1347 2381 differencia
1379 2356 1419 2380 se
1452 2342 1653 2379 diffundit.

499 2404 683 2439 Secundo
729 2415 773 2439 ex
817 2401 991 2439 accionis
1031 2402 1245 2449 celeritate,
1287 2415 1376 2438 cum
1417 2401 1550 2438 subito
1590 2413 1633 2438 ex
1673 2399 1755 2436 eius

439 2461 722 2509 spiritualitate
755 2473 795 2496 se
829 2459 1069 2508 multiplicat
1102 2462 1150 2497 ab
1193 2460 1346 2497 oriente
1389 2460 1428 2496 in
1470 2459 1656 2496 occidens
1699 2462 1756 2504 (ut
1773 2460 1813 2495 35

440 2520 586 2556 dicitur
619 2521 647 2554 II
681 2521 738 2555 De
770 2519 946 2562 Anima).

510 2700 534 2727 5.
556 2707 660 2733 mera,·
675 2699 790 2727 Codd.:
806 2702 862 2726 m'a
879 2699 967 2731 (mira
977 2699 1009 2733 Ρ).
1085 2699 1174 2727 ¹513:
1191 2699 1271 2726 hunc
1285 2699 1436 2726 kalonem.
1520 2698 1561 2726 16.
1576 2699 1620 2726 A:
1636 2697 1760 2725 tirandi

441 2734 620 2761 tirannidis.
730 2742 769 2768 17.
792 2735 826 2761 15:
851 2738 883 2762 ul
901 2735 1011 2761 luceat.
1120 2733 1163 2761 23.
1185 2736 1229 2761 A:
1250 2735 1384 2761 secunda
1406 2733 1501 2760 deest,
1609 2732 1654 2760 30.
1676 2734 1705 2759 A
1724 2733 1754 2759 in

442 2777 556 2803 marg:
577 2776 610 2802 3.
684 2768 726 2795 32.
749 2769 820 2796 Ain
838 2777 951 2803 marg:
975 2777 996 2796 1.
1072 2767 1117 2802 34.
1140 2769 1167 2795 A
1184 2769 1212 2796 in
1231 2777 1344 2804 marg:
1363 2775 1398 2801 2,·
1419 2768 1459 2795 ib.
1475 2770 1516 2795 A:
1532 2768 1632 2795 subito
1646 2767 1676 2794 st*
1687 2768 1755 2794 isto.

515 2875 566 2906 ’.τι-ι.
594 2864 645 2894 Cf.
673 2866 876 2895 Sermonem
907 2865 989 2901 UH,
1017 2875 1083 2896 sec.
1112 2865 1228 2905 partis,
1257 2874 1289 2905 p.
1318 2863 1394 2903 384,
1424 2863 1444 2894 l.
1472 2873 1524 2905 29.
