2003 3322
136 245 188 285 68

834 242 952 275 opos
977 241 1316 274 EVANGEL1CUM
1546 227 1653 283 [CAP.
1673 238 1740 266 xx.

425 351 614 387 mercede.
669 351 717 386 Ut
748 362 847 400 ergo
885 349 968 398 quis
995 356 1162 398 propter
1199 348 1477 397 blasphemiam
1516 347 1565 383 sit
1597 347 1741 393 beatus,

427 410 501 445 duo
534 409 602 445 hec
633 408 836 446 convenire
868 408 1014 454 debent,
1048 415 1088 442 ut
1119 414 1154 442 et
1185 406 1422 442 mendaciter
1456 405 1745 454 blasphemetur

428 475 462 504 et
504 474 671 517 propter
703 467 842 502 Deum.
888 465 1065 513 Alioquin
1110 465 1144 501 si
1181 477 1295 500 unum
1331 464 1513 512 defuerit,
1557 463 1631 498 iam
1671 474 1745 498 non

429 533 485 562 est
536 525 782 561 beatitudinis
833 535 995 570 merces,
1048 530 1087 558 ut
1125 530 1235 572 puta,
1286 523 1321 558 si
1362 522 1452 571 quid
1504 521 1650 557 dixerit
1702 521 1748 555 de

431 591 466 620 te
498 584 599 632 quod
637 591 693 620 est
731 590 844 632 turpe
874 582 1131 628 mendacium,
1174 581 1243 617 sed
1281 592 1353 616 non
1387 587 1555 629 propter
1592 581 1781 615 causam5

431 641 519 689 Dei,
558 642 627 678 sed
660 648 828 690 propter
860 640 1057 689 privatam
1098 640 1266 688 aliquam
1311 637 1553 674 inimiciciam
1598 637 1753 681 dolens,·

433 700 498 736 ille
520 700 671 748 quidem
690 698 880 748 peccavit,
904 705 943 733 tu
966 705 1092 733 autem
1117 697 1333 733 mercedem
1358 696 1504 732 iusticie
1527 707 1599 730 non
1623 695 1751 740 habes,

433 758 623 806 nisiforte
645 770 730 793 cum
744 756 874 805 possis
897 756 1180 805 blasphemare,
1204 767 1276 790 non
1300 753 1754 803 blasphemastipropter

434 816 623 852 iusticiam
657 815 744 862 Dei,
782 821 849 850 aut
881 826 965 849 cum
994 814 1122 863 possis
1154 821 1190 849 te
1223 813 1480 859 revindicare,
1520 823 1592 847 non
1627 810 1753 846 revin-

437 875 595 919 dicasti;
626 881 661 909 et
693 881 781 908 tunc
813 873 945 908 beatus
977 884 1016 908 es
1048 879 1082 907 et
1115 883 1230 907 causa
1258 871 1417 920 privata
1439 871 1555 918 facta
1595 876 1651 905 est
1688 867 1755 904 tibi
1775 883 1814 904 10

437 944 553 969 causa
593 931 680 968 Dei.
733 931 848 975 Quod
885 930 918 966 si
950 937 1118 979 propter
1156 941 1312 965 causam
1351 928 1501 977 quidem
1542 927 1617 963 Dei
1653 927 1754 962 blas-

433 991 641 1041 phematus
664 1001 715 1035 es,
748 1001 832 1024 cum
861 989 1005 1024 malum
1031 988 1133 1036 quod
1156 987 1298 1023 dictum
1322 994 1378 1022 est
1401 987 1447 1021 de
1469 993 1504 1021 te
1527 998 1660 1021 verum
1684 991 1760 1020 est:

440 1061 512 1084 non
559 1061 597 1084 es
641 1048 785 1093 beatus,
831 1047 917 1095 quia
957 1058 1090 1082 verum
1131 1053 1186 1082 est
1225 1045 1368 1080 dictum
1409 1044 1455 1079 de
1493 1050 1539 1079 te.
1594 1043 1645 1079 Et
1692 1043 1759 1078 illa

441 1106 679 1156 blasphemia
697 1105 867 1154 pertinet
899 1105 966 1140 tibi
996 1116 1068 1140 non
1101 1105 1153 1139 ad
1184 1103 1400 1139 mercedem
1433 1101 1580 1137 iusticie
1610 1101 1679 1137 sed
1710 1100 1762 1136 ad

442 1165 650 1201 vindictam
692 1163 853 1215 peccati.
908 1163 998 1198 Ideo
1037 1170 1242 1210 utrumque
1274 1160 1426 1210 posuit:
1463 1167 1498 1195 et
1535 1159 1819 1197 mencientes15

442 1231 477 1259 et
505 1229 673 1272 propter
705 1234 778 1259 me.

506 1281 692 1316 Gaudete.
740 1279 903 1324 Quare?
955 1278 1052 1322 Quia
1099 1290 1247 1313 merces
1292 1283 1421 1313 vestra
1466 1276 1587 1311 multa
1629 1282 1684 1312 est
1729 1275 1764 1310 in

444 1339 546 1375 celis.
581 1339 802 1374 Ponderate
834 1336 1099 1385 confusionem
1134 1343 1329 1372 terrenam
1364 1347 1449 1370 cum
1472 1334 1604 1385 gloria
1638 1332 1770 1369 celesti

445 1405 480 1433 et
519 1398 643 1433 videte
680 1397 714 1433 si
750 1408 823 1432 non
863 1396 982 1431 multo
1023 1394 1144 1430 levius
1190 1401 1246 1430 est
1286 1393 1388 1442 quod
1428 1392 1610 1442 patimini
1650 1403 1769 1441 super

446 1464 594 1492 terram
628 1467 741 1503 quam
776 1454 877 1502 quod
908 1452 1122 1502 expectatis
1160 1452 1195 1487 in
1236 1452 1339 1487 celis.
1386 1451 1463 1486 Sed
1495 1451 1610 1498 forte
1655 1450 1770 1485 dicis:
1786 1466 1827 1487 20

454 1514 549 1558 Quis
582 1520 712 1563 potest
753 1512 1041 1561 blasphematus
1080 1510 1317 1546 mendaciter
1354 1521 1426 1545 non
1467 1509 1550 1544 dico
1594 1509 1770 1559 gaudere

447 1573 516 1608 sed
554 1572 615 1608 vel
650 1570 957 1621 magnanimiter
977 1569 1128 1618 serre?
1179 1567 1359 1616 Quisquis
1398 1579 1495 1602 vana
1533 1566 1665 1617 gloria
1698 1578 1770 1602 non

451 1631 677 1666 delectatur.
714 1629 791 1673 Qui
812 1628 909 1664 enim
934 1627 1167 1676 concupiscit
1183 1638 1252 1675 que
1273 1632 1362 1661 sunt
1383 1625 1419 1660 in
1442 1625 1535 1672 celo,
1559 1624 1770 1674 opprobria

450 1701 522 1725 non
556 1688 662 1723 timet
694 1687 729 1723 in
763 1686 894 1722 terris.
929 1686 1009 1721 Nec
1042 1685 1214 1734 cogitant
1237 1684 1327 1732 quid
1360 1683 1566 1732 loquentur
1599 1682 1770 1718 homines

445 1753 613 1796 propter
645 1746 783 1794 ipsum,
817 1744 885 1780 sed
916 1744 1007 1792 quid
1038 1743 1176 1778 iudicet
1209 1743 1316 1778 Deus
1350 1742 1396 1777 de
1435 1741 1513 1779 illo.
1567 1740 1644 1785 Qui
1674 1740 1771 1776 enim
1789 1745 1829 1778 25

452 1806 596 1841 letatur
640 1805 687 1839 de
729 1804 843 1838 laude
887 1801 1083 1838 hominum
1130 1808 1165 1836 et
1209 1807 1391 1849 quantum
1437 1800 1581 1835 letatur
1624 1805 1771 1834 tantum

452 1862 708 1899 contristatur
751 1861 815 1897 ille
863 1861 909 1896 de
952 1859 1142 1908 vituperio
1187 1858 1405 1902 hominum,-
1455 1857 1518 1906 qui
1555 1864 1681 1892 autem
1728 1856 1774 1892 de

453 1921 569 1956 laude
600 1920 795 1956 hominum
830 1931 903 1954 non
937 1917 1142 1953 extollitur
1174 1929 1240 1952 nec
1271 1916 1316 1951 de
1340 1915 1626 1964 uituperacione
1651 1914 1774 1950 humi-

454 1979 584 2014 liatur.
636 1977 901 2026 Unusquisque
945 1976 1009 2011 ubi
1044 1975 1215 2026 gloriam
1256 1974 1380 2023 querit
1418 1973 1496 2009 illic
1540 1973 1646 2008 timet
1684 1985 1772 2008 con-

445 2037 659 2086 fusionem.
701 2036 777 2079 Qui
795 2034 969 2086 gloriam
996 2034 1120 2082 querit
1152 2033 1187 2069 in
1221 2032 1338 2068 terris
1371 2031 1635 2080 confusionem
1670 2031 1775 2066 timet
1791 2038 1833 2071 30

455 2096 490 2130 in
524 2095 663 2139 terris;
684 2094 748 2142 qui
777 2100 903 2128 autem
937 2092 1110 2143 gloriam
1145 2103 1217 2127 non
1251 2090 1375 2139 querit
1407 2090 1480 2126 nisi
1511 2088 1776 2125 tantummodo

454 2154 560 2203 apud
581 2153 722 2199 Deum,
756 2151 1019 2200 confusionem
1054 2162 1126 2186 non
1159 2149 1266 2185 timet
1293 2148 1366 2184 nisi
1399 2147 1664 2183 tantummodo
1688 2146 1774 2181 Dei.

457 2211 499 2247 Si
542 2211 652 2246 miles
686 2209 905 2259 periculum
961 2208 1051 2244 belli
1095 2207 1266 2253 sustinet,
1324 2207 1412 2241 dum
1452 2212 1586 2255 sperat
1618 2204 1778 2241 victorie

452 2270 634 2319 predam,
679 2274 818 2316 quanto
851 2267 980 2317 magis
1013 2278 1080 2302 vos
1113 2265 1323 2315 opprobria
1365 2264 1499 2299 mundi
1529 2276 1601 2300 non
1636 2262 1777 2298 debetis

457 2328 605 2373 timere,
639 2327 703 2375 qui
734 2325 849 2376 regni
878 2325 1027 2361 celestis
1056 2324 1249 2373 premium
1284 2322 1528 2372 expectatis?
1573 2323 1657 2357 Hec
1691 2320 1775 2357 Cri-
1795 2327 1834 2361 35

458 2393 671 2421 sostomus.

518 2445 565 2479 Et
605 2443 762 2479 videtur
802 2441 910 2489 quod
950 2442 1022 2477 hee
1059 2440 1180 2476 verba
1220 2438 1384 2475 Domini
1429 2451 1509 2474 non
1553 2437 1682 2474 solum
1728 2438 1778 2473 ad

460 2501 745 2549 preteritorum
775 2498 971 2536 solacium
997 2500 1262 2535 extenduntur
1285 2498 1353 2533 sed
1378 2497 1426 2532 ad
1452 2495 1777 2533 consolacionem

462 2559 715 2607 presencium
755 2558 822 2606 qui
863 2557 901 2593 in
941 2569 1064 2593 causa
1103 2555 1266 2592 Domini
1308 2556 1612 2602 exprobrantur.
1667 2555 1780 2589 Patet

463 2617 624 2665 quidem
650 2617 758 2664 quod
781 2615 991 2663 pontifices
1015 2614 1140 2651 nostri
1164 2622 1200 2650 et
1223 2612 1399 2661 pharisei
1431 2611 1779 2649 excommunicant
1792 2629 1837 2661 40

464 2684 500 2711 et
532 2676 774 2722 exprobrant
807 2673 1013 2710 hominem
1038 2672 1105 2721 qui
1129 2671 1306 2708 defendit
1339 2679 1375 2707 et
1409 2670 1582 2707 enucliat
1616 2682 1776 2706 causam

536 2841 578 2872 23.
601 2843 643 2871 A:
666 2844 721 2880 qui
738 2847 817 2871 sunt.
892 2851 938 2878 24.
954 2844 997 2871 A:
1014 2844 1167 2870 locuntur.
1242 2842 1287 2877 26,
1303 2849 1346 2878 27.
1368 2841 1413 2869 A:
1428 2844 1456 2868 et
1475 2843 1622 2877 quantum
1635 2856 1668 2860 —
1683 2838 1780 2867 homi-

467 2887 538 2906 num
561 2880 654 2906 deest.
728 2879 772 2914 3s.
793 2881 822 2906 A
842 2879 870 2906 in
895 2887 1008 2914 marg:
1029 2878 1199 2906 Jotzannes.
