2062 3327
166 256 258 284 CAP.
281 247 350 301 lx.]
693 257 833 289 PRIMA
860 257 986 289 PARS.

223 367 272 400 Et
318 364 374 401 sic
419 373 463 399 ut
501 363 637 400 dicunt
675 362 927 411 metaphisiei
972 364 1115 411 duplex
1163 371 1221 399 est
1265 361 1482 410 pudicicia,

167 421 317 458 scilicet
349 420 527 469 corporis
572 429 609 457 et
655 420 802 467 anime,
842 429 880 457 et
916 421 1040 457 tercia
1072 419 1272 469 pudicicia
1304 428 1412 457 stans
1446 419 1486 455 in

168 479 301 527 signis.
336 480 437 516 Cum
471 478 575 515 enim
609 478 740 515 omnis
779 478 911 515 viator
956 479 1074 515 debet
1112 486 1321 526 tamquam
1362 489 1486 513 mem-

171 539 285 573 brum
331 536 497 574 ecclesie
554 549 645 573 cum
691 536 866 573 Domino
912 535 1160 585 desponsari,
1208 543 1319 584 patet
1363 548 1485 584 quam

139 595 439 632 5necessarium
486 603 544 631 est
595 593 799 630 hominem
846 595 920 631 hac
965 593 1166 642 pudicicia
1210 593 1403 630 infrenari
1450 602 1487 629 et

171 652 399 701 specialiter
451 653 680 689 sacerdotes
739 664 785 688 ac
846 652 1021 700 prelatos
1073 651 1300 700 superiores
1353 659 1487 699 partes

173 710 351 747 ecclesie.
385 710 462 758 Ipsi
496 709 603 746 enim
639 711 784 746 debent
817 722 901 746 esse
925 719 1133 759 tamquam
1169 709 1318 757 pudica
1349 708 1485 745 iuven—

173 770 261 805 cula
293 769 381 816 plus
425 768 587 816 placens
632 779 676 804 ex
718 767 875 804 virtutis
919 767 1193 816 pulcritudine
1232 779 1380 815 sponso
1414 779 1486 803 suo

173 827 240 862 sed
278 826 387 863 frons
433 825 654 863 meretricis
697 825 801 862 facta
841 834 898 862 est
941 825 1013 872 illi,
1059 838 1149 862 cum
1189 838 1270 862 non
1309 824 1489 873 sequitur

121 898 158 920 xo
174 897 289 920 suum
324 883 527 921 Christum
562 896 683 932 quam
731 883 858 931 diligit
892 885 962 920 sed
993 883 1162 920 vivendo
1195 882 1362 919 omnino
1396 895 1488 919 con-

172 941 292 978 trarie
324 941 629 978 Antichristum.
662 943 711 977 Et
742 941 798 978 sic
820 950 951 990 potest
974 941 1170 990 applicari
1203 940 1368 977 moralis
1401 953 1489 977 sen-

174 999 306 1037 tencia
338 1000 503 1036 secundi
538 999 686 1037 Christi
720 999 890 1036 convivii
929 998 993 1051 (de
1033 1011 1112 1048 quo
1150 998 1318 1036 Matthei
1350 999 1419 1034 XV
1451 1007 1488 1034 et

174 1057 299 1094 Marci
344 1058 447 1111 VIII)
493 1057 534 1093 in
580 1070 660 1106 quo
706 1057 947 1094 miraculose
990 1057 1099 1105 pavit
1143 1065 1317 1105 quatuor
1363 1055 1489 1092 millia

175 1115 385 1152 hominum
426 1115 599 1164 exceptis
633 1115 868 1152 mulieribus
902 1124 939 1152 et
971 1114 1162 1166 parvulis,
1195 1124 1238 1151 ut
1271 1114 1418 1151 dicitur
1451 1114 1490 1149 in

122 1174 159 1208 15
175 1175 366 1210 Mattheo.
400 1175 484 1210 Hec
518 1182 652 1210 autem
686 1173 829 1210 mulier
852 1186 928 1222 que
961 1181 1019 1210 est
1051 1173 1124 1209 hec
1157 1181 1332 1221 quatuor
1366 1171 1490 1208 millia

176 1231 383 1268 hominum
419 1240 552 1280 potest
586 1230 759 1268 militans
803 1231 970 1280 intelligi
1010 1230 1177 1267 ecclesia
1209 1239 1384 1279 quatuor
1415 1229 1492 1266 vir-

176 1289 326 1326 tutibus
372 1289 643 1326 cardinalibus
687 1298 916 1337 perornata.
963 1290 1114 1326 Omnes
1159 1288 1264 1325 enirn
1299 1289 1491 1325 debemus

177 1360 260 1384 esse
294 1347 356 1384 hic
389 1347 691 1396 peregrinantes
724 1349 774 1384 ad
796 1347 968 1396 patriam
994 1356 1031 1384 et
1053 1346 1110 1383 sic
1133 1348 1339 1395 sequendo
1372 1358 1491 1395 spon-

176 1418 263 1442 sum
307 1414 489 1442 nostrum
541 1405 743 1443 Christum
789 1414 901 1454 gestu
940 1404 1015 1442 sibi
1059 1405 1220 1454 placido
1266 1406 1390 1453 (quod
1434 1412 1492 1440 est

119 1474 162 1496 20
176 1462 394 1512 spiritualis
425 1463 641 1512 pudicicia)
674 1463 896 1512 perornari.
941 1463 980 1500 Si
1026 1463 1146 1511 igitur
1183 1462 1367 1499 volumus
1407 1474 1491 1498 esse

178 1524 225 1558 de
251 1521 333 1558 istis
356 1531 532 1570 quatuor
561 1520 736 1557 millibus
760 1521 1023 1570 spiritualiter
1045 1520 1257 1567 saciandis,
1281 1529 1490 1557 teneamus

177 1579 308 1628 primo
340 1579 444 1616 viam
481 1579 646 1627 regiam,
695 1592 772 1628 que
817 1579 999 1617 consistit
1042 1579 1083 1615 in
1116 1578 1274 1615 iusticia
1306 1578 1490 1627 placente

178 1640 261 1674 Deo
295 1646 332 1674 et
364 1637 531 1684 homini,
566 1646 603 1674 et
633 1637 786 1674 viatore
812 1646 994 1674 servante
1017 1637 1125 1673 illam
1151 1636 1352 1673 iusticiam
1380 1636 1490 1672 inde-

177 1695 404 1732 fectibiliter
436 1695 683 1744 impossibile
715 1704 773 1732 est
806 1697 914 1744 quod
946 1695 1133 1732 inimicus
1166 1694 1361 1743 impediat
1394 1694 1490 1742 quin

121 1752 160 1786 25
178 1755 227 1790 ad
259 1754 408 1790 lectum
442 1753 578 1802 sponsi
612 1766 686 1802 pro
718 1763 901 1802 tempore
936 1766 1114 1802 congruo
1149 1754 1403 1801 perducetur.

236 1813 313 1848 Sed
345 1823 436 1849 curn
469 1820 549 1848 tres
588 1820 679 1847 sunt
711 1813 844 1849 hostes
883 1811 1058 1849 hominis
1098 1811 1165 1860 qui
1204 1823 1277 1859 pro
1309 1819 1491 1859 ternpore

176 1868 238 1906 vie
270 1882 351 1906 non
377 1869 562 1906 desinunt
585 1868 791 1917 insultare,
822 1878 860 1907 et
882 1869 1034 1918 primus
1067 1878 1125 1905 est
1148 1868 1261 1905 fortis
1294 1868 1490 1915 diabolus,

177 1939 337 1964 necesse
375 1937 433 1964 est
465 1927 674 1964 ecclesiam
709 1927 942 1964 fortitudine
986 1927 1212 1976 perornari3
1252 1935 1289 1963 et
1326 1926 1401 1962 ista
1436 1934 1493 1963 est

177 1987 353 2022 secunda
390 1986 516 2023 virtus
561 1985 776 2023 cardinalis
815 1998 885 2034 per
929 1998 1050 2034 quam
1096 1993 1237 2022 contra
1284 1984 1491 2020 diabolum

121 2042 164 2075 30
178 2045 299 2080 homo
322 2045 499 2080 decertat
523 2042 712 2091 fideliter3
743 2057 825 2081 non
854 2053 987 2080 autem
1011 2043 1249 2091 intelligitur
1271 2042 1494 2090 corporalis

178 2101 386 2148 fortitudo,
420 2114 511 2138 cum
545 2100 668 2138 armis
700 2101 838 2139 ferreis
871 2103 940 2138 sed
964 2101 1183 2150 spiritualis
1216 2100 1411 2137 fortitudo
1444 2101 1493 2137 ad

179 2159 383 2196 humiliter
425 2161 492 2197 sed
533 2169 834 2208 perseveranter
872 2159 1068 2208 impulsus
1113 2158 1179 2208 qui
1212 2158 1376 2195 veniunt
1427 2171 1495 2206 pa-

180 2217 379 2256 ciendum.
414 2219 462 2254 Et
494 2217 569 2254 ista
601 2216 794 2255 fortitudo
828 2230 905 2266 que
939 2230 1027 2254 cum
1063 2215 1369 2265 longanimitate
1402 2229 1495 2252 con-

178 2275 346 2312 vertitur
378 2285 436 2312 est
468 2276 749 2313 indumentum
789 2288 862 2324 pro
901 2284 1084 2324 tempore
1122 2274 1182 2311 vie
1221 2273 1491 2311 necessarium

123 2330 163 2364 35
180 2345 324 2381 sponse
357 2333 516 2371 Christi.
551 2335 628 2371 Sed
660 2347 750 2371 cum
785 2335 864 2370 duo
903 2342 994 2370 sunt
1027 2334 1160 2369 hostes
1192 2332 1259 2369 alii
1292 2345 1364 2381 pro
1397 2340 1495 2368 tem-

181 2404 277 2439 pore
310 2391 426 2428 huius
457 2392 517 2429 vie
562 2392 771 2429 ecclesiam
816 2392 1079 2437 retardantes,
1111 2402 1270 2427 necesse
1303 2399 1360 2426 est
1393 2391 1495 2426 hanc

181 2463 369 2498 sponsam
401 2449 513 2486 indui
544 2450 585 2486 in
617 2451 772 2487 duobus
804 2449 891 2486 aliis
923 2448 1183 2486 ornamentis.

240 2510 395 2545 Habeat
433 2521 527 2556 ergo
565 2508 827 2557 prudenciam
870 2519 945 2556 que
986 2515 1045 2543 est
1082 2506 1207 2543 virtus
1245 2505 1369 2542 tercia
1408 2518 1494 2541 cai-

183 2566 326 2603 dinalis
364 2579 434 2615 per
472 2579 592 2615 quam
632 2575 675 2603 ut
714 2566 909 2603 sotulares
951 2566 1170 2614 prudenter
1201 2565 1322 2612 pedes
1356 2563 1495 2599 induat

123 2624 417 2672 4Oaccipiendo
463 2626 510 2661 de
561 2625 678 2661 rebus
728 2623 942 2660 mundanis
981 2631 1177 2671 quantum
1225 2621 1382 2670 expedit
1426 2633 1495 2657 sue

254 2816 273 2835 1.
309 2807 346 2835 B:
376 2808 515 2843 pudt'ct'a.
658 2816 686 2843 9.
720 2808 765 2835 A:
797 2807 852 2834 sed
873 2804 1010 2843 fratres.
1155 2813 1188 2833 11.
1223 2805 1260 2832 B:
1293 2804 1494 2842 Antichristo.

186 2850 223 2870 12.
247 2845 290 2870 A:
312 2842 446 2870 Matthei
463 2842 546 2874 xlm
568 2842 605 2869 B:
627 2843 768 2869 correxit.
843 2849 888 2868 20.
909 2842 983 2869 Ain
999 2848 1113 2875 marg:
1133 2839 1274 2867 Justicia.
1347 2839 1393 2866 28.
1416 2839 1444 2865 A
1464 2846 1494 2865 in

185 2886 299 2912 marg:
321 2877 493 2905 Fortitudo.
565 2876 610 2904 38.
632 2878 656 2904 A
680 2877 709 2904 in
731 2884 845 2911 marg:
866 2876 1052 2903 Prudencia.

1721 258 1772 296 29

1562 370 1704 432 Modestf

1569 406 1716 468 ⁵p32¹<²1³¹by

1536 448 1734 503 ciiisichmeri.

1524 1355 1553 1383 If
1572 1363 1616 1381 we
1636 1354 1714 1381 wish
1735 1358 1766 1381 to

1519 1394 1566 1417 eat
1587 1389 1622 1416 of
1638 1388 1772 1416 Christ's

1537 1425 1680 1459 banquet‚
1701 1431 1748 1462 xye

1524 1463 1607 1487 must
1628 1462 1759 1494 practise

1574 1494 1624 1521 the
1644 1494 1714 1520 four

1575 1529 1708 1556 virtues:

1570 1595 1590 1615 ι.
1611 1586 1724 1614 Justice

1543 2001 1568 2021 2.
1590 1993 1749 2021 Fortitude

1545 2513 1570 2542 3.
1593 2514 1757 2542 Prudence.
