2003 3322
229 222 310 267 408
939 230 1058 262 opos
1083 229 1420 262 EVANGEmcoM
1595 218 1702 272 [CAP.
1725 227 1835 255 κων.

246 343 333 382 ,(3οᾰ
356 347 460 377 grants
522 336 664 372 invenit
703 343 738 372 et
770 336 948 385 pulsanti
982 336 1193 385 aperietur.
1245 336 1436 379 Quoniam
1477 336 1657 372 dixerat:
1703 336 1837 383 Petite,

229 379 506 440 Πξῖἷῐῖἷῆἒηξὲἓέο
522 394 668 443 querite
706 401 741 429 et
774 394 941 442 pulsate,
981 406 1026 430 ne
1045 395 1161 443 forte
1198 394 1319 442 aliqui
1349 402 1601 444 peccatorum
1642 395 1840 430 audientes

316 447 365 474 sor
385 447 415 474 it.
522 452 651 488 dicant
673 452 806 487 eciam.
841 452 919 488 Ista
943 452 1086 500 facere
1118 452 1259 502 dignos
1291 453 1495 497 hortatur,·
1528 464 1595 488 nos
1625 459 1751 488 autem
1785 453 1839 487 in-

521 510 631 560 digni
653 516 688 545 et
709 509 744 545 si
769 510 1024 558 petiverimus
1056 522 1129 546 non
1161 510 1394 559 accipiemus
1426 518 1461 546 et
1492 510 1526 546 si
1545 510 1742 559 querimus
1765 522 1838 546 non

520 567 754 603 inveniemus
786 574 821 603 et
852 568 888 603 si
912 568 1216 616 pulsaverimus,
1250 580 1322 604 non
1356 568 1463 604 nobis
1495 568 1706 617 aperietur.
1748 568 1871 603 Vide5

519 626 708 674 quomodo
753 626 911 661 eandem
957 626 1171 661 clausulam
1214 627 1420 675 repetendo
1461 633 1539 661 tam
1579 626 1687 662 iustis
1724 638 1837 674 quam

515 683 786 732 peccatoribus
834 678 838 735 Ι
887 683 1197 719 misericordiam
1257 684 1334 719 Dei
1389 684 1632 720 commendat
1690 684 1836 720 dicens:
1878 687 1957 728 398⁸

525 741 659 777 Omnis
703 741 768 789 qui
805 741 914 789 petit,
959 741 998 776 id
1042 748 1111 787 est,
1155 741 1234 777 sive
1279 742 1399 779 iustus
1441 742 1491 778 sit
1533 742 1613 777 sive
1639 748 1837 790 peccator,

520 807 646 835 tamen
675 806 808 848 petere
846 811 919 835 non
953 799 1109 842 dubitet,
1149 811 1313 847 querere
1344 812 1416 836 non
1449 799 1640 849 negligat,
1677 800 1839 848 pulsare

520 870 591 893 non
636 864 769 901 cesset,
810 864 849 892 ut
892 864 1038 893 constet
1076 858 1261 893 neminem
1305 858 1448 907 sperni,
1495 857 1568 893 nisi
1609 857 1674 905 qui
1706 864 1896 906 peterem

520 914 753 950 dubitaverit
786 927 808 950 a
836 915 935 961 Deo,
968 927 1130 963 querere
1159 916 1392 965 neglexerit,
1421 915 1584 964 pulsare
1616 915 1837 951 cessaverit.

524 973 572 1008 Ut
609 979 735 1009 autem
774 984 1055 1023 cognoscamus
1094 973 1299 1009 bonitatem
1332 973 1420 1018 Dei,
1457 973 1630 1009 dicamus
1664 973 1709 1008 de
1742 973 1839 1019 Deo,

517 1030 615 1066 sicut
652 1030 831 1066 Christus
864 1031 965 1067 dixit
997 1031 1044 1066 de
1075 1031 1193 1067 nobis.
1235 1031 1339 1066 Dicit
1371 1031 1469 1066 enim
1501 1042 1643 1079 supra:
1675 1030 1841 1080 Diligite

519 1088 692 1124 inimicos
745 1095 896 1124 vestros
947 1095 981 1124 et
1033 1095 1160 1124 cetera
1214 1089 1453 1133 huiusnzodi,·
1522 1095 1557 1124 et
1608 1088 1737 1124 addit:
1800 1089 1842 1123 Si

519 1153 646 1182 autem
681 1146 845 1197 diligitis
877 1146 1083 1196 diligentes
1116 1159 1196 1193 vos,
1230 1159 1343 1194 quam
1378 1146 1593 1182 mercedem
1628 1146 1895 1182 habeb'tisP15

520 1204 656 1240 Nonne
686 1204 853 1254 gentiles
885 1204 956 1240 hoc
977 1204 1165 1252 faciunt?
1197 1205 1279 1241 Nos
1318 1217 1415 1254 ergo
1449 1204 1622 1240 dicamus
1655 1204 1701 1239 de
1733 1204 1816 1239 Deo
1829 1219 1839 1238 .-

520 1262 563 1297 Si
593 1263 700 1298 Deus
745 1263 1013 1298 tantummodo
1059 1262 1180 1298 iustos
1218 1270 1253 1297 et
1291 1263 1435 1298 amicos
1472 1274 1562 1298 suos
1600 1261 1761 1298 exaudit
1805 1268 1840 1296 et

519 1320 690 1364 adiuvat,
714 1332 829 1368 quam
846 1320 1001 1355 laudem
1023 1320 1203 1356 bonitatis
1226 1320 1430 1356 meretur?
1444 1321 1581 1356 Nonne
1603 1327 1638 1355 et
1652 1320 1836 1365 homines,

520 1390 603 1413 cum
638 1377 733 1413 mali
762 1378 851 1421 sint,
884 1378 1029 1414 amicos
1060 1390 1150 1414 suos
1185 1385 1372 1428 rogantes
1402 1390 1443 1414 se
1475 1377 1637 1413 audiunt
1668 1385 1703 1413 et
1730 1378 1839 1426 bene-

506 1435 604 1484 ficia
643 1435 695 1471 eis
728 1436 940 1484 prestant?
984 1436 1092 1472 Vides
1137 1448 1234 1486 ergo
1274 1436 1450 1484 quoniam
1491 1435 1684 1472 Dominus
1729 1435 1841 1470 dicit:
1856 1447 1897 1468 20

518 1493 654 1529 Estote
686 1493 970 1536 misericordes,
1004 1493 1101 1529 sicut
1133 1501 1168 1529 et
1196 1501 1311 1542 pater
1343 1501 1470 1530 vester
1509 1493 1735 1530 misericors
1771 1500 1839 1535 est,

519 1551 582 1599 qui
624 1551 743 1587 solem
788 1563 899 1587 suum
945 1552 1044 1587 oriri
1081 1552 1180 1587 iubet
1216 1564 1335 1600 super
1372 1552 1492 1587 iustos
1530 1558 1564 1587 et
1604 1550 1762 1586 iniustos
1807 1558 1841 1585 et

520 1609 585 1644 dat
625 1609 800 1658 pluviam
853 1621 971 1658 super
1014 1616 1153 1659 gratos
1197 1617 1233 1645 et
1276 1610 1465 1659 ingratos.
1513 1609 1731 1644 Bonitatem
1768 1608 1842 1644 Dei

520 1667 639 1702 voluit
681 1667 963 1711 demonstrare,
1016 1667 1103 1715 quia
1147 1674 1224 1702 tam
1276 1667 1384 1703 iustis
1423 1679 1535 1715 quam
1572 1666 1842 1715 peccatoribus

518 1732 658 1772 parata
692 1731 747 1760 est
779 1724 929 1760 bonitas
968 1724 1058 1760 eius.
1106 1725 1187 1760 Nec
1225 1725 1322 1760 enim
1364 1725 1548 1761 credibile
1587 1731 1642 1760 est
1675 1731 1715 1759 ut
1746 1736 1841 1772 opus
1856 1727 1896 1758 25

519 1782 766 1831 benignitatis
789 1782 1004 1818 hominibus
1026 1782 1177 1830 quidem
1202 1782 1379 1832 iniungat
1406 1782 1442 1818 in
1473 1782 1586 1818 malis
1614 1781 1839 1827 constitutis,

519 1840 599 1888 ipse
642 1846 766 1875 autem
802 1851 874 1875 non
908 1839 1051 1888 faciat,
1100 1852 1184 1875 cum
1218 1840 1267 1876 sit
1299 1841 1428 1876 bonus.
1471 1840 1584 1890 Ergo
1624 1839 1747 1876 omnis
1779 1839 1843 1888 qui

520 1910 592 1932 non
633 1897 745 1933 habet
783 1897 973 1933 iusticiam
1014 1905 1055 1932 ut
1092 1905 1158 1932 aut
1197 1899 1332 1934 credat
1371 1899 1416 1933 de
1455 1910 1578 1948 regno
1616 1897 1746 1933 celesti
1775 1904 1840 1932 aut

512 1955 656 2003 facere
689 1955 816 1990 valeat
859 1955 1063 1999 iusticiam,
1107 1963 1174 1991 aut
1217 1963 1320 1992 certe
1363 1956 1550 1991 iusticiam
1591 1968 1663 1991 non
1702 1955 1840 2004 petivit

509 2013 688 2062 fideliter
711 2020 776 2048 aut
799 2025 871 2048 non
895 2013 1056 2061 quesivit
1083 2013 1212 2049 studio
1241 2021 1277 2049 et
1304 2014 1437 2049 labore
1469 2020 1535 2049 aut
1567 2025 1638 2049 non
1667 2013 1839 2062 pulsavit
1854 2017 1896 2048 30

522 2070 701 2119 operibus
734 2071 852 2116 bonis,
886 2078 921 2106 et
955 2071 1039 2107 ideo
1073 2083 1144 2107 non
1178 2078 1233 2107 est
1264 2072 1413 2108 duricia
1436 2071 1513 2108 Dei
1535 2083 1607 2107 non
1626 2071 1840 2120 prestantis

520 2129 589 2164 sed
621 2129 735 2177 culpa
768 2129 933 2165 hominis
965 2129 1212 2179 negligentis.

258 2201 352 2229 Trust
372 2202 402 2229 j„
425 2202 480 2230 His
586 2186 682 2230 Quis
721 2194 891 2222 vestrum
932 2187 1074 2223 habens
1093 2187 1225 2236 filium
1267 2194 1302 2223 et
1332 2187 1366 2223 si
1392 2194 1500 2236 petat
1532 2187 1579 2222 ab
1612 2199 1654 2222 eo
1682 2198 1837 2235 panem,

292 2237 448 2272 goodness
522 2244 705 2293 numquid
752 2244 919 2293 lapidem
954 2245 1139 2294 porriget
1177 2245 1240 2280 ei?
1285 2245 1414 2280 Videte
1452 2245 1644 2292 quomodo
1682 2256 1750 2280 nos
1788 2244 1840 2280 ad

289 2272 444 2341 Osslssvcssssffih
520 2314 626 2350 spem
658 2302 784 2338 divine
806 2302 986 2338 bonitatis
1018 2302 1189 2347 inclinat,
1221 2314 1266 2338 ne
1279 2302 1395 2351 forte
1421 2302 1559 2350 aliquis
1591 2302 1839 2338 considerans
1853 2304 1894 2338 35

242 2341 366 2377 despair
386 2346 415 2368 at
435 2350 491 2369 our
799 2360 803 2365 .
958 2360 964 2366 .
1018 2360 1024 2366 .
1448 2360 1453 2367 .

333 2384 403 2403 own
522 2367 662 2408 quanta
686 2367 741 2395 est
765 2360 987 2408 differencza
1011 2367 1111 2396 inter
1133 2361 1259 2396 Deum
1290 2368 1325 2396 et
1347 2361 1536 2396 hommem
1562 2367 1597 2396 et
1614 2360 1838 2409 ponderans

250 2411 493 2438 unworthiness.
517 2424 677 2466 peccata
706 2430 789 2464 sua,
813 2418 903 2453 dum
935 2430 1008 2454 non
1036 2425 1169 2467 sperat
1192 2418 1404 2466 impetrare
1426 2430 1492 2454 nec
1519 2418 1674 2467 incipiat
1690 2424 1836 2466 petere,

522 2475 606 2510 ideo
633 2482 795 2523 patrum
829 2482 865 2511 et
885 2474 1066 2524 filiorum
1099 2475 1388 2511 similitudinem
1421 2475 1644 2521 introducit,
1677 2482 1717 2510 ut
1745 2482 1779 2511 et
1807 2475 1840 2511 si

516 2540 686 2581 propter
725 2540 885 2582 peccata
938 2540 1071 2568 nostra
1124 2534 1377 2582 desperamus
1425 2541 1591 2582 propter
1629 2533 1836 2583 propriam

521 2591 725 2626 bonitatem
760 2591 837 2625 Dei
867 2602 1078 2639 speremus.
1849 2597 1893 2628 40

591 2745 620 2768 4.
655 2735 690 2761 B:
726 2737 755 2761 et
787 2735 879 2761 deest.
1009 2734 1044 2761 1¹3.
1080 2736 1123 2762 A:
1159 2735 1234 2762 dicit
1266 2736 1302 2763 de
1334 2736 1429 2763 nobis.
1556 2743 1602 2768 24.
1637 2736 1680 2762 A:
1721 2735 1836 2762 volunt.

523 2768 567 2796 38.
590 2772 632 2796 A:
655 2770 750 2796 ccl'anz
770 2770 806 2795 si.

597 2841 644 2871 13.
674 2840 791 2871 Matth.
811 2842 851 2880 V,
878 2851 1029 2882 44—47.
1174 2851 1225 2873 21.
1256 2842 1369 2872 Lucae
1397 2842 1452 2881 Vl,
1482 2840 1540 2880 '363
1568 2840 1686 2872 Matth.
1714 2841 1753 2881 V,
1780 2840 1835 2881 45.
