2003 3322
153 195 241 223 εΑΡ.
261 185 313 239 ι]
624 197 836 230 SECUNDA
864 196 989 229 PARS.

155 304 257 340 dicat
279 304 481 350 hereticus,
511 304 597 352 quia
621 304 668 339 de
690 304 793 340 veris
815 303 1036 340 christianis
1058 303 1280 339 doctoribus
1302 302 1472 352 loquitur

160 361 352 408 Christus,
391 361 479 410 quia
518 361 723 397 christiani
752 361 904 410 quidem
944 369 1044 408 sunt,
1083 369 1209 397 tamen
1243 367 1473 410 peccatores

153 427 252 455 sunt.
293 419 427 455 Omnis
465 419 562 455 enim
602 420 839 456 christianus
872 419 936 467 qui
957 419 1063 467 facit
1091 425 1308 468 peccatum,
1337 419 1473 467 salsus

155 477 390 513 christianus
422 477 573 513 dicitur.
617 477 669 512 Et
701 489 791 513 vere
821 477 972 526 quidem
1007 484 1075 521 est,
1114 476 1201 526 quia
1235 476 1472 512 christianus

122 535 219 584 §qui
248 535 354 583 facit
391 542 593 583 peccatum
639 547 705 571 nec
744 536 889 583 penitet
933 535 980 570 de
1020 542 1195 583 peccato,
1232 534 1369 582 falsus
1420 541 1475 569 est

155 593 400 629 christianus.
462 594 603 628 Tamen
656 600 695 628 ut
744 593 845 629 scias
895 592 984 641 quia
1028 605 1102 628 non
1156 593 1203 628 de
1253 591 1476 627 christianis

149 651 419 700 peccatoribus
462 652 531 686 sed
575 652 621 685 de
665 650 842 686 hereticis
887 650 1107 686 doctoribus
1160 649 1350 699 loquitur;
1401 661 1474 685 non

154 716 301 744 tantum
344 708 465 744 dixit:
514 709 591 752 Qui
628 709 780 744 veniunt
810 708 863 743 ad
895 720 962 744 vos
994 708 1030 743 in
1064 707 1299 743 vestimentis
1332 707 1473 753 ovium,

153 767 223 802 sed
243 766 416 801 addidit:
447 766 502 802 Ab
531 766 631 802 intus
660 773 785 801 autem
815 773 903 802 sunt
935 765 1016 814 lupi
1046 777 1221 814 rapaces.
1263 764 1478 800 Christiani

100 842 138 863 10
155 824 252 859 enim
310 824 490 860 doctores
552 824 623 860 etsi
671 823 828 872 fuerint
873 830 1113 872 peccatores,
1171 823 1278 859 servi
1323 823 1474 871 quidem

155 881 286 918 carnis
325 881 519 928 dicuntur,
563 882 649 930 quia
696 881 901 917 vincuntur
932 894 953 916 a
994 893 1122 927 carne,
1162 888 1290 916 tamen
1325 892 1473 929 propo-

154 940 268 976 situm
294 951 366 975 non
391 940 529 975 habent
546 940 717 988 perdere
739 939 985 975 christianos.
1014 939 1067 974 Et
1089 939 1173 974 ideo
1197 950 1270 974 non
1295 938 1476 974 dicuntur

155 997 237 1046 lupi
282 1009 457 1046 rapaces.
506 997 617 1033 Vides
661 1009 758 1047 ergo
801 997 889 1046 quia
943 997 1147 1045 manifeste
1199 996 1245 1031 de
1296 996 1475 1032 hereticis

156 1055 378 1091 doctoribus
401 1055 515 1100 dicat,
540 1055 606 1103 qui
626 1055 662 1090 in
691 1067 733 1091 eo
751 1054 957 1104 proposito
979 1055 1135 1090 schema
1168 1054 1473 1090 christianorum

101 1122 137 1154 15
153 1120 405 1162 susceperunt
459 1113 693 1162 providente
751 1112 918 1159 diaholo⁷
985 1120 1025 1148 ut
1069 1112 1303 1148 christianos
1347 1112 1474 1160 iniquo

152 1170 389 1207 seduccionis
421 1183 554 1206 morsu
589 1171 785 1206 dilanient.
825 1171 887 1205 De
924 1170 1098 1218 qualibus
1137 1170 1237 1219 lupis
1267 1170 1477 1219 Apostolus

155 1228 246 1264 dicit
276 1229 328 1264 ad
355 1229 569 1278 Ephesios:
601 1229 688 1265 Scio
721 1228 807 1277 quia
834 1235 926 1277 post
959 1228 1154 1264 decessum
1194 1240 1319 1264 meum
1354 1227 1476 1263 intra-

153 1287 244 1322 bunt
286 1286 322 1321 in
367 1298 433 1322 vos
470 1287 552 1335 lupi
590 1298 750 1336 graves,
793 1298 866 1322 non
905 1294 1112 1334 parcentes
1147 1286 1279 1336 gregi.
1333 1285 1385 1320 Et
1426 1297 1478 1321 ex

155 1344 259 1380 vohis
288 1344 380 1393 ipsis
411 1344 552 1390 exient,
580 1356 773 1392 perversa
796 1344 1004 1393 loquentes,
1038 1351 1077 1379 ut
1100 1344 1243 1379 ducant
1266 1343 1477 1392 discipulos

98 1409 239 1451 20post
270 1414 320 1437 se.
356 1402 460 1437 Audi
480 1414 578 1452 ergo
602 1403 704 1450 quod
728 1402 763 1438 si
784 1414 822 1437 es
853 1402 987 1437 doctus
1019 1402 1065 1437 ab
1089 1401 1268 1437 hereticis
1287 1408 1416 1451 putas,
1440 1408 1476 1437 te

156 1460 347 1496 eruditum
382 1468 417 1495 et
449 1460 667 1511 baptizatus
689 1460 735 1495 ab
759 1459 812 1496 eis
828 1467 946 1508 putas
976 1467 1012 1495 te
1033 1459 1287 1496 christianum
1302 1459 1474 1507 factum.

163 1517 255 1553 Vide
307 1518 485 1554 doctores
537 1517 727 1554 hereticos
776 1518 842 1566 qui
894 1517 975 1566 lupi
1025 1518 1207 1553 dicuntur
1250 1530 1272 1553 a
1316 1517 1473 1553 Christo

157 1575 421 1612 devoratores.
471 1575 514 1611 Si
544 1588 641 1625 ergo
682 1576 856 1611 eruditus
888 1587 927 1611 es
958 1575 1004 1610 ab
1038 1575 1230 1621 hereticis,
1265 1582 1403 1624 raptus
1436 1586 1475 1610 es

156 1645 228 1668 non
261 1634 456 1678 eruditus;
499 1633 533 1669 si
563 1633 780 1686 baptizatus
813 1634 859 1668 ab
892 1633 945 1669 eis
977 1645 1028 1679 ες,
1063 1634 1273 1669 devoratus
1306 1644 1357 1679 es,
1401 1644 1474 1669 non

98 1698 138 1730 25
154 1691 340 1726 salvatus.
375 1692 476 1727 Nam
512 1691 694 1740 luporum
728 1698 783 1727 est
816 1692 1023 1737 devorare,
1058 1703 1131 1727 non
1163 1691 1333 1727 salvare.

217 1748 321 1791 Quid
365 1761 484 1799 ergo:
525 1749 599 1785 Est
629 1760 680 1785 ex
699 1749 901 1798 fructibus
943 1761 1075 1784 eorum
1109 1748 1350 1799 cognoscetis
1381 1748 1476 1784 eos?

1678 198 1760 235 429

154 1805 324 1842 Fructus
363 1808 460 1842 enim
501 1807 665 1843 hominis
703 1814 757 1842 est
795 1807 984 1855 confessio
1012 1807 1116 1856 fidei
1152 1807 1231 1843 eius
1275 1813 1309 1842 et
1354 1818 1473 1855 opera
1489 1813 1532 1848 By
1557 1813 1640 1840 what
1672 1813 1764 1841 fruits

156 1865 464 1901 conversacionis
486 1865 616 1914 ipsius.
643 1865 685 1899 Si
706 1876 803 1915 ergo
828 1865 972 1900 videris
992 1864 1183 1901 hominem
1207 1864 1474 1910 christianum,

154 1922 285 1958 statim
300 1923 501 1958 considera
516 1923 551 1958 si
566 1923 814 1959 conversacio
837 1922 916 1958 eius
937 1923 1113 1959 convenit
1135 1935 1219 1959 cum
1248 1921 1455 1971 scripturis
1464 1935 1476 1965 ,-

99 1987 141 2019 30
157 1987 192 2016 et
223 1988 311 2016 tunc
344 1993 459 2017 verus
491 1988 546 2016 est
578 1980 824 2016 christianus.
866 1981 909 2015 Si
937 1988 1064 2016 autem
1099 1993 1171 2016 non
1205 1987 1260 2016 est
1290 1980 1474 2028 quemad-

157 2039 312 2074 modum
334 2038 513 2075 Christus
536 2038 747 2084 mandavit,
762 2038 898 2086 falsus
920 2045 986 2074 est.
1012 2038 1075 2073 Sic
1097 2038 1194 2074 enim
1224 2046 1260 2074 et
1279 2037 1474 2073 Johannes

157 2108 242 2131 cum
277 2097 323 2132 de
354 2096 531 2132 hereticis
562 2096 781 2145 scripsisset
813 2096 1029 2145 epistolam,
1063 2108 1136 2131 non
1170 2096 1282 2133 dixit.
1318 2095 1361 2130 Si
1389 2095 1474 2144 quis

159 2153 305 2189 venerit
348 2155 399 2189 ad
447 2166 514 2190 vos
558 2167 630 2191 non
675 2154 817 2189 habens
854 2154 1001 2190 Christi
1038 2165 1174 2189 nomen
1219 2165 1286 2189 nec
1323 2153 1404 2188 Ave
1442 2152 1477 2188 ei

160 2211 351 2258 dixeritis,
374 2213 442 2247 sed
463 2212 497 2248 si
517 2212 599 2260 quis
620 2224 691 2247 non
708 2212 883 2247 attulerit
898 2211 1009 2247 istam
1027 2211 1258 2249 doctrinam.
1281 2210 1472 2246 Judicium

103 2269 452 2307 35christianz'tatis
484 2282 557 2305 non
589 2271 641 2305 ad
672 2281 807 2305 nomen
841 2270 973 2305 retulit
1002 2269 1072 2305 sed
1098 2269 1150 2304 ad
1179 2268 1472 2317 confessionem,

158 2327 247 2376 quia
286 2340 358 2363 non
398 2339 533 2363 nomen
570 2328 695 2363 solum
735 2327 883 2363 Christi
919 2327 1171 2363 christianum
1195 2326 1302 2375 facit
1339 2327 1407 2362 sed
1440 2333 1475 2361 et

161 2385 304 2420 veritas
341 2385 501 2432 Christi,
540 2385 626 2432 quia
665 2385 701 2420 in
741 2385 892 2420 nomine
929 2384 1078 2421 Christi
1114 2385 1227 2420 multi
1263 2384 1473 2431 ambulant,

231 2597 273 2623 14.
294 2588 331 2617 B:
354 2589 449 2623 dicit‚·
469 2590 509 2616 ib.
531 2590 574 2617 A:
596 2590 628 2616 in
648 2590 741 2617 deest.
827 2588 865 2616 18.
889 2589 933 2616 A:
955 2589 1022 2623 lupi
1040 2595 1184 2623 rapaces.
1277 2596 1318 2622 ιφ.
1340 2587 1379 2614 B:
1401 2587 1476 2622 ipsis

162 2623 255 2651 deest.
337 2632 380 2651 22.
402 2626 444 2652 A:
466 2625 532 2660 lupi
550 2625 643 2651 deest.
725 2623 763 2651 31.
785 2625 814 2650 A
834 2624 864 2650 in
887 2631 1002 2652 marem
1027 2622 1116 2658 Quod
1135 2625 1258 2657 oportet
1277 2623 1306 2649 si
1324 2622 1414 2649 homo
1434 2622 1475 2649 sit

161 2659 351 2688 christianus
378 2659 462 2695 quod
488 2659 685 2686 conversacio
714 2659 779 2686 eius
804 2658 966 2685 conveniat
989 2665 1055 2685 cum
1079 2657 1244 2692 scripturis
1262 2657 1373 2689 sacris,
1401 2656 1474 2695 quia

162 2693 256 2721 aliter
287 2702 347 2722 non
379 2697 424 2721 est
455 2694 645 2721 christianus
674 2693 838 2720 secundum
872 2692 1087 2720 Crisostomus.
1196 2690 1242 2725 34.
1275 2693 1320 2718 A:
1358 2691 1473 2718 attulit.

162 2726 204 2756 35.
226 2729 265 2756 B:
286 2729 329 2756 ad
346 2728 422 2756 after
440 2729 497 2756 sea'
515 2729 610 2756 deest.

238 2800 286 2833 16.
313 2802 387 2832 Act.
414 2801 485 2841 XX,
514 2811 566 2844 29,
595 2801 647 2833 30.
746 2801 798 2834 33.
828 2800 862 2830 11.
890 2798 967 2831 Joh.
994 2799 1033 2830 X.

1506 1856 1552 1875 we
1573 1856 1643 1883 may
1660 1849 1752 1876 know

1588 1891 1668 1910 men.
