2003 3322
185 239 265 286 462
861 248 978 282 opos
1004 248 1338 282 EVANGELICUM
1551 236 1657 292 [CAP.
1678 244 1784 276 Lvm.

211 364 277 391 Tne
297 363 434 391 taithless
534 357 607 393 Iste
660 357 783 408 igitur
827 357 1002 394 diabolus
1052 358 1232 407 insipiens
1282 358 1345 393 ubi
1386 357 1581 407 edificavit
1632 358 1786 393 domum

203 407 254 460 ag?
272 399 324 460 {life
345 399 442 459 ἓέἒίῗθ
473 416 614 451 suam?
665 416 791 465 Super
822 428 995 454 arenam.
1041 417 1193 452 Domus
1224 416 1321 452 enim
1356 416 1435 452 eius
1465 423 1553 451 ante
1589 415 1786 451 Christum

200 468 450 529 builtsgffinnthe
465 474 636 522 fuerunt
679 486 809 511 omnes
850 482 997 525 gentes.
1052 475 1158 510 Sicut
1201 474 1300 510 enim
1347 474 1473 510 sancti
1514 481 1602 510 sunt
1653 474 1788 509 domus

483 531 643 577 Christi,
678 532 730 568 ita
762 540 798 568 et
830 532 939 582 impii
968 540 1055 568 sunt
1088 533 1224 568 domus
1256 532 1410 567 inimici.
1445 531 1631 581 Edificati
1660 539 1785 567 autem

465 590 634 637 suerunt
677 602 796 639 super
838 603 1013 634 arenam,
1054 590 1094 625 id
1125 597 1194 637 est,
1239 602 1357 639 super
1400 589 1699 626 inconstanciam
1734 589 1820 625 in-5

462 648 684 697 fidelitatis.
720 649 763 683 Si
793 648 890 684 enim
924 648 1144 684 constancia
1165 648 1268 697 fidei
1289 648 1431 684 dicitur
1456 655 1585 697 petra,
1619 654 1722 684 recte
1753 655 1787 683 et

475 706 734 742 inconstancia
768 706 1009 756 infidelitatis
1041 718 1160 742 arena
1194 713 1370 753 vocatur,
1415 706 1454 741 id
1485 713 1553 753 est,
1587 705 1786 751 idolatria,

475 776 544 812 que
583 776 658 813 per
702 765 834 800 varias
878 764 1073 800 idolorum
1107 764 1281 800 culturas
1322 776 1477 813 semper
1509 764 1686 812 dispersa
1720 771 1787 810 est,

475 829 540 857 aut
573 829 676 857 certe
707 834 826 872 super
857 835 1031 869 arenam,
1071 822 1111 857 id
1142 829 1209 869 est,
1256 834 1375 871 super
1407 822 1586 858 carnales
1618 821 1790 857 homines

476 880 662 928 infideles.
716 881 808 916 Ideo
840 888 968 916 autem
1001 881 1099 916 tales
1131 880 1304 916 homines
1334 892 1454 916 arena
1488 879 1682 926 dicuntur,
1715 891 1788 915 non
1809 892 1847 912 10

475 945 597 984 terra,
631 938 808 986 quoniam
841 945 950 974 terra
981 938 1132 987 quidem
1156 938 1338 987 fructum
1364 938 1478 985 facit,
1513 949 1632 973 arena
1662 944 1789 973 autem

475 996 621 1032 sterilis
654 1004 792 1033 manet.
827 997 979 1032 Deinde
1010 996 1176 1044 quidem,
1211 996 1298 1045 quia
1331 1003 1441 1032 terra
1473 996 1577 1031 unita
1600 1003 1657 1032 est
1687 1002 1722 1031 et
1754 995 1789 1030 in

475 1066 516 1089 se
547 1054 670 1103 ipsam
704 1055 935 1099 constricta;
982 1067 1099 1090 arene
1130 1061 1257 1090 autem
1295 1066 1426 1104 grana
1458 1066 1531 1090 non
1564 1053 1791 1089 conveniunt

475 1112 549 1147 sibi
578 1124 645 1148 nec
677 1113 868 1149 adherent
899 1113 951 1148 ad
983 1112 1155 1148 invicem.
1191 1112 1255 1148 Sic
1286 1119 1375 1148 sunt
1397 1119 1431 1148 et
1454 1123 1585 1148 omnes
1617 1111 1790 1161 infideles

477 1170 541 1218 qui
582 1171 651 1206 sub
685 1170 839 1207 diabolo
870 1178 969 1217 sunt,
1015 1183 1087 1207 non
1119 1177 1208 1206 sunt
1246 1170 1342 1206 uniti
1373 1182 1440 1206 nec
1472 1182 1586 1205 unum
1619 1169 1789 1218 sapiunt,
1811 1171 1848 1203 15

476 1228 544 1264 sed
574 1235 663 1264 sunt
696 1240 772 1278 per
811 1228 987 1265 diversas
1027 1228 1223 1277 opiniones
1262 1228 1440 1277 dispersi.
1493 1227 1546 1263 Et
1577 1227 1677 1263 alias
1708 1226 1790 1276 qui-

477 1287 562 1322 dem
606 1286 661 1322 sic
706 1287 808 1334 dicit,
853 1286 953 1323 alius
995 1293 1121 1322 autem
1154 1286 1219 1322 sic.
1285 1286 1348 1322 Sic
1380 1293 1415 1322 et
1447 1285 1634 1337 dogmata
1662 1285 1790 1334 philo-

477 1344 691 1393 sophorum
739 1345 875 1381 docent
918 1357 989 1393 que
1025 1352 1113 1381 sunt
1146 1344 1346 1380 contraria
1376 1340 1380 1396 Ι
1408 1356 1564 1393 semper
1596 1343 1679 1381 sibi.
1732 1342 1791 1379 Eo
1829 1346 1914 1387 403c

477 1402 592 1438 modo
630 1403 801 1452 perfidia
845 1403 1105 1439 hereticorum
1150 1402 1215 1451 qui
1244 1414 1435 1451 nunquam
1475 1401 1629 1451 sapiunt
1662 1413 1792 1447 unum,

476 1460 545 1496 sed
576 1468 666 1509 quot
695 1468 783 1497 sunt
814 1467 869 1497 tot
900 1460 1112 1497 sentencias
1145 1460 1296 1497 habent.
1343 1460 1514 1509 Propter
1545 1459 1646 1508 quod
1676 1470 1794 1494 arene
1809 1471 1851 1493 20

478 1518 720 1554 assimilatur
764 1518 888 1555 omnis
932 1519 1079 1555 diaboli
1116 1519 1297 1568 populus.
1352 1518 1525 1567 Populus
1556 1524 1684 1553 autem
1717 1516 1795 1553 Dei

479 1588 551 1612 non
584 1577 709 1613 solum
743 1577 871 1614 unitus
902 1584 959 1613 est
991 1577 1103 1625 quasi
1139 1584 1245 1613 terre
1277 1588 1347 1625 que
1383 1575 1562 1625 quamvis
1593 1582 1793 1624 compacta

477 1634 539 1681 sit,
574 1642 700 1671 tamen
733 1635 909 1672 solubilis
948 1642 1023 1680 est;
1068 1635 1137 1671 sed
1181 1642 1236 1671 est
1278 1635 1378 1671 sicut
1422 1634 1521 1683 lapis
1563 1632 1795 1670 constrictus

479 1692 767 1730 indissolubilis.
827 1693 962 1730 Tercio
1006 1693 1092 1741 quia
1133 1693 1278 1729 diaboli
1303 1692 1473 1742 populus
1505 1690 1795 1727 innumerabilis

479 1758 535 1787 est
584 1751 682 1787 sicut
733 1763 874 1787 arena:
925 1751 1002 1787 Dei
1051 1758 1178 1787 autem
1231 1763 1281 1787 ex
1324 1750 1455 1786 multis
1499 1749 1646 1786 vocatis
1679 1747 1852 1798 pauci25

480 1809 599 1845 electi.

223 1864 423 1927 ngc{2r¹iigeis
538 1867 677 1903 Pluvia
720 1874 847 1903 autem
896 1874 952 1903 est
985 1866 1176 1912 doctrina,
1221 1866 1309 1915 quia
1354 1866 1452 1902 sicut
1485 1865 1619 1915 pluvia
1653 1864 1800 1914 irrigat

396 1920 401 1925 ⁵
480 1931 642 1971 terram,
677 1932 717 1960 ut
743 1925 929 1974 proferat
951 1925 1150 1973 fructum,
1183 1924 1237 1960 sic
1267 1923 1443 1960 doctrina
1476 1923 1666 1959 hominem
1706 1922 1799 1958 irri-

478 1990 562 2033 gat,
596 1990 635 2018 ut
667 1983 845 2019 indiciam
879 1990 1073 2031 operetur.
1122 1982 1185 2018 Sic
1217 1982 1307 2018 dicit
1339 1983 1446 2018 Deus
1472 1993 1548 2030 per
1579 1980 1720 2016 Isaiam
1755 1980 1801 2015 de

480 2041 649 2077 tollenda
682 2054 704 2076 a
739 2041 866 2077 Iudeis
898 2041 1095 2077 doctrina:
1141 2040 1352 2083 Mandabo,
1385 2039 1517 2088 inquit,
1552 2039 1723 2085 nubibus,
1757 2049 1801 2073 ne
1818 2041 1859 2074 30

476 2100 616 2148 pluant
648 2111 767 2148 super
789 2099 1072 2148 eampluviam.
1098 2098 1227 2134 Nubes
1259 2098 1356 2134 enim
1403 2098 1583 2133 dicuntur
1609 2096 1802 2146 prophete

480 2164 514 2192 et
530 2158 707 2206 apostoli,
739 2157 825 2206 quia
857 2157 955 2193 sicut
986 2157 1102 2192 nubes
1133 2156 1304 2192 baiulant
1331 2156 1506 2205 pluviam
1539 2162 1575 2190 et
1605 2154 1803 2203 effundunt

481 2223 768 2264 superterram,
778 2214 1031 2264 sicprophete
1040 2221 1074 2250 et
1083 2214 1250 2263 apostoli
1262 2214 1452 2263 accipiunt
1468 2213 1625 2249 verbum
1642 2213 1757 2248 aDeo
1766 2218 1802 2247 et

191 2267 466 2331 dggtesffigssagajjgu
482 2274 678 2321 effundunt
694 2274 816 2322 ipsum
832 2285 950 2322 super
964 2272 1236 2308 racionabilem
1255 2279 1415 2310 terram.
1432 2272 1527 2306 Sunt
1542 2277 1668 2306 autem
1685 2269 1801 2305 nubes

266 2346 297 2365 as
320 2342 396 2365 true.
483 2343 553 2379 que
575 2344 596 2366 a
631 2331 779 2380 Spiritu
804 2332 944 2367 Sancto
968 2331 1188 2366 excitantur
1211 2337 1246 2366 et
1267 2337 1354 2366 sunt
1377 2330 1493 2365 nubes
1516 2341 1587 2377 que
1608 2341 1630 2363 a
1661 2327 1799 2376 spiritu
1817 2329 1856 2362 35

480 2390 684 2439 potestatis
716 2389 819 2425 aeris
849 2396 949 2436 sunt,
989 2389 1086 2425 sicut
1119 2388 1207 2424 dicit
1237 2388 1451 2437 propheta:
1494 2387 1567 2422 Est
1598 2385 1799 2422 tenebrosa

483 2459 581 2496 aqua
615 2447 651 2482 in
685 2448 844 2483 nubibus
875 2447 990 2483 aeris.
1025 2447 1155 2482 Nubes
1177 2453 1304 2481 autem
1338 2457 1408 2494 que
1440 2457 1461 2480 a
1486 2444 1633 2493 Spiritu
1657 2443 1798 2479 Sancto

483 2505 703 2540 excitantur
735 2505 939 2541 candidam
973 2504 1144 2540 baiulant
1176 2515 1329 2552 aquam,
1370 2503 1410 2537 id
1438 2510 1507 2548 est,
1559 2508 1731 2537 sanctam
1764 2507 1800 2536 et

554 2715 574 2735 1.
598 2708 635 2734 13:
657 2707 806 2743 insipiens
824 2707 883 2734 vir.
957 2714 995 2741 ¹7-
1017 2708 1061 2733 A:
1082 2706 1208 2742 dogma.
1283 2704 1323 2739 18,
1345 2712 1386 2739 19.
1409 2704 1447 2731 ss:
1468 2707 1497 2731 et
1516 2703 1618 2731 modo.
1688 2709 1730 2737 19.
1752 2703 1797 2730 A:

474 2741 614 2779 faciunt.
688 2750 728 2769 21.
745 2744 787 2769 A:
810 2740 994 2768 assimilant.
1067 2748 1114 2778 34.
1136 2742 1179 2768 A:
1196 2739 1414 2767 indissolubilis
1434 2742 1488 2766 est.
1561 2738 1607 2765 30.
1629 2738 1671 2765 A:
1688 2737 1799 2764 tollen-

484 2777 563 2805 dum.
638 2775 683 2810 34.
706 2777 745 2804 B:
767 2776 845 2803 illud
862 2784 966 2811 super.
1041 2774 1086 2802 30.
1109 2776 1153 2803 A:
1182 2778 1253 2802 sunt
1272 2775 1366 2802 deest.

556 2861 609 2893 30.
636 2861 677 2892 Is.
704 2861 745 2901 V,
772 2860 803 2892 6.
900 2858 952 2893 36.
981 2859 1107 2891 Psalm.
1135 2859 1237 2898 XVII,
1269 2868 1318 2889 12.
