2003 3322
213 203 302 231 cAP.
324 192 407 245 LXI}
730 205 869 235 PRIMA
897 205 1023 236 PARS.

212 311 421 348 nobiscum
457 311 786 347 conversantibus
821 312 967 347 habere
1000 324 1213 358 possumus
1248 312 1521 348 coniecturam

211 371 272 407 vel
317 368 639 417 supposicionem
675 368 925 416 probabilem
960 370 1068 416 quod
1109 378 1200 405 sunt
1239 369 1279 405 in
1318 372 1522 417 peccando

213 436 378 476 peccato
424 428 473 463 ad
519 435 688 463 mortem
734 427 794 463 vel
840 436 1006 474 peccato
1050 427 1179 463 finalis
1226 426 1521 475 impenitencie⁷

212 487 375 534 quando
407 484 588 521 videmus
633 484 842 520 manifeste
876 486 982 532 quod
1028 485 1067 520 in
1111 493 1276 532 peccato
1318 498 1390 521 suo
1430 498 1522 522 con-

179 546 195 577 5
211 544 369 580 tinuant
391 551 427 579 et
452 555 522 590 per
544 551 702 590 tempus
726 542 902 579 notabile
935 555 1014 579 non
1038 542 1247 579 desistunt.
1281 544 1358 579 Ista
1387 552 1521 579 tamen

212 601 361 638 noticia
394 609 450 637 est
482 599 712 648 supposicio
746 600 963 648 probabilis
997 600 1097 636 citra
1130 600 1264 636 fidem.

270 660 383 696 Unde
405 657 549 695 diversi
564 657 718 694 variant
743 658 781 693 in
807 657 948 694 mediis
971 658 1089 694 istam
1108 658 1298 695 noticiam
1319 658 1522 695 coniectu-

212 718 351 753 rando.
384 716 550 752 Videtur
583 724 714 752 autem
749 715 1179 763 Augustinus-sentire
1213 717 1320 764 quod
1355 725 1411 752 est
1446 717 1521 753 evi-

212 774 352 811 dencia
376 775 423 810 de
454 775 529 810 hoc
562 782 741 821 peccato,
776 775 843 810 sed
868 786 947 810 non
971 773 1229 810 convertibile
1263 775 1518 821 antecedens,

160 833 319 881 1oquod
351 832 416 868 ille
440 840 579 880 peccat
602 840 771 879 peccato
805 831 934 867 finalis
967 831 1250 879 impenitencie
1273 832 1333 869 vel
1356 841 1522 880 peccato

211 902 335 938 usque
369 891 418 926 ad
443 898 613 926 mortem
638 889 704 937 qui
729 891 932 937 quondam
966 889 1039 925 fuit
1071 889 1111 925 in
1135 890 1269 938 gracia
1301 892 1520 926 secundum

213 956 435 996 presentem
471 947 671 983 iusticiam
707 956 743 983 et
766 956 855 995 post
878 959 1085 995 perversus
1109 947 1257 984 invidet
1280 947 1520 994 christianis,

210 1015 253 1042 ut
285 1005 441 1041 videtur
475 1006 522 1041 de
556 1005 752 1051 Scarioth‚
793 1006 840 1041 de
872 1005 1098 1042 Alexandro
1132 1006 1273 1042 Erario
1313 1014 1350 1042 et
1389 1007 1523 1043 multis

210 1063 420 1099 similibus.
445 1065 494 1099 Et
518 1063 593 1099 hoc
615 1062 772 1099 videtur
785 1063 1026 1112 Apostolum
1050 1063 1196 1100 sentire
1220 1065 1319 1100 Heb.
1336 1065 1386 1100 VI
1412 1069 1521 1112 cap0.

159 1123 193 1155 15
212 1122 373 1169 quando
408 1120 504 1157 dicit
536 1121 768 1170 impossibile
800 1128 855 1157 est
887 1133 949 1157 eos
972 1121 1036 1170 qui
1056 1122 1176 1157 semel
1196 1129 1283 1157 sunt
1305 1122 1522 1168 illuminati,

208 1185 465 1230 gustaverunt
516 1179 633 1214 eciam
688 1180 829 1215 donum
881 1179 1017 1215 celeste
1068 1187 1103 1215 et
1158 1180 1373 1228 participes
1416 1181 1524 1229 facti

209 1244 295 1273 sunt
327 1237 494 1285 Spiritus
517 1237 659 1283 Sancti,
690 1244 948 1287 gustaverunt
979 1237 1246 1273 nichilominus
1278 1238 1415 1274 bonum
1448 1239 1524 1274 Dei

213 1295 369 1331 verbum
397 1295 558 1330 virtutes
581 1307 651 1343 que
679 1295 831 1330 venturi
860 1295 978 1330 seculi
999 1302 1034 1331 et
1051 1295 1234 1344 prolapsi
1253 1303 1353 1342 sunt,
1385 1309 1523 1332 rursus

212 1353 395 1389 renovari
444 1353 496 1387 ad
542 1353 810 1401 penitenciam,
856 1365 1012 1389 rursum
1060 1353 1331 1404 crucifigentes
1374 1354 1523 1390 sibimet

155 1424 196 1444 20
210 1411 302 1460 ipsis
321 1410 453 1460 filium
487 1410 564 1445 Dei
593 1418 627 1446 et
659 1411 822 1446 ostentui
853 1411 1042 1446 habentes.
1086 1413 1134 1446 Et
1167 1410 1207 1446 in
1240 1411 1316 1447 ista
1350 1411 1522 1448 auctori-

211 1477 292 1504 tate
315 1467 471 1504 videtur
495 1468 631 1504 multis
655 1470 763 1516 quod
797 1468 853 1504 rei
886 1477 976 1504 sunt
1008 1468 1072 1504 isti
1096 1468 1187 1505 novi
1220 1469 1393 1516 ordines,
1428 1469 1522 1517 quia

210 1527 414 1574 quondam
449 1534 665 1573 antequam
699 1526 787 1562 illos
810 1526 1071 1572 intraverant,
1105 1536 1367 1575 perceperant
1391 1540 1412 1563 a
1439 1530 1521 1564 Deo

210 1583 319 1620 varia
352 1583 567 1620 carismata
599 1592 635 1620 et
669 1585 927 1631 postmodum
961 1583 1116 1632 ingrate
1155 1585 1343 1621 deserunt
1372 1594 1519 1622 sectam

211 1641 372 1687 Christi,
419 1642 536 1677 stulte
581 1650 731 1678 sectam
765 1642 883 1678 aliam
923 1642 1132 1678 induentes
1166 1655 1211 1678 ac
1243 1643 1274 1678 si
1307 1642 1522 1679 innuerent

154 1704 193 1734 25
210 1701 317 1747 quod
338 1707 444 1735 secta
467 1698 613 1735 Christi
637 1708 673 1735 et
694 1712 764 1736 sua
788 1699 927 1748 religio
949 1712 1030 1736 non
1054 1700 1257 1736 sufficiunt
1281 1700 1520 1748 christianis,

210 1770 299 1793 cum
333 1769 494 1793 necesse
526 1757 575 1793 sit
604 1770 676 1805 pro
700 1757 926 1794 salvacione
951 1770 1087 1794 eorum
1114 1759 1186 1794 hos
1210 1758 1372 1795 ordines
1396 1772 1519 1796 novos

210 1823 403 1861 statuere3
438 1823 474 1851 et
507 1815 561 1851 sic
594 1824 753 1863 oportet
782 1815 985 1852 Christum
1020 1815 1165 1852 iterum
1200 1816 1392 1864 crucifigi,
1427 1817 1521 1866 quia

209 1872 435 1909 conversari
478 1871 519 1908 in
563 1872 678 1909 terris
723 1882 759 1909 et
798 1873 985 1910 ordinare
1018 1887 1091 1922 pro
1130 1874 1208 1910 illis
1249 1883 1398 1911 sectam
1432 1887 1520 1923 per-

209 1930 420 1967 fecciorem
455 1939 604 1967 statum
628 1931 891 1979 perfeccionis
925 1940 962 1968 et
995 1932 1254 1968 beatitudinis
1288 1932 1520 1969 distinccius

153 1995 194 2027 30
209 1997 489 2024 ostentantem.
532 1988 597 2025 Isti
631 1997 763 2025 autem
799 1989 1012 2037 imponunt
1043 1989 1237 2038 implicite
1270 1990 1429 2027 Christo
1462 1990 1519 2026 in-

208 2045 494 2082 sufficienciam
529 2055 565 2082 et
598 2055 821 2094 peccatum.
876 2049 962 2084 Hoc
1001 2056 1132 2084 autem
1180 2056 1236 2084 est
1272 2048 1518 2096 ingratitudo

210 2103 383 2140 maxima
415 2112 451 2140 et
484 2104 730 2152 blasphema.

267 2163 315 2197 Et
351 2161 507 2198 videtur
552 2162 687 2198 multis
731 2164 840 2210 quod
885 2172 975 2199 sunt
1020 2163 1060 2200 in
1100 2163 1168 2199 illo
1208 2163 1417 2211 proposito
1462 2163 1519 2199 in—

210 2219 355 2265 durati,
402 2228 439 2255 et
477 2219 568 2256 hinc
601 2219 899 2268 parvipendunt
938 2230 974 2256 et
1014 2221 1155 2257 odiunt
1187 2230 1337 2257 sectam
1372 2220 1519 2258 Christi

153 2283 191 2316 35
209 2286 245 2313 et
263 2285 389 2313 sectas
405 2277 502 2314 alias
522 2289 611 2314 cum
636 2278 689 2314 eis
712 2278 865 2315 noviter
888 2278 1149 2325 introductas,
1174 2292 1220 2315 ac
1237 2279 1268 2315 si
1285 2289 1517 2327 arguerent:

208 2337 288 2371 Nos
311 2336 569 2372 observamus
595 2338 696 2372 hanc
715 2336 1047 2373 consuetudinem
1074 2336 1115 2373 in
1137 2337 1288 2382 habitu,
1314 2337 1353 2373 in
1377 2337 1518 2373 ritibus

210 2401 246 2428 et
286 2393 326 2428 in
364 2393 462 2439 vita3
511 2402 547 2429 et
591 2406 671 2430 non
718 2403 773 2430 est
812 2394 921 2430 racio
955 2394 1051 2442 quin
1095 2395 1276 2431 homines
1315 2396 1362 2431 de
1401 2395 1518 2431 sectis

209 2450 296 2486 aliis
329 2452 497 2487 eandem
532 2451 863 2488 consuetudinem
897 2453 1167 2488 observarent.
1202 2453 1293 2489 Ideo
1326 2452 1401 2501 ipsi
1427 2462 1519 2489 sunt

210 2509 520 2556 contempnendi
553 2518 595 2545 ut
628 2511 854 2546 deserentes
887 2518 1037 2546 sectam
1075 2511 1135 2546 vel
1174 2511 1314 2547 saltem
1357 2511 1516 2547 facilem

149 2582 194 2613 40
208 2565 311 2602 viam
345 2566 504 2603 Christi.
539 2569 581 2603 In
614 2567 683 2604 tali
717 2567 980 2604 contencione
1019 2577 1110 2604 sunt
1142 2568 1286 2616 singuli
1320 2570 1367 2605 de
1400 2569 1516 2605 sectis

278 2754 319 2780 14.
340 2747 369 2773 A
388 2746 418 2773 in
438 2755 553 2781 marg:
574 2747 650 2774 Heb.
677 2746 720 2775 VI.
793 2746 838 2774 36.
861 2748 898 2774 B:
919 2750 950 2775 et
967 2748 1076 2775 ritibis.

281 2828 331 2858 14·
358 2818 460 2849 Hebr.
487 2819 543 2858 VI,
568 2818 671 2859 4—6.

1733 207 1808 233 22³

1566 667 1723 703 Difficulty
1744 668 1779 694 of

1554 703 1699 737 lmowing
1722 703 1790 729 who

1567 737 1614 776 ‚is
1635 737 1663 764 in
1676 738 1754 776 *final

1566 777 1782 807 unpenltcnce.

1577 1419 1673 1447 Some
1694 1420 1781 1447 think

1539 1454 1587 1480 llic
1608 1462 1673 1480 new
1696 1455 1803 1482 orders

1537 1497 1588 1515 ure
1609 1489 1680 1516 thus
1705 1490 1812 1525 guilty.

1551 2171 1652 2198 These
1673 2171 1781 2198 orders

1552 2205 1630 2232 wisli
1652 2210 1682 2232 to
1703 2207 1791 2233 make

1582 2241 1659 2267 their
1681 2241 1761 2267 rules

1553 2275 1680 2309 binding
1701 2276 1797 2303 above

1563 2309 1695 2338 Christ's
1716 2311 1784 2337 law.
